2007.09.12 09:00:00.601,1.65745,1.6579,0.20,18.30
2007.09.12 09:00:01.122,1.65745,1.6579,0.20,8.80
2007.09.12 09:00:01.294,1.6574,1.6577,2.50,9.50
2007.09.12 09:00:01.448,1.65735,1.6577,0.20,9.50
2007.09.12 09:00:01.643,1.6574,1.6578,0.20,2.40
2007.09.12 09:00:01.769,1.65745,1.6578,0.20,2.40
2007.09.12 09:00:03.775,1.65745,1.6578,0.20,7.20
2007.09.12 09:00:04.001,1.65745,1.6578,0.20,2.40
2007.09.12 09:00:04.596,1.65745,1.6578,0.20,7.20
2007.09.12 09:00:04.884,1.65745,1.6578,0.20,8.80
2007.09.12 09:00:04.968,1.65745,1.6578,0.20,7.20
2007.09.12 09:00:05.035,1.65745,1.6578,0.20,2.40
2007.09.12 09:00:05.063,1.65745,1.6578,0.20,4.00
2007.09.12 09:00:05.687,1.65745,1.6577,0.20,2.40
2007.09.12 09:00:05.717,1.65735,1.6577,0.20,2.40
2007.09.12 09:00:06.713,1.65735,1.6577,0.20,4.00
2007.09.12 09:00:06.734,1.65725,1.65765,0.20,4.80
2007.09.12 09:00:06.926,1.65725,1.6576,0.20,2.40
2007.09.12 09:00:09.628,1.65725,1.6575,0.20,2.40
2007.09.12 09:00:09.738,1.65715,1.6575,0.20,2.40
2007.09.12 09:00:10.880,1.65715,1.6576,0.20,8.80
2007.09.12 09:00:11.077,1.6572,1.6576,2.50,4.80
2007.09.12 09:00:11.184,1.6572,1.6576,3.30,4.80
2007.09.12 09:00:11.218,1.65725,1.6577,0.20,19.10
2007.09.12 09:00:22.998,1.65725,1.65765,0.20,4.80
2007.09.12 09:00:23.084,1.65725,1.6576,0.20,2.40
2007.09.12 09:00:26.712,1.6573,1.65765,0.20,4.80
2007.09.12 09:00:26.845,1.65735,1.6579,0.20,10.30
2007.09.12 09:00:27.658,1.65735,1.658,0.20,15.90
2007.09.12 09:00:30.079,1.65735,1.6577,0.20,8.80
2007.09.12 09:00:30.412,1.6573,1.6577,0.20,18.30
2007.09.12 09:00:30.538,1.6573,1.6576,0.20,0.50
2007.09.12 09:00:30.615,1.65725,1.65765,0.20,7.20
2007.09.12 09:00:30.939,1.65725,1.6577,0.20,19.10
2007.09.12 09:00:31.003,1.65725,1.6578,0.20,24.70
2007.09.12 09:00:31.718,1.65725,1.6577,0.20,19.10
2007.09.12 09:00:31.773,1.65725,1.65765,0.20,7.20
2007.09.12 09:00:37.253,1.65735,1.6577,0.20,19.10
2007.09.12 09:00:37.571,1.65735,1.658,0.20,15.90
2007.09.12 09:00:40.022,1.6573,1.65765,0.20,0.60
2007.09.12 09:00:40.173,1.6572,1.6576,0.40,0.90
2007.09.12 09:00:40.475,1.6572,1.6576,0.40,4.00
2007.09.12 09:00:41.095,1.6573,1.6575,9.50,0.80
2007.09.12 09:00:41.212,1.6573,1.6577,9.50,7.20
2007.09.12 09:00:41.413,1.6574,1.6576,0.20,0.90
2007.09.12 09:00:41.468,1.6574,1.6578,0.40,9.60
2007.09.12 09:00:42.245,1.6573,1.65765,0.80,0.90
2007.09.12 09:00:42.274,1.6573,1.65765,0.90,0.70
2007.09.12 09:00:42.413,1.6573,1.6576,0.20,0.50
2007.09.12 09:00:42.524,1.6571,1.65765,14.30,8.80
2007.09.12 09:00:42.750,1.6573,1.65765,0.20,7.20
2007.09.12 09:00:42.855,1.6572,1.65765,0.40,7.20
2007.09.12 09:00:43.378,1.6572,1.6576,0.40,0.70
2007.09.12 09:00:43.563,1.6572,1.65765,0.20,8.80
2007.09.12 09:00:43.670,1.6572,1.6575,0.20,0.70
2007.09.12 09:00:44.899,1.6572,1.6577,0.40,21.50
2007.09.12 09:00:45.119,1.6572,1.6576,0.20,8.80
2007.09.12 09:00:45.880,1.6572,1.65765,0.40,19.10
2007.09.12 09:00:46.894,1.6572,1.6575,0.40,0.50
2007.09.12 09:00:47.618,1.6572,1.65765,0.40,7.20
2007.09.12 09:00:51.621,1.65735,1.6576,0.20,0.70
2007.09.12 09:00:52.546,1.65745,1.6577,0.20,6.40
2007.09.12 09:00:52.596,1.65745,1.6577,0.20,0.60
2007.09.12 09:00:53.210,1.65745,1.6577,0.20,6.40
2007.09.12 09:00:53.728,1.65745,1.6577,0.20,0.70
2007.09.12 09:00:53.812,1.65735,1.65775,0.20,11.20
2007.09.12 09:00:53.931,1.65735,1.65775,0.20,8.80
2007.09.12 09:00:54.578,1.6574,1.65775,0.90,7.20
2007.09.12 09:00:55.405,1.65735,1.6577,0.20,0.50
2007.09.12 09:00:55.462,1.65735,1.65775,0.20,7.20
2007.09.12 09:00:56.137,1.6573,1.65765,3.40,4.80
2007.09.12 09:00:56.718,1.6573,1.65765,1.60,4.80
2007.09.12 09:00:57.369,1.65725,1.6576,1.10,2.40
2007.09.12 09:00:57.452,1.65725,1.6576,0.20,2.40
2007.09.12 09:00:58.226,1.6572,1.65755,0.90,4.80
2007.09.12 09:00:59.351,1.6571,1.65755,10.80,4.80
2007.09.12 09:00:59.425,1.657,1.65755,7.60,4.80
2007.09.12 09:00:59.633,1.6571,1.6575,0.90,2.40
2007.09.12 09:01:13.251,1.657,1.6575,7.40,2.40
2007.09.12 09:01:13.271,1.657,1.6575,7.50,7.20
2007.09.12 09:01:14.904,1.657,1.6574,2.80,11.90
2007.09.12 09:01:14.922,1.6569,1.6574,12.40,11.90
2007.09.12 09:01:15.207,1.6571,1.6574,0.20,11.90
2007.09.12 09:01:16.507,1.657,1.6575,10.00,2.40
2007.09.12 09:01:16.694,1.657,1.6575,19.50,2.40
2007.09.12 09:01:16.807,1.657,1.6575,22.70,2.40
2007.09.12 09:01:16.846,1.6571,1.6575,10.70,2.40
2007.09.12 09:01:16.904,1.6571,1.6576,13.10,4.80
2007.09.12 09:01:20.520,1.6572,1.6576,0.40,14.30
2007.09.12 09:01:20.583,1.6571,1.6576,3.50,19.10
2007.09.12 09:01:20.725,1.6571,1.6575,1.10,2.40
2007.09.12 09:01:21.044,1.6571,1.6575,0.40,2.40
2007.09.12 09:01:44.742,1.6571,1.6575,0.40,2.40
2007.09.12 09:01:48.804,1.6571,1.6575,0.40,3.20
2007.09.12 09:01:48.899,1.6571,1.6574,0.40,2.40
2007.09.12 09:01:48.996,1.6569,1.6574,21.50,2.40
2007.09.12 09:01:49.100,1.6571,1.6574,0.20,2.40
2007.09.12 09:01:49.366,1.657,1.6574,0.40,2.40
2007.09.12 09:01:51.799,1.657,1.6574,1.10,2.40
2007.09.12 09:01:51.891,1.657,1.6575,5.10,7.20
2007.09.12 09:01:52.000,1.6571,1.6575,0.20,7.20
2007.09.12 09:01:52.023,1.6571,1.6575,0.40,2.40
2007.09.12 09:01:59.224,1.657,1.6575,10.00,2.40
2007.09.12 09:02:08.250,1.6571,1.6575,2.30,2.40
2007.09.12 09:02:08.340,1.657,1.6576,19.50,10.40
2007.09.12 09:02:08.399,1.6572,1.6576,0.20,5.60
2007.09.12 09:02:08.662,1.6572,1.6576,0.40,4.80
2007.09.12 09:02:22.449,1.6572,1.6576,0.20,9.60
2007.09.12 09:02:22.805,1.6571,1.6576,3.50,19.10
2007.09.12 09:02:22.856,1.6571,1.6575,1.10,2.40
2007.09.12 09:02:22.962,1.657,1.6575,13.10,2.40
2007.09.12 09:02:23.063,1.6571,1.6575,0.40,2.40
2007.09.12 09:02:24.421,1.6571,1.6576,0.40,21.50
2007.09.12 09:02:24.720,1.657,1.6576,19.50,12.00
2007.09.12 09:02:24.842,1.6571,1.6576,14.70,9.60
2007.09.12 09:02:25.590,1.6572,1.6576,0.40,4.80
2007.09.12 09:02:26.243,1.6571,1.6576,3.60,14.30
2007.09.12 09:02:26.291,1.6572,1.6576,0.20,14.30
2007.09.12 09:02:26.361,1.65705,1.6576,5.00,16.70
2007.09.12 09:02:26.606,1.6571,1.6576,0.40,21.50
2007.09.12 09:02:27.187,1.6571,1.6575,0.40,2.40
2007.09.12 09:02:27.282,1.6571,1.6575,0.20,3.20
2007.09.12 09:02:27.315,1.657,1.6575,4.30,8.00
2007.09.12 09:02:27.399,1.657,1.6574,0.40,2.40
2007.09.12 09:02:28.954,1.657,1.6575,0.40,9.60
2007.09.12 09:02:29.572,1.6571,1.6575,0.20,8.80
2007.09.12 09:02:29.654,1.6571,1.6575,0.40,4.00
2007.09.12 09:02:29.687,1.6571,1.6575,0.40,2.40
2007.09.12 09:02:30.181,1.6571,1.6575,5.10,2.40
2007.09.12 09:02:30.194,1.6571,1.6576,18.70,5.60
2007.09.12 09:02:30.432,1.6572,1.6576,0.20,5.60
2007.09.12 09:02:30.521,1.6572,1.6576,0.40,4.80
2007.09.12 09:02:35.390,1.6572,1.6576,0.20,5.60
2007.09.12 09:02:35.423,1.65715,1.65755,0.20,4.80
2007.09.12 09:02:35.481,1.65715,1.6575,0.20,2.40
2007.09.12 09:02:38.540,1.6571,1.6575,0.40,2.40
2007.09.12 09:02:43.158,1.65715,1.6575,0.20,4.00
2007.09.12 09:02:44.149,1.6571,1.6575,0.40,8.80
2007.09.12 09:02:44.471,1.6571,1.6575,0.20,8.80
2007.09.12 09:02:44.799,1.657,1.65745,3.50,4.80
2007.09.12 09:02:44.907,1.6569,1.65745,17.00,4.80
2007.09.12 09:02:45.003,1.6569,1.6574,7.50,9.50
2007.09.12 09:02:45.536,1.6569,1.6574,5.80,11.90
2007.09.12 09:02:46.458,1.657,1.6574,0.20,13.50
2007.09.12 09:02:46.979,1.657,1.6574,0.40,13.50
2007.09.12 09:02:48.440,1.6569,1.6574,7.60,11.90
2007.09.12 09:02:50.377,1.657,1.6575,0.50,8.80
2007.09.12 09:02:50.652,1.65695,1.6575,7.50,4.00
2007.09.12 09:02:50.802,1.6571,1.6575,0.20,4.00
2007.09.12 09:02:50.956,1.6571,1.6575,0.40,4.00
2007.09.12 09:02:51.325,1.65715,1.6575,0.20,2.40
2007.09.12 09:02:51.600,1.65725,1.6575,0.20,2.40
2007.09.12 09:02:52.858,1.65725,1.6576,0.20,4.80
2007.09.12 09:02:53.967,1.6572,1.6576,0.40,9.60
2007.09.12 09:02:54.691,1.65725,1.6576,0.20,4.80
2007.09.12 09:02:55.576,1.6572,1.6576,0.40,6.40
2007.09.12 09:02:56.483,1.65725,1.6576,0.20,4.00
2007.09.12 09:02:56.606,1.65725,1.65765,0.40,4.80
2007.09.12 09:02:56.821,1.65725,1.6577,0.40,8.80
2007.09.12 09:02:56.879,1.65735,1.6577,0.20,8.80
2007.09.12 09:02:57.255,1.65735,1.65765,0.20,4.80
2007.09.12 09:02:57.618,1.6573,1.6576,0.40,2.40
2007.09.12 09:03:01.316,1.6573,1.6576,0.40,2.40
2007.09.12 09:03:01.898,1.65745,1.6577,0.20,2.40
2007.09.12 09:03:05.526,1.65745,1.6577,0.20,4.00
2007.09.12 09:03:06.962,1.6574,1.6577,0.40,2.40
2007.09.12 09:03:15.543,1.65745,1.6578,0.20,11.20
2007.09.12 09:03:16.267,1.65745,1.6578,0.20,0.80
2007.09.12 09:03:18.977,1.65745,1.6579,0.20,21.50
2007.09.12 09:03:19.283,1.6573,1.6578,1.10,20.70
2007.09.12 09:03:19.524,1.6573,1.6578,0.40,21.50
2007.09.12 09:03:19.703,1.6573,1.6577,0.40,0.80
2007.09.12 09:03:19.731,1.6573,1.6578,0.40,21.50
2007.09.12 09:03:21.653,1.6573,1.6577,0.40,0.90
2007.09.12 09:03:21.947,1.6573,1.65775,0.40,7.20
2007.09.12 09:03:22.601,1.6573,1.6578,0.40,11.20
2007.09.12 09:03:23.116,1.6573,1.6578,0.40,21.50
2007.09.12 09:03:23.181,1.65745,1.6577,0.20,0.70
2007.09.12 09:03:23.524,1.65745,1.6577,0.20,0.50
2007.09.12 09:03:24.283,1.65745,1.6579,0.20,12.00
2007.09.12 09:03:25.178,1.6574,1.6577,0.20,0.70
2007.09.12 09:03:25.389,1.6574,1.6578,0.20,11.20
2007.09.12 09:03:25.759,1.6574,1.6577,0.20,0.60
2007.09.12 09:03:26.028,1.6573,1.6577,0.40,0.90
2007.09.12 09:03:27.856,1.6573,1.6577,0.40,0.50
2007.09.12 09:03:29.248,1.6573,1.6577,0.40,0.80
2007.09.12 09:03:31.860,1.6573,1.65775,2.80,0.90
2007.09.12 09:03:32.014,1.6573,1.6579,3.60,19.10
2007.09.12 09:03:32.228,1.6573,1.6579,6.00,19.10
2007.09.12 09:03:32.275,1.6573,1.6578,6.00,0.60
2007.09.12 09:03:34.781,1.6573,1.65785,5.80,16.70
2007.09.12 09:03:35.075,1.6573,1.6578,5.60,0.70
2007.09.12 09:03:35.346,1.6576,1.6578,0.20,0.50
2007.09.12 09:03:35.405,1.6576,1.6578,0.20,0.80
2007.09.12 09:03:35.869,1.6576,1.6579,0.40,4.00
2007.09.12 09:03:36.128,1.6576,1.6579,0.40,0.80
2007.09.12 09:03:36.336,1.6576,1.658,0.40,0.90
2007.09.12 09:03:36.470,1.6576,1.65805,0.40,9.60
2007.09.12 09:03:36.562,1.6576,1.658,2.70,0.60
2007.09.12 09:03:39.244,1.6576,1.65805,0.40,9.60
2007.09.12 09:03:41.153,1.6576,1.65805,0.20,9.60
2007.09.12 09:03:41.883,1.6576,1.658,0.20,9.60
2007.09.12 09:03:42.155,1.6574,1.65795,3.20,7.20
2007.09.12 09:03:42.258,1.6575,1.65795,0.10,7.20
2007.09.12 09:03:42.462,1.6576,1.65795,0.10,7.20
2007.09.12 09:03:42.791,1.6576,1.65805,0.10,9.60
2007.09.12 09:03:45.449,1.6576,1.6578,0.10,12.70
2007.09.12 09:03:45.576,1.65745,1.6577,4.80,2.40
2007.09.12 09:03:45.661,1.6572,1.6577,4.80,2.40
2007.09.12 09:03:45.702,1.6572,1.6577,9.60,2.40
2007.09.12 09:03:45.774,1.6573,1.6577,0.10,2.40
2007.09.12 09:03:53.429,1.6573,1.6578,2.50,21.50
2007.09.12 09:04:01.624,1.6573,1.6578,7.30,16.70
2007.09.12 09:04:01.834,1.6573,1.6578,9.80,14.30
2007.09.12 09:04:02.480,1.6573,1.6578,9.80,4.80
2007.09.12 09:04:02.497,1.6574,1.6578,0.10,4.80
2007.09.12 09:04:02.543,1.6574,1.6578,0.90,4.00
2007.09.12 09:04:02.909,1.6574,1.6579,3.30,16.70
2007.09.12 09:04:04.124,1.6574,1.6579,0.90,16.70
2007.09.12 09:04:04.343,1.6574,1.6579,0.10,16.70
2007.09.12 09:04:04.377,1.6574,1.6579,0.10,21.50
2007.09.12 09:04:05.067,1.6574,1.6578,0.10,2.40
2007.09.12 09:04:06.992,1.6573,1.6578,9.80,14.30
2007.09.12 09:04:07.248,1.6573,1.6578,5.00,14.30
2007.09.12 09:04:07.889,1.6573,1.6578,5.00,19.10
2007.09.12 09:04:08.721,1.6573,1.6578,5.00,14.30
2007.09.12 09:04:08.934,1.6573,1.6578,5.00,12.70
2007.09.12 09:04:11.654,1.6573,1.6578,6.60,12.70
2007.09.12 09:04:14.298,1.6573,1.6578,5.00,12.70
2007.09.12 09:04:17.117,1.6573,1.6578,5.10,12.70
2007.09.12 09:04:19.638,1.6573,1.65785,5.10,17.50
2007.09.12 09:04:23.953,1.6573,1.65785,14.70,8.00
2007.09.12 09:04:24.047,1.6574,1.6579,2.50,12.00
2007.09.12 09:04:24.073,1.6574,1.658,2.70,24.70
2007.09.12 09:04:34.697,1.6574,1.6579,0.40,12.00
2007.09.12 09:04:45.776,1.6574,1.6578,0.20,0.50
2007.09.12 09:04:45.881,1.6574,1.6578,0.40,0.50
2007.09.12 09:04:51.813,1.6574,1.6578,0.20,2.40
2007.09.12 09:04:52.111,1.6574,1.6578,0.40,2.40
2007.09.12 09:05:03.013,1.6574,1.6578,0.40,13.50
2007.09.12 09:05:03.132,1.6574,1.6578,0.20,14.30
2007.09.12 09:05:03.147,1.6573,1.6578,5.20,14.30
2007.09.12 09:05:09.474,1.6574,1.6578,0.20,14.30
2007.09.12 09:05:09.523,1.6574,1.6578,0.40,4.00
2007.09.12 09:05:09.982,1.6574,1.6578,0.40,2.40
2007.09.12 09:05:45.849,1.6574,1.6578,0.20,2.40
2007.09.12 09:05:47.004,1.6574,1.6578,0.40,2.40
2007.09.12 09:06:06.174,1.6574,1.6579,2.70,7.20
2007.09.12 09:06:07.776,1.6575,1.6579,2.60,4.80
2007.09.12 09:06:07.851,1.6575,1.6579,2.80,4.80
2007.09.12 09:06:08.190,1.6575,1.6579,2.80,4.00
2007.09.12 09:06:08.395,1.6575,1.6579,2.80,2.40
2007.09.12 09:06:18.847,1.6575,1.6579,2.80,4.00
2007.09.12 09:06:19.151,1.6575,1.6579,2.80,2.40
2007.09.12 09:06:21.513,1.6575,1.658,2.80,19.10
2007.09.12 09:06:22.974,1.6576,1.658,0.70,19.10
2007.09.12 09:06:23.037,1.6576,1.658,1.40,19.10
2007.09.12 09:06:29.782,1.6576,1.6579,1.40,4.00
2007.09.12 09:06:29.859,1.6576,1.6578,0.70,0.50
2007.09.12 09:06:29.871,1.6573,1.6578,19.10,0.50
2007.09.12 09:06:31.859,1.6576,1.658,0.70,19.10
2007.09.12 09:06:31.914,1.6576,1.658,1.40,19.10
2007.09.12 09:06:34.100,1.6576,1.65805,1.40,19.10
2007.09.12 09:06:35.332,1.6576,1.658,1.40,0.90
2007.09.12 09:06:35.602,1.6576,1.658,1.40,0.80
2007.09.12 09:06:36.173,1.6574,1.658,8.80,21.50
2007.09.12 09:06:36.535,1.6574,1.6579,9.50,12.70
2007.09.12 09:06:36.705,1.65745,1.6578,0.70,0.80
2007.09.12 09:06:37.607,1.6574,1.6578,3.10,0.70
2007.09.12 09:06:37.669,1.65735,1.6578,0.70,0.90
2007.09.12 09:06:41.768,1.65735,1.6578,0.70,0.60
2007.09.12 09:06:42.125,1.65735,1.6578,0.70,0.70
2007.09.12 09:06:57.266,1.65745,1.6578,0.70,0.60
2007.09.12 09:06:57.348,1.65745,1.6579,0.70,24.70
2007.09.12 09:06:57.453,1.65745,1.6578,0.70,0.70
2007.09.12 09:07:02.413,1.6575,1.6579,0.70,0.80
2007.09.12 09:07:02.594,1.65755,1.658,0.70,21.50
2007.09.12 09:07:02.735,1.65755,1.658,0.70,19.10
2007.09.12 09:07:06.305,1.65755,1.6579,0.70,15.90
2007.09.12 09:07:06.437,1.65745,1.6578,0.70,0.80
2007.09.12 09:07:08.752,1.65745,1.65795,0.70,12.00
2007.09.12 09:07:08.958,1.6575,1.65795,0.70,11.20
2007.09.12 09:07:08.984,1.65755,1.6579,0.70,0.70
2007.09.12 09:07:09.063,1.65755,1.658,0.70,21.50
2007.09.12 09:07:09.369,1.65755,1.658,0.70,19.10
2007.09.12 09:07:13.688,1.65755,1.6579,0.70,11.90
2007.09.12 09:07:13.822,1.6575,1.6579,0.70,16.70
2007.09.12 09:07:14.097,1.6574,1.6579,0.80,24.70
2007.09.12 09:07:14.212,1.65735,1.6579,0.70,26.30
2007.09.12 09:07:51.205,1.6573,1.6578,10.30,14.30
2007.09.12 09:07:51.549,1.6573,1.6578,19.90,4.00
2007.09.12 09:07:51.644,1.6573,1.6578,21.50,2.40
2007.09.12 09:07:51.745,1.6575,1.6578,1.40,2.40
2007.09.12 09:07:52.179,1.6575,1.6579,1.40,4.80
2007.09.12 09:07:52.782,1.6575,1.6579,1.40,9.60
2007.09.12 09:07:53.161,1.6575,1.6579,0.70,19.10
2007.09.12 09:07:53.256,1.65735,1.6578,0.70,11.90
2007.09.12 09:07:53.456,1.65735,1.6578,0.70,12.70
2007.09.12 09:07:53.775,1.65735,1.6578,0.70,14.30
2007.09.12 09:07:54.509,1.65735,1.6578,0.70,4.80
2007.09.12 09:07:54.609,1.65735,1.6578,0.70,4.00
2007.09.12 09:07:54.753,1.65735,1.6578,0.70,4.80
2007.09.12 09:07:55.043,1.65735,1.6578,0.70,18.30
2007.09.12 09:07:55.058,1.65735,1.6578,0.70,23.10
2007.09.12 09:07:55.249,1.65735,1.6577,0.70,2.40
2007.09.12 09:07:56.692,1.65735,1.6578,0.70,2.40
2007.09.12 09:07:56.798,1.65735,1.6578,0.70,11.90
2007.09.12 09:07:57.026,1.65735,1.6578,0.70,16.70
2007.09.12 09:07:57.129,1.65735,1.6577,0.70,2.40
2007.09.12 09:07:58.944,1.6573,1.6577,2.40,2.40
2007.09.12 09:08:01.532,1.6573,1.6576,2.40,9.50
2007.09.12 09:08:01.628,1.65725,1.6576,0.70,9.50
2007.09.12 09:08:03.833,1.65725,1.6576,0.70,11.90
2007.09.12 09:08:03.947,1.65725,1.6576,0.70,12.70
2007.09.12 09:08:04.307,1.65715,1.6576,0.70,12.70
2007.09.12 09:08:06.760,1.65715,1.6576,0.70,3.20
2007.09.12 09:08:07.072,1.6572,1.6576,2.40,0.80
2007.09.12 09:08:08.424,1.6572,1.6576,2.40,10.30
2007.09.12 09:08:08.512,1.65715,1.6576,0.70,12.70
2007.09.12 09:08:11.858,1.6573,1.6576,0.70,3.20
2007.09.12 09:08:11.969,1.6573,1.65765,0.70,4.80
2007.09.12 09:08:12.561,1.6573,1.6577,1.40,4.80
2007.09.12 09:08:14.869,1.6573,1.6576,0.70,10.30
2007.09.12 09:08:15.376,1.6572,1.6576,2.40,10.30
2007.09.12 09:08:15.862,1.65715,1.6576,0.70,12.70
2007.09.12 09:08:17.463,1.65715,1.6576,0.70,2.40
2007.09.12 09:08:17.882,1.6572,1.6577,2.40,19.10
2007.09.12 09:08:18.719,1.65715,1.6577,0.70,19.10
2007.09.12 09:08:20.406,1.65715,1.6576,0.70,12.70
2007.09.12 09:08:22.524,1.6573,1.6576,0.70,2.40
2007.09.12 09:08:22.790,1.6573,1.6576,1.40,2.40
2007.09.12 09:08:22.934,1.6573,1.6577,1.40,4.80
2007.09.12 09:08:23.544,1.6573,1.6577,1.40,3.20
2007.09.12 09:08:24.413,1.6573,1.6577,1.40,4.80
2007.09.12 09:08:27.034,1.6573,1.6577,1.40,3.20
2007.09.12 09:08:41.934,1.6573,1.6577,3.80,0.80
2007.09.12 09:08:42.048,1.6574,1.65775,0.70,4.80
2007.09.12 09:08:42.508,1.6574,1.6578,0.70,16.70
2007.09.12 09:08:43.321,1.6574,1.6578,1.40,16.70
2007.09.12 09:08:45.245,1.6573,1.6578,3.80,16.70
2007.09.12 09:08:47.234,1.6573,1.6578,3.10,16.70
2007.09.12 09:08:47.342,1.6574,1.6578,1.00,16.70
2007.09.12 09:08:49.099,1.6574,1.6578,0.70,15.90
2007.09.12 09:08:50.054,1.6573,1.6578,7.00,13.50
2007.09.12 09:08:50.139,1.6574,1.6578,0.70,11.90
2007.09.12 09:08:50.448,1.6574,1.6578,1.00,12.70
2007.09.12 09:08:50.563,1.6574,1.6578,0.70,14.30
2007.09.12 09:08:53.261,1.6574,1.6578,1.40,14.30
2007.09.12 09:08:53.476,1.6574,1.6578,1.40,4.80
2007.09.12 09:08:53.567,1.6574,1.6578,1.40,3.20
2007.09.12 09:08:54.241,1.6574,1.6579,4.60,21.50
2007.09.12 09:08:55.972,1.6575,1.65785,0.70,4.80
2007.09.12 09:08:57.801,1.6574,1.6578,1.40,10.30
2007.09.12 09:08:57.897,1.6573,1.6578,7.80,10.30
2007.09.12 09:08:59.354,1.6574,1.6578,0.60,12.70
2007.09.12 09:08:59.471,1.6574,1.6578,1.00,14.30
2007.09.12 09:09:08.771,1.6575,1.6578,0.70,14.30
2007.09.12 09:09:09.193,1.6572,1.6578,24.70,2.40
2007.09.12 09:09:14.949,1.6575,1.6578,1.40,2.40
2007.09.12 09:09:15.709,1.6576,1.6578,0.70,2.40
2007.09.12 09:09:16.880,1.6576,1.6579,1.40,4.80
2007.09.12 09:09:17.314,1.6576,1.6579,1.40,9.60
2007.09.12 09:09:17.656,1.6576,1.6579,0.70,9.60
2007.09.12 09:09:17.909,1.65765,1.6579,0.70,4.80
2007.09.12 09:09:18.028,1.65765,1.6579,0.70,6.40
2007.09.12 09:09:18.145,1.65765,1.6579,0.70,7.20
2007.09.12 09:09:18.190,1.6574,1.6579,7.20,7.20
2007.09.12 09:09:18.555,1.6576,1.6579,0.70,7.20
2007.09.12 09:09:18.767,1.6576,1.6579,0.70,4.80
2007.09.12 09:09:18.980,1.6576,1.6579,0.70,4.00
2007.09.12 09:09:19.068,1.6576,1.658,3.80,4.80
2007.09.12 09:09:19.181,1.6576,1.658,1.40,9.60
2007.09.12 09:09:19.385,1.6576,1.6579,1.40,2.40
2007.09.12 09:09:20.242,1.65765,1.6579,0.70,2.40
2007.09.12 09:09:20.322,1.65765,1.658,0.70,0.80
2007.09.12 09:09:20.537,1.65765,1.6581,0.70,12.00
2007.09.12 09:09:30.867,1.65765,1.658,0.70,4.80
2007.09.12 09:09:31.362,1.65765,1.6579,0.70,2.40
2007.09.12 09:09:35.812,1.6577,1.6579,0.70,2.40
2007.09.12 09:09:35.904,1.6577,1.658,0.70,8.80
2007.09.12 09:09:35.932,1.65775,1.658,0.70,8.80
2007.09.12 09:09:36.526,1.65775,1.658,0.70,4.00
2007.09.12 09:09:37.303,1.65775,1.658,0.70,8.80
2007.09.12 09:09:37.680,1.65775,1.658,0.70,9.60
2007.09.12 09:09:39.133,1.65775,1.6579,0.70,2.40
2007.09.12 09:09:42.456,1.6577,1.6579,1.40,2.40
2007.09.12 09:09:45.705,1.6576,1.6579,1.40,7.20
2007.09.12 09:09:46.152,1.65765,1.6579,1.40,2.40
2007.09.12 09:09:46.664,1.6576,1.6578,1.40,2.40
2007.09.12 09:09:47.051,1.6575,1.6579,3.10,2.40
2007.09.12 09:10:03.869,1.6578,1.6579,0.70,2.40
2007.09.12 09:10:04.151,1.65765,1.658,1.40,7.20
2007.09.12 09:10:04.389,1.6575,1.658,10.40,2.40
2007.09.12 09:10:06.744,1.65765,1.658,1.10,2.40
2007.09.12 09:10:06.992,1.65765,1.658,1.10,7.20
2007.09.12 09:10:07.550,1.6576,1.6579,0.60,4.80
2007.09.12 09:10:07.616,1.6576,1.6579,0.80,4.80
2007.09.12 09:10:07.734,1.6575,1.6579,11.10,4.80
2007.09.12 09:10:07.827,1.6575,1.6579,5.50,4.80
2007.09.12 09:10:07.959,1.6575,1.6578,3.10,2.40
2007.09.12 09:10:08.140,1.6576,1.6579,0.70,9.60
2007.09.12 09:10:09.938,1.6576,1.6579,0.70,8.80
2007.09.12 09:10:10.593,1.6576,1.6579,0.70,4.00
2007.09.12 09:10:11.163,1.6577,1.6579,0.40,4.00
2007.09.12 09:10:11.641,1.6578,1.6579,0.40,4.00
2007.09.12 09:10:12.037,1.6578,1.6579,0.70,4.00
2007.09.12 09:10:12.141,1.6576,1.6579,14.30,4.00
2007.09.12 09:10:12.246,1.6578,1.6579,0.70,2.40
2007.09.12 09:10:12.365,1.6578,1.6581,0.70,2.40
2007.09.12 09:10:13.299,1.6576,1.6581,8.80,4.80
2007.09.12 09:10:13.515,1.6576,1.6581,4.00,4.80
2007.09.12 09:10:14.929,1.6578,1.6581,0.40,4.80
2007.09.12 09:10:15.072,1.65765,1.6581,0.40,7.20
2007.09.12 09:10:15.588,1.65765,1.6581,0.40,5.60
2007.09.12 09:10:15.929,1.6578,1.6581,0.40,5.60
2007.09.12 09:10:16.005,1.6576,1.6581,13.50,5.60
2007.09.12 09:10:16.019,1.6578,1.6581,0.70,3.20
2007.09.12 09:10:16.272,1.6578,1.6581,0.70,2.40
2007.09.12 09:10:16.921,1.6577,1.6581,2.40,3.20
2007.09.12 09:10:16.982,1.6576,1.6581,7.50,5.60
2007.09.12 09:10:17.472,1.65765,1.6581,0.40,5.60
2007.09.12 09:10:17.815,1.65765,1.6581,0.40,7.20
2007.09.12 09:10:18.538,1.65765,1.6581,0.40,12.00
2007.09.12 09:10:19.299,1.65765,1.6581,0.40,7.20
2007.09.12 09:10:23.524,1.6578,1.6581,0.40,7.20
2007.09.12 09:10:23.644,1.6578,1.6581,0.40,6.40
2007.09.12 09:10:23.837,1.6578,1.6581,0.70,6.40
2007.09.12 09:10:23.848,1.6578,1.6581,0.70,2.40
2007.09.12 09:10:26.681,1.6578,1.6581,0.70,7.20
2007.09.12 09:10:27.380,1.6576,1.6581,3.20,12.00
2007.09.12 09:10:31.310,1.6576,1.6581,3.20,21.50
2007.09.12 09:10:43.702,1.6576,1.658,3.20,4.80
2007.09.12 09:10:43.725,1.6577,1.658,0.40,8.80
2007.09.12 09:10:43.826,1.6575,1.658,5.60,9.60
2007.09.12 09:10:45.235,1.6577,1.658,0.40,9.60
2007.09.12 09:10:45.356,1.6576,1.658,0.70,9.60
2007.09.12 09:10:46.851,1.6576,1.658,0.70,0.80
2007.09.12 09:10:47.121,1.6576,1.658,0.70,9.60
2007.09.12 09:10:47.443,1.6576,1.658,0.70,0.60
2007.09.12 09:10:47.513,1.6576,1.658,0.70,9.60
2007.09.12 09:10:47.685,1.6576,1.6581,0.70,24.70
2007.09.12 09:10:52.966,1.6576,1.6581,0.70,19.90
2007.09.12 09:10:53.019,1.6576,1.6577,0.70,0.80
2007.09.12 09:10:53.122,1.6572,1.6578,9.60,24.70
2007.09.12 09:10:53.516,1.6572,1.6577,4.80,0.50
2007.09.12 09:10:59.753,1.6573,1.6577,4.00,0.60
2007.09.12 09:10:59.873,1.6574,1.6577,0.40,0.60
2007.09.12 09:11:00.041,1.6574,1.6577,0.70,0.70
2007.09.12 09:11:04.741,1.6574,1.6578,0.70,15.10
2007.09.12 09:11:04.859,1.6574,1.6577,0.40,0.90
2007.09.12 09:11:04.883,1.6573,1.65775,4.70,17.50
2007.09.12 09:11:05.246,1.6574,1.6577,9.50,0.80
2007.09.12 09:11:05.420,1.6574,1.6577,14.30,0.50
2007.09.12 09:11:05.760,1.6576,1.6579,0.70,0.60
2007.09.12 09:11:05.910,1.6576,1.65785,0.40,0.50
2007.09.12 09:11:06.064,1.6576,1.6578,0.40,0.90
2007.09.12 09:11:06.481,1.6574,1.65785,0.70,7.20
2007.09.12 09:11:08.451,1.6574,1.6579,0.70,24.70
2007.09.12 09:11:10.440,1.6574,1.6578,3.10,0.80
2007.09.12 09:11:11.152,1.6575,1.6579,0.40,19.90
2007.09.12 09:11:12.090,1.6575,1.6579,0.40,0.60
2007.09.12 09:11:12.168,1.6575,1.65795,0.40,17.50
2007.09.12 09:11:12.720,1.6575,1.6579,0.70,0.50
2007.09.12 09:11:13.453,1.6575,1.658,0.70,24.70
2007.09.12 09:11:13.635,1.6575,1.658,0.70,24.70
2007.09.12 09:11:14.904,1.6575,1.6579,0.40,12.70
2007.09.12 09:11:15.580,1.6575,1.6579,0.40,17.50
2007.09.12 09:11:15.640,1.6574,1.6578,3.10,0.80
2007.09.12 09:11:16.522,1.6574,1.6578,0.80,0.80
2007.09.12 09:11:17.001,1.6573,1.6578,10.30,0.80
2007.09.12 09:11:17.357,1.6573,1.6578,10.30,3.20
2007.09.12 09:11:17.760,1.6573,1.6578,10.30,0.80
2007.09.12 09:11:28.127,1.6573,1.6578,10.30,3.20
2007.09.12 09:11:40.754,1.6574,1.6578,6.40,3.20
2007.09.12 09:11:41.104,1.6575,1.6579,3.60,4.80
2007.09.12 09:11:41.116,1.6576,1.658,0.70,5.60
2007.09.12 09:11:43.351,1.6576,1.6579,0.70,9.50
2007.09.12 09:11:43.528,1.6575,1.6579,3.90,9.50
2007.09.12 09:11:43.777,1.6574,1.6579,7.90,10.30
2007.09.12 09:11:44.187,1.6575,1.6579,0.70,12.70
2007.09.12 09:11:45.830,1.6574,1.6578,5.60,0.80
2007.09.12 09:11:46.080,1.6574,1.6578,5.60,0.80
2007.09.12 09:11:46.627,1.6574,1.6578,3.20,3.20
2007.09.12 09:11:47.606,1.6574,1.6578,2.80,3.20
2007.09.12 09:11:47.879,1.6574,1.6578,3.20,3.20
2007.09.12 09:11:49.964,1.6575,1.6578,0.40,2.40
2007.09.12 09:11:49.977,1.6575,1.6578,0.70,2.40
2007.09.12 09:11:50.186,1.6575,1.6579,0.70,14.30
2007.09.12 09:11:53.981,1.6575,1.6579,0.70,18.30
2007.09.12 09:11:54.121,1.6575,1.6578,0.40,9.50
2007.09.12 09:11:54.314,1.6575,1.6578,0.40,12.70
2007.09.12 09:11:54.397,1.6574,1.6578,0.70,12.70
2007.09.12 09:11:55.900,1.6574,1.6578,0.70,14.30
2007.09.12 09:11:56.969,1.6574,1.65785,0.70,19.10
2007.09.12 09:12:02.764,1.6574,1.6579,0.70,25.50
2007.09.12 09:12:03.346,1.6574,1.6578,0.70,19.10
2007.09.12 09:12:03.982,1.6574,1.6578,0.70,0.70
2007.09.12 09:12:11.313,1.6574,1.6578,0.70,0.80
2007.09.12 09:12:11.418,1.6574,1.6578,0.70,0.80
2007.09.12 09:12:11.524,1.6575,1.6578,0.40,0.50
2007.09.12 09:12:11.741,1.6573,1.6579,21.50,16.00
2007.09.12 09:12:12.422,1.6573,1.6578,19.10,0.70
2007.09.12 09:12:12.518,1.6576,1.6579,0.40,4.80
2007.09.12 09:12:12.723,1.6576,1.6579,0.70,4.00
2007.09.12 09:12:13.248,1.6576,1.65805,0.70,19.10
2007.09.12 09:12:23.428,1.6576,1.658,0.70,18.30
2007.09.12 09:12:23.520,1.6576,1.658,0.40,21.50
2007.09.12 09:12:23.536,1.6575,1.6579,3.20,0.50
2007.09.12 09:12:23.845,1.6575,1.65795,3.20,8.00
2007.09.12 09:12:24.357,1.6575,1.65795,3.20,9.60
2007.09.12 09:12:30.260,1.6575,1.65795,4.00,8.80
2007.09.12 09:12:30.484,1.6575,1.658,6.40,19.10
2007.09.12 09:12:30.509,1.6575,1.6581,6.40,22.70
2007.09.12 09:12:30.776,1.6576,1.6581,0.40,22.70
2007.09.12 09:12:30.857,1.6576,1.658,0.40,0.60
2007.09.12 09:12:31.358,1.6576,1.65805,0.40,9.60
2007.09.12 09:12:31.596,1.6576,1.658,0.70,0.70
2007.09.12 09:12:32.108,1.6576,1.658,0.70,0.90
2007.09.12 09:12:34.409,1.6576,1.658,0.70,0.50
2007.09.12 09:12:34.498,1.6576,1.6581,0.70,24.70
2007.09.12 09:12:37.902,1.6576,1.6581,0.70,21.50
2007.09.12 09:12:38.116,1.6576,1.6581,0.70,21.50
2007.09.12 09:12:38.218,1.6576,1.6581,1.50,21.50
2007.09.12 09:12:38.434,1.6576,1.658,4.00,0.90
2007.09.12 09:12:38.453,1.6577,1.6581,0.40,19.10
2007.09.12 09:12:38.481,1.6577,1.6582,0.40,24.70
2007.09.12 09:12:38.763,1.6577,1.6581,0.70,0.80
2007.09.12 09:12:39.053,1.6577,1.658,0.70,0.80
2007.09.12 09:12:39.070,1.6577,1.658,0.40,0.80
2007.09.12 09:12:39.143,1.6576,1.6581,5.60,17.50
2007.09.12 09:12:39.562,1.6576,1.65805,6.40,0.80
2007.09.12 09:12:39.625,1.6577,1.6581,0.40,0.80
2007.09.12 09:12:39.673,1.6577,1.658,0.40,0.90
2007.09.12 09:12:39.892,1.6577,1.6582,0.70,15.20
2007.09.12 09:12:39.978,1.6575,1.6579,8.80,0.80
2007.09.12 09:12:40.088,1.6575,1.658,5.10,19.90
2007.09.12 09:12:40.243,1.6575,1.658,0.70,24.70
2007.09.12 09:12:40.601,1.6576,1.6579,0.40,0.60
2007.09.12 09:12:40.693,1.6576,1.658,0.70,16.70
2007.09.12 09:12:42.187,1.6576,1.6579,0.70,0.70
2007.09.12 09:12:42.386,1.6576,1.658,0.70,15.10
2007.09.12 09:12:42.604,1.6576,1.658,0.40,18.30
2007.09.12 09:12:42.700,1.6575,1.65795,3.10,15.10
2007.09.12 09:12:42.871,1.6575,1.65795,0.70,17.50
2007.09.12 09:12:43.292,1.6575,1.65795,0.70,16.70
2007.09.12 09:12:44.634,1.6575,1.658,1.50,21.50
2007.09.12 09:12:44.752,1.6576,1.658,0.40,16.70
2007.09.12 09:12:44.827,1.6576,1.658,0.70,15.10
2007.09.12 09:12:45.772,1.6574,1.6579,12.00,11.90
2007.09.12 09:12:46.306,1.6576,1.6579,0.70,9.50
2007.09.12 09:12:47.892,1.6576,1.6579,0.40,9.50
2007.09.12 09:12:47.955,1.6576,1.6579,0.40,10.30
2007.09.12 09:12:48.095,1.6576,1.6579,0.40,16.70
2007.09.12 09:12:48.103,1.6575,1.6579,0.40,16.70
2007.09.12 09:12:49.066,1.6575,1.6579,0.70,16.70
2007.09.12 09:12:49.788,1.6575,1.65795,0.70,21.50
2007.09.12 09:12:49.985,1.6576,1.658,0.40,20.70
2007.09.12 09:12:50.316,1.6576,1.6579,0.40,0.50
2007.09.12 09:12:50.427,1.6576,1.658,0.70,19.90
2007.09.12 09:12:50.523,1.6576,1.658,0.70,20.70
2007.09.12 09:12:50.645,1.6576,1.658,0.70,20.70
2007.09.12 09:12:58.279,1.6576,1.6579,0.40,0.90
2007.09.12 09:12:58.416,1.6576,1.6579,0.40,0.60
2007.09.12 09:12:58.536,1.6575,1.6579,3.10,0.50
2007.09.12 09:12:59.034,1.6575,1.65795,0.70,21.50
2007.09.12 09:12:59.564,1.6575,1.6579,0.70,0.60
2007.09.12 09:12:59.674,1.6575,1.658,0.70,25.50
2007.09.12 09:12:59.769,1.6575,1.6579,3.10,0.70
2007.09.12 09:13:00.190,1.6575,1.658,7.90,25.50
2007.09.12 09:13:00.490,1.6576,1.658,0.40,20.70
2007.09.12 09:13:00.661,1.6576,1.658,0.70,20.70
2007.09.12 09:13:03.786,1.6574,1.6579,16.00,0.70
2007.09.12 09:13:04.196,1.6576,1.6579,0.70,0.60
2007.09.12 09:13:08.380,1.6576,1.6579,0.40,0.60
2007.09.12 09:13:08.948,1.6575,1.65795,7.90,14.30
2007.09.12 09:13:09.076,1.6575,1.65795,7.10,15.10
2007.09.12 09:13:09.614,1.6575,1.6579,3.10,0.80
2007.09.12 09:13:09.719,1.6575,1.6579,0.70,0.80
2007.09.12 09:13:09.970,1.6576,1.658,0.40,20.70
2007.09.12 09:13:10.822,1.6576,1.658,0.70,20.70
2007.09.12 09:13:10.939,1.6576,1.658,0.70,23.90
2007.09.12 09:13:11.798,1.6576,1.658,0.70,19.10
2007.09.12 09:13:18.083,1.65775,1.6579,0.40,9.50
2007.09.12 09:13:18.692,1.6576,1.6579,9.50,9.50
2007.09.12 09:13:19.032,1.6576,1.6579,4.70,9.50
2007.09.12 09:13:19.132,1.6577,1.6579,0.40,9.50
2007.09.12 09:13:19.501,1.6577,1.658,0.40,2.40
2007.09.12 09:13:19.733,1.6576,1.6579,4.70,9.50
2007.09.12 09:13:19.958,1.6576,1.6579,9.50,9.50
2007.09.12 09:13:20.039,1.6576,1.6581,9.50,18.30
2007.09.12 09:13:20.324,1.6576,1.6581,4.70,18.30
2007.09.12 09:13:21.167,1.65775,1.6581,0.40,18.30
2007.09.12 09:13:21.700,1.65775,1.6581,0.40,15.90
2007.09.12 09:13:23.258,1.65775,1.6581,0.40,18.30
2007.09.12 09:13:23.377,1.65775,1.658,0.40,4.00
2007.09.12 09:13:23.493,1.65775,1.6579,0.40,9.50
2007.09.12 09:13:23.522,1.6576,1.6579,5.50,9.50
2007.09.12 09:13:23.579,1.6576,1.6579,3.10,9.50
2007.09.12 09:13:23.782,1.6576,1.6579,0.70,9.50
2007.09.12 09:13:24.199,1.6576,1.6579,3.10,9.50
2007.09.12 09:13:24.305,1.6577,1.658,0.40,4.00
2007.09.12 09:13:24.727,1.6577,1.6581,0.40,24.70
2007.09.12 09:13:24.791,1.65775,1.6581,0.40,24.70
2007.09.12 09:13:24.942,1.65775,1.6581,0.40,20.70
2007.09.12 09:13:24.983,1.65775,1.6581,0.40,15.90
2007.09.12 09:13:25.138,1.65775,1.6581,0.40,18.30
2007.09.12 09:13:25.253,1.65775,1.6581,0.40,8.80
2007.09.12 09:13:25.350,1.65775,1.6579,0.40,9.50
2007.09.12 09:13:25.626,1.6576,1.6579,9.50,9.50
2007.09.12 09:13:25.849,1.6576,1.6579,7.90,9.50
2007.09.12 09:13:25.974,1.6576,1.6579,3.10,9.50
2007.09.12 09:13:26.149,1.6576,1.6579,4.70,9.50
2007.09.12 09:13:27.308,1.6576,1.6581,4.70,18.30
2007.09.12 09:13:27.610,1.6576,1.6581,3.10,19.90
2007.09.12 09:13:28.231,1.6576,1.658,3.10,4.00
2007.09.12 09:13:28.579,1.6576,1.6579,0.70,9.50
2007.09.12 09:13:37.941,1.6576,1.658,4.70,7.20
2007.09.12 09:13:38.036,1.6576,1.658,7.10,0.80
2007.09.12 09:13:38.152,1.6577,1.6581,0.30,19.10
2007.09.12 09:13:38.245,1.6577,1.658,0.30,4.00
2007.09.12 09:13:38.259,1.6577,1.658,0.60,4.00
2007.09.12 09:13:42.619,1.6577,1.6579,0.60,9.50
2007.09.12 09:13:42.729,1.6577,1.6579,0.30,9.50
2007.09.12 09:13:42.753,1.6576,1.6579,0.60,9.50
2007.09.12 09:13:49.200,1.6576,1.6579,0.30,9.50
2007.09.12 09:13:49.422,1.6577,1.6579,0.30,9.50
2007.09.12 09:13:50.380,1.6577,1.658,0.30,3.20
2007.09.12 09:13:50.470,1.6577,1.658,0.60,4.00
2007.09.12 09:13:51.018,1.6577,1.658,0.60,4.00
2007.09.12 09:13:52.554,1.6577,1.6579,0.60,9.50
2007.09.12 09:13:52.659,1.6576,1.6579,3.00,9.50
2007.09.12 09:13:52.753,1.6575,1.6579,16.60,9.50
2007.09.12 09:13:53.081,1.6575,1.6579,11.80,9.50
2007.09.12 09:13:57.098,1.6575,1.6579,11.80,9.50
2007.09.12 09:13:57.197,1.6576,1.6579,4.30,9.50
2007.09.12 09:13:57.297,1.65755,1.6581,14.20,8.80
2007.09.12 09:13:57.405,1.6577,1.6581,0.30,18.30
2007.09.12 09:13:57.605,1.6577,1.6581,0.60,18.30
2007.09.12 09:13:59.599,1.6577,1.6581,0.60,8.80
2007.09.12 09:13:59.801,1.65775,1.6581,0.30,4.80
2007.09.12 09:13:59.881,1.65775,1.6581,0.30,9.60
2007.09.12 09:14:00.105,1.6577,1.6581,4.60,4.80
2007.09.12 09:14:00.310,1.65775,1.6581,0.30,6.40
2007.09.12 09:14:00.484,1.65775,1.65805,0.30,4.80
2007.09.12 09:14:01.345,1.6576,1.65805,9.40,4.80
2007.09.12 09:14:02.085,1.6576,1.658,4.60,4.80
2007.09.12 09:14:02.501,1.6575,1.6579,11.80,9.50
2007.09.12 09:14:07.269,1.6575,1.658,11.80,4.00
2007.09.12 09:14:07.567,1.6575,1.658,16.60,4.00
2007.09.12 09:14:08.904,1.6576,1.6579,0.60,9.50
2007.09.12 09:14:17.512,1.6576,1.6579,8.60,9.50
2007.09.12 09:14:17.617,1.6576,1.658,11.00,0.80
2007.09.12 09:14:17.820,1.6577,1.65805,0.60,4.80
2007.09.12 09:14:17.833,1.6576,1.6581,11.80,15.10
2007.09.12 09:14:17.925,1.6576,1.6581,7.80,19.10
2007.09.12 09:14:18.242,1.6577,1.658,0.60,4.00
2007.09.12 09:14:21.639,1.6577,1.6579,0.60,9.50
2007.09.12 09:14:21.734,1.6577,1.6579,0.30,9.50
2007.09.12 09:14:21.782,1.6576,1.6579,0.60,9.50
2007.09.12 09:14:34.903,1.6576,1.6579,0.60,13.50
2007.09.12 09:14:35.270,1.6576,1.6579,0.30,13.50
2007.09.12 09:14:35.315,1.6575,1.6579,3.00,14.30
2007.09.12 09:14:35.407,1.6575,1.6579,0.60,18.30
2007.09.12 09:14:35.846,1.6575,1.6579,0.60,23.10
2007.09.12 09:14:38.633,1.6575,1.6579,0.60,21.50
2007.09.12 09:14:38.869,1.6575,1.6579,0.60,16.70
2007.09.12 09:14:46.997,1.6575,1.6579,0.60,18.30
2007.09.12 09:14:47.728,1.6575,1.6579,3.00,14.30
2007.09.12 09:14:48.249,1.6575,1.6579,7.00,13.50
2007.09.12 09:14:48.359,1.6575,1.6579,4.60,9.50
2007.09.12 09:14:48.871,1.6575,1.6579,0.60,9.50
2007.09.12 09:14:49.075,1.6575,1.6579,0.60,13.50
2007.09.12 09:14:49.495,1.6575,1.6579,0.60,15.90
2007.09.12 09:14:49.606,1.6575,1.6579,0.60,17.50
2007.09.12 09:14:50.113,1.6575,1.6579,0.30,17.50
2007.09.12 09:14:50.538,1.6575,1.6579,0.60,18.30
2007.09.12 09:14:51.769,1.6575,1.6579,0.60,16.70
2007.09.12 09:14:52.043,1.65755,1.6579,0.30,16.70
2007.09.12 09:14:52.393,1.65755,1.6579,0.30,11.90
2007.09.12 09:14:52.913,1.65755,1.6579,0.30,9.50
2007.09.12 09:14:53.527,1.6576,1.6579,0.30,9.50
2007.09.12 09:14:56.428,1.6576,1.6579,0.30,13.50
2007.09.12 09:14:56.822,1.65755,1.6579,0.30,15.90
2007.09.12 09:14:56.991,1.65755,1.6579,0.30,16.70
2007.09.12 09:14:59.131,1.65755,1.6579,0.30,18.30
2007.09.12 09:15:07.230,1.6575,1.6579,0.60,18.30
2007.09.12 09:15:08.297,1.6575,1.65795,0.60,23.10
2007.09.12 09:15:49.963,1.6575,1.6579,0.60,18.30
2007.09.12 09:15:51.421,1.6575,1.6579,0.60,17.50
2007.09.12 09:15:51.628,1.6575,1.6579,0.60,15.90
2007.09.12 09:15:51.691,1.65755,1.6579,0.30,15.90
2007.09.12 09:15:52.116,1.6575,1.6579,5.10,15.90
2007.09.12 09:15:52.310,1.6575,1.6579,11.20,6.40
2007.09.12 09:15:52.611,1.65775,1.6579,0.30,6.40
2007.09.12 09:15:52.633,1.65775,1.6579,0.30,2.40
2007.09.12 09:15:53.247,1.65775,1.658,0.30,4.00
2007.09.12 09:15:54.113,1.65775,1.6579,0.30,2.40
2007.09.12 09:15:54.708,1.65775,1.658,0.30,0.80
2007.09.12 09:15:55.009,1.65775,1.6581,0.30,24.70
2007.09.12 09:15:55.339,1.65775,1.65805,0.30,4.80
2007.09.12 09:15:55.610,1.65775,1.6581,0.30,24.70
2007.09.12 09:15:55.650,1.65775,1.65805,0.30,8.00
2007.09.12 09:15:55.692,1.6577,1.658,0.30,0.70
2007.09.12 09:15:55.783,1.6576,1.6579,0.60,0.70
2007.09.12 09:16:04.649,1.6576,1.65795,0.60,16.70
2007.09.12 09:16:04.953,1.6576,1.65795,0.60,17.50
2007.09.12 09:16:04.973,1.6576,1.65795,0.30,17.50
2007.09.12 09:16:05.252,1.6576,1.65795,0.60,17.50
2007.09.12 09:16:05.485,1.6576,1.6579,0.30,0.70
2007.09.12 09:16:06.830,1.6576,1.658,0.60,24.70
2007.09.12 09:16:07.243,1.6576,1.6579,0.60,0.70
2007.09.12 09:16:07.776,1.6576,1.658,0.60,20.70
2007.09.12 09:16:10.919,1.6574,1.6579,16.00,0.90
2007.09.12 09:16:11.192,1.6576,1.6579,0.30,0.80
2007.09.12 09:16:12.421,1.6576,1.658,0.30,25.50
2007.09.12 09:16:12.562,1.6575,1.6579,4.60,0.80
2007.09.12 09:16:12.628,1.6575,1.6579,4.60,0.60
2007.09.12 09:16:13.093,1.6576,1.658,0.30,19.90
2007.09.12 09:16:13.352,1.6576,1.658,0.60,20.70
2007.09.12 09:16:19.905,1.6576,1.6579,0.30,0.90
2007.09.12 09:16:20.608,1.6574,1.658,25.50,17.60
2007.09.12 09:16:20.692,1.6576,1.658,0.30,20.80
2007.09.12 09:16:20.810,1.6576,1.6579,0.30,0.80
2007.09.12 09:16:21.025,1.6576,1.658,0.60,0.90
2007.09.12 09:16:21.117,1.6576,1.658,0.60,0.80
2007.09.12 09:16:21.909,1.6576,1.658,0.30,0.60
2007.09.12 09:16:22.271,1.6576,1.6581,0.30,18.30
2007.09.12 09:16:22.579,1.6575,1.658,8.80,0.50
2007.09.12 09:16:22.665,1.65755,1.6581,4.80,4.00
2007.09.12 09:16:22.774,1.65755,1.6581,4.80,0.90
2007.09.12 09:16:23.071,1.6576,1.65815,2.40,8.80
2007.09.12 09:16:23.183,1.6576,1.6582,7.20,8.80
2007.09.12 09:16:23.375,1.6574,1.6581,17.30,0.60
2007.09.12 09:16:23.798,1.6577,1.6582,2.40,8.80
2007.09.12 09:16:25.255,1.6577,1.6582,2.70,8.80
2007.09.12 09:16:25.352,1.6577,1.6581,0.30,2.40
2007.09.12 09:16:25.406,1.6577,1.6581,0.60,2.40
2007.09.12 09:16:26.704,1.6577,1.6582,3.00,10.00
2007.09.12 09:16:27.630,1.6577,1.6582,2.70,10.00
2007.09.12 09:16:27.755,1.6577,1.6579,2.70,4.00
2007.09.12 09:16:27.853,1.6577,1.6579,2.70,13.50
2007.09.12 09:16:27.969,1.6577,1.6579,2.70,14.30
2007.09.12 09:16:28.058,1.6577,1.6579,2.40,14.30
2007.09.12 09:16:28.183,1.6576,1.6579,4.00,14.30
2007.09.12 09:16:28.266,1.6575,1.6579,0.60,16.70
2007.09.12 09:16:29.814,1.6576,1.6579,13.50,3.20
2007.09.12 09:16:29.927,1.6576,1.6579,15.90,3.20
2007.09.12 09:16:30.010,1.6578,1.6579,0.60,3.20
2007.09.12 09:16:30.019,1.6578,1.6579,0.60,0.80
2007.09.12 09:16:30.129,1.6578,1.6581,0.60,4.00
2007.09.12 09:16:30.424,1.6578,1.6581,0.60,13.50
2007.09.12 09:16:30.501,1.6578,1.6581,0.30,18.30
2007.09.12 09:16:30.532,1.6577,1.6581,0.60,23.10
2007.09.12 09:16:30.772,1.6577,1.6581,0.60,9.60
2007.09.12 09:16:30.953,1.6577,1.6583,0.60,14.30
2007.09.12 09:16:31.015,1.6578,1.6581,0.30,4.00
2007.09.12 09:16:31.254,1.6578,1.6582,0.60,8.80
2007.09.12 09:16:31.585,1.6578,1.6581,0.30,2.40
2007.09.12 09:16:31.643,1.6577,1.6581,0.60,2.40
2007.09.12 09:16:32.801,1.6576,1.6581,4.60,2.40
2007.09.12 09:16:36.847,1.6577,1.6581,0.30,2.40
2007.09.12 09:16:37.277,1.6576,1.6582,8.80,8.80
2007.09.12 09:16:38.249,1.6576,1.65805,4.00,4.80
2007.09.12 09:16:38.614,1.6576,1.6579,4.00,9.50
2007.09.12 09:16:38.752,1.6576,1.6581,4.00,4.80
2007.09.12 09:16:39.016,1.6576,1.6579,4.00,9.50
2007.09.12 09:16:39.139,1.65755,1.6579,0.30,9.50
2007.09.12 09:16:41.201,1.6576,1.6579,0.60,9.50
2007.09.12 09:16:41.732,1.6575,1.6579,9.40,9.50
2007.09.12 09:16:41.750,1.6574,1.6579,19.10,9.50
2007.09.12 09:16:41.817,1.6574,1.6579,20.70,12.70
2007.09.12 09:16:41.907,1.65745,1.6579,9.10,12.70
2007.09.12 09:16:42.584,1.65745,1.658,8.80,2.40
2007.09.12 09:16:43.892,1.6577,1.65805,0.60,4.80
2007.09.12 09:16:44.109,1.6576,1.6581,3.00,4.00
2007.09.12 09:16:44.430,1.6577,1.6581,0.60,2.40
2007.09.12 09:16:44.877,1.6577,1.6581,0.60,2.40
2007.09.12 09:16:45.106,1.6578,1.6581,0.60,2.40
2007.09.12 09:16:45.249,1.6577,1.6582,3.00,2.40
2007.09.12 09:16:49.277,1.6578,1.6582,0.30,2.40
2007.09.12 09:16:49.589,1.6578,1.6581,0.30,2.40
2007.09.12 09:16:49.692,1.6576,1.6581,9.20,2.40
2007.09.12 09:16:53.830,1.6578,1.6581,0.20,2.40
2007.09.12 09:16:54.039,1.6578,1.6582,0.20,2.40
2007.09.12 09:16:54.197,1.6578,1.6582,0.50,2.40
2007.09.12 09:16:55.587,1.6577,1.6582,4.20,7.20
2007.09.12 09:16:56.170,1.6577,1.6581,4.20,4.80
2007.09.12 09:16:56.320,1.6576,1.6581,4.20,4.80
2007.09.12 09:16:56.413,1.65755,1.6581,4.40,7.20
2007.09.12 09:16:56.627,1.6576,1.6581,0.80,16.70
2007.09.12 09:16:56.803,1.6576,1.65805,2.50,4.80
2007.09.12 09:16:56.945,1.65765,1.6581,0.20,11.90
2007.09.12 09:16:57.348,1.65765,1.6581,0.20,16.70
2007.09.12 09:16:57.462,1.65765,1.6581,0.20,14.30
2007.09.12 09:16:57.582,1.6576,1.6581,20.90,8.80
2007.09.12 09:16:57.661,1.6576,1.6581,21.90,4.80
2007.09.12 09:16:57.790,1.65765,1.6581,0.20,3.20
2007.09.12 09:17:31.668,1.65775,1.6581,0.20,3.20
2007.09.12 09:17:31.911,1.65775,1.6581,0.20,2.40
2007.09.12 09:17:31.998,1.65775,1.6582,0.20,4.00
2007.09.12 09:17:33.257,1.65775,1.6582,0.20,8.80
2007.09.12 09:17:38.166,1.65775,1.6583,0.20,23.10
2007.09.12 09:17:39.970,1.65775,1.65815,0.20,4.80
2007.09.12 09:17:39.987,1.65775,1.6581,0.20,4.80
2007.09.12 09:17:40.293,1.6577,1.6581,2.40,4.80
2007.09.12 09:17:40.305,1.65765,1.6581,0.20,7.20
2007.09.12 09:17:40.397,1.6578,1.658,11.90,4.00
2007.09.12 09:17:40.518,1.6578,1.6581,18.60,0.80
2007.09.12 09:17:40.609,1.6578,1.6583,19.40,8.80
2007.09.12 09:17:40.806,1.65785,1.6583,0.20,8.80
2007.09.12 09:17:41.652,1.65785,1.6583,0.20,7.20
2007.09.12 09:17:44.124,1.65785,1.6583,0.20,8.80
2007.09.12 09:17:50.596,1.6578,1.65825,5.60,4.80
2007.09.12 09:17:50.646,1.6578,1.6582,0.20,2.40
2007.09.12 09:17:50.739,1.65775,1.6582,0.20,2.40
2007.09.12 09:17:50.943,1.65775,1.6582,0.20,4.00
2007.09.12 09:17:51.486,1.65775,1.6582,0.20,8.80
2007.09.12 09:17:51.638,1.65775,1.6582,0.20,4.00
2007.09.12 09:17:51.883,1.65775,1.6582,0.20,2.40
2007.09.12 09:17:51.979,1.65775,1.6582,0.20,4.00
2007.09.12 09:17:52.189,1.65775,1.6582,0.20,8.80
2007.09.12 09:17:57.201,1.6577,1.6582,2.80,8.80
2007.09.12 09:17:59.555,1.65775,1.6582,5.20,8.80
2007.09.12 09:17:59.595,1.65785,1.6582,0.20,4.00
2007.09.12 09:18:04.542,1.6578,1.6581,1.20,4.00
2007.09.12 09:18:04.824,1.6578,1.6581,0.70,4.00
2007.09.12 09:18:04.843,1.65765,1.6581,2.60,4.80
2007.09.12 09:18:05.682,1.6576,1.6581,16.50,7.20
2007.09.12 09:18:06.725,1.6577,1.6581,0.90,4.80
2007.09.12 09:18:07.138,1.65765,1.6581,0.20,7.20
2007.09.12 09:18:07.535,1.6577,1.6581,0.60,4.80
2007.09.12 09:18:07.963,1.6577,1.6581,1.60,0.80
2007.09.12 09:18:08.064,1.6577,1.6581,0.50,0.80
2007.09.12 09:18:08.144,1.6577,1.6581,2.80,0.80
2007.09.12 09:18:08.178,1.6577,1.6582,2.80,4.00
2007.09.12 09:18:08.380,1.6577,1.6582,4.40,2.40
2007.09.12 09:18:08.690,1.65775,1.6582,0.20,4.00
2007.09.12 09:18:08.809,1.65775,1.6582,0.20,8.80
2007.09.12 09:18:10.052,1.65775,1.6581,0.20,7.20
2007.09.12 09:18:10.227,1.65765,1.6581,0.20,7.20
2007.09.12 09:18:21.116,1.65755,1.6581,16.30,7.20
2007.09.12 09:18:23.936,1.65755,1.6581,16.30,3.20
2007.09.12 09:18:24.035,1.6577,1.6581,0.90,0.80
2007.09.12 09:18:24.139,1.6577,1.65815,1.50,4.80
2007.09.12 09:18:24.278,1.6577,1.6582,1.30,8.80
2007.09.12 09:18:25.559,1.6577,1.6582,2.50,8.80
2007.09.12 09:18:43.578,1.6577,1.6582,0.10,8.80
2007.09.12 09:18:47.530,1.6577,1.6582,2.50,8.80
2007.09.12 09:18:50.520,1.6577,1.6582,2.50,8.80
2007.09.12 09:18:55.702,1.6577,1.6582,0.10,8.80
2007.09.12 09:19:04.664,1.6577,1.6582,0.10,8.80
2007.09.12 09:19:12.681,1.6576,1.6582,27.20,8.80
2007.09.12 09:19:12.708,1.65765,1.6582,14.40,4.00
2007.09.12 09:19:12.894,1.6578,1.6582,0.10,4.00
2007.09.12 09:19:13.208,1.6578,1.6582,0.10,2.40
2007.09.12 09:19:13.306,1.6577,1.6582,1.40,2.40
2007.09.12 09:19:13.515,1.6577,1.6582,13.60,2.40
2007.09.12 09:19:15.374,1.65765,1.6582,18.30,2.40
2007.09.12 09:19:15.577,1.65765,1.6582,8.80,2.40
2007.09.12 09:19:15.779,1.6577,1.6582,0.70,2.40
2007.09.12 09:19:16.298,1.6578,1.6582,0.10,2.40
2007.09.12 09:19:18.792,1.6577,1.6582,1.50,2.40
2007.09.12 09:19:19.738,1.6577,1.6582,4.10,2.40
2007.09.12 09:19:21.161,1.6578,1.6582,2.00,2.40
2007.09.12 09:19:21.265,1.6579,1.6583,0.10,2.40
2007.09.12 09:19:21.784,1.6579,1.6584,0.10,8.80
2007.09.12 09:19:29.038,1.6579,1.6584,8.10,8.80
2007.09.12 09:19:29.222,1.6579,1.6584,12.90,4.00
2007.09.12 09:19:29.249,1.6579,1.6585,26.40,13.60
2007.09.12 09:19:29.663,1.6579,1.6585,27.20,13.60
2007.09.12 09:19:30.253,1.6579,1.65845,22.40,4.80
2007.09.12 09:19:30.296,1.6579,1.65845,15.40,4.80
2007.09.12 09:19:30.391,1.658,1.65845,1.20,4.80
2007.09.12 09:19:30.507,1.6579,1.6583,4.90,4.00
2007.09.12 09:19:34.767,1.658,1.6584,2.40,7.20
2007.09.12 09:19:34.836,1.658,1.6584,2.40,6.40
2007.09.12 09:19:35.149,1.658,1.6584,4.80,4.00
2007.09.12 09:19:35.242,1.658,1.6584,5.60,4.00
2007.09.12 09:19:35.451,1.658,1.6584,5.80,4.00
2007.09.12 09:19:35.980,1.658,1.6584,7.40,4.00
2007.09.12 09:19:38.051,1.658,1.6584,12.20,4.00
2007.09.12 09:19:42.620,1.658,1.6584,21.70,4.00
2007.09.12 09:19:50.559,1.658,1.6584,21.50,4.00
2007.09.12 09:19:50.653,1.658,1.6584,21.70,4.00
2007.09.12 09:20:01.865,1.658,1.6584,12.20,4.00
2007.09.12 09:20:04.866,1.658,1.6584,2.10,4.00
2007.09.12 09:20:05.685,1.658,1.6584,7.80,4.00
2007.09.12 09:20:05.786,1.6581,1.6585,1.60,4.80
2007.09.12 09:20:05.888,1.658,1.6585,20.20,4.80
2007.09.12 09:20:06.820,1.6581,1.6585,1.90,4.00
2007.09.12 09:20:07.875,1.6581,1.6584,2.50,4.00
2007.09.12 09:20:08.715,1.658,1.6584,21.70,4.00
2007.09.12 09:20:09.814,1.6581,1.6584,0.10,4.00
2007.09.12 09:20:09.919,1.6579,1.6584,25.70,4.80
2007.09.12 09:20:11.189,1.6579,1.6585,25.70,16.00
2007.09.12 09:20:11.275,1.658,1.6585,6.50,16.00
2007.09.12 09:20:11.289,1.65795,1.6585,20.70,11.20
2007.09.12 09:20:11.380,1.658,1.6584,4.50,4.00
2007.09.12 09:20:11.594,1.65795,1.6584,16.70,4.80
2007.09.12 09:20:11.793,1.658,1.6584,2.50,4.80
2007.09.12 09:20:12.101,1.658,1.6584,4.50,0.80
2007.09.12 09:20:12.635,1.658,1.6585,0.60,11.20
2007.09.12 09:20:13.247,1.65795,1.6584,18.30,4.00
2007.09.12 09:20:13.879,1.65795,1.6585,22.30,9.60
2007.09.12 09:20:14.295,1.658,1.6585,5.40,8.80
2007.09.12 09:20:14.417,1.6579,1.6585,25.70,8.80
2007.09.12 09:20:15.260,1.658,1.6585,23.10,8.80
2007.09.12 09:20:15.511,1.65805,1.6585,7.20,6.40
2007.09.12 09:20:16.160,1.6581,1.6585,2.60,2.40
2007.09.12 09:20:17.186,1.65805,1.6585,7.20,6.40
2007.09.12 09:20:18.223,1.6581,1.6585,0.90,6.40
2007.09.12 09:20:18.328,1.65805,1.6586,11.20,8.80
2007.09.12 09:20:18.748,1.65805,1.6586,11.20,8.00
2007.09.12 09:20:18.953,1.65805,1.6586,11.20,8.80
2007.09.12 09:20:19.041,1.65805,1.6586,7.20,8.80
2007.09.12 09:20:19.163,1.65805,1.6585,7.20,4.00
2007.09.12 09:20:19.301,1.658,1.6585,25.70,4.00
2007.09.12 09:20:19.991,1.658,1.6586,25.70,8.80
2007.09.12 09:20:20.011,1.65805,1.6586,11.20,8.80
2007.09.12 09:20:20.219,1.65805,1.6586,8.80,6.40
2007.09.12 09:20:20.500,1.6581,1.6585,1.30,4.00
2007.09.12 09:20:20.618,1.658,1.6585,25.70,4.00
2007.09.12 09:20:21.514,1.6581,1.6586,1.80,8.80
2007.09.12 09:20:21.580,1.6581,1.6586,0.80,8.80
2007.09.12 09:20:21.617,1.6581,1.6586,0.80,6.40
2007.09.12 09:20:21.816,1.6581,1.6586,24.70,6.40
2007.09.12 09:20:21.932,1.6581,1.6587,27.20,16.00
2007.09.12 09:20:22.027,1.6581,1.6587,27.20,16.00
2007.09.12 09:20:22.239,1.6583,1.6587,3.20,20.00
2007.09.12 09:20:22.654,1.6581,1.6585,18.40,4.00
2007.09.12 09:20:22.767,1.6581,1.6585,8.80,4.00
2007.09.12 09:20:22.861,1.6581,1.6585,3.30,4.00
2007.09.12 09:20:22.911,1.65805,1.6585,7.20,4.00
2007.09.12 09:20:23.595,1.658,1.6586,25.70,13.60
2007.09.12 09:20:23.697,1.6581,1.6586,4.10,8.80
2007.09.12 09:20:23.806,1.658,1.6586,28.90,4.00
2007.09.12 09:20:24.104,1.6581,1.6586,1.40,6.40
2007.09.12 09:20:25.560,1.6581,1.6586,12.80,4.00
2007.09.12 09:20:25.978,1.6582,1.6586,5.80,4.00
2007.09.12 09:20:26.189,1.6582,1.6587,2.60,11.20
2007.09.12 09:20:26.721,1.65815,1.6587,22.30,9.60
2007.09.12 09:20:27.208,1.6582,1.6587,17.50,9.60
2007.09.12 09:20:28.135,1.6582,1.6586,11.90,0.80
2007.09.12 09:20:28.455,1.6582,1.6585,4.80,4.00
2007.09.12 09:20:28.662,1.65815,1.6585,14.30,4.00
2007.09.12 09:20:29.179,1.6581,1.6586,15.90,13.60
2007.09.12 09:20:29.497,1.6581,1.6586,18.40,8.80
2007.09.12 09:20:29.699,1.6581,1.6585,14.40,4.00
2007.09.12 09:20:30.421,1.65815,1.6587,20.70,8.80
2007.09.12 09:20:30.847,1.6582,1.6587,16.80,8.80
2007.09.12 09:20:31.153,1.6582,1.6587,18.40,6.40
2007.09.12 09:20:32.207,1.6583,1.6587,2.50,6.40
2007.09.12 09:20:36.228,1.6583,1.6587,11.90,7.20
2007.09.12 09:20:36.745,1.6583,1.6587,12.70,6.40
2007.09.12 09:20:37.824,1.6583,1.6587,17.50,6.40
2007.09.12 09:20:37.908,1.6583,1.6587,19.10,6.40
2007.09.12 09:20:38.119,1.65835,1.6587,4.80,4.00
2007.09.12 09:20:38.522,1.6584,1.6588,9.60,8.80
2007.09.12 09:20:38.732,1.6584,1.6588,12.00,6.40
2007.09.12 09:20:38.933,1.6584,1.6588,2.50,6.40
2007.09.12 09:20:39.944,1.6584,1.6588,4.10,6.40
2007.09.12 09:20:40.565,1.6584,1.6588,0.10,6.40
2007.09.12 09:20:40.683,1.6584,1.6588,0.10,7.20
2007.09.12 09:20:40.776,1.6583,1.6588,17.60,7.20
2007.09.12 09:20:41.677,1.6583,1.6588,17.60,12.00
2007.09.12 09:20:42.286,1.6583,1.6588,17.60,7.20
2007.09.12 09:20:42.641,1.6583,1.6588,17.60,9.60
2007.09.12 09:20:42.853,1.6583,1.6588,16.00,9.60
2007.09.12 09:20:43.383,1.6583,1.6588,16.00,11.20
2007.09.12 09:20:43.631,1.6583,1.65875,16.00,4.80
2007.09.12 09:20:44.005,1.6583,1.65875,18.50,4.80
2007.09.12 09:20:44.519,1.6583,1.65875,20.10,4.80
2007.09.12 09:20:45.142,1.6583,1.6588,20.10,11.20
2007.09.12 09:20:45.568,1.6583,1.6587,4.00,3.20
2007.09.12 09:20:45.779,1.6582,1.6587,22.30,4.00
2007.09.12 09:20:45.846,1.6583,1.6588,13.60,16.00
2007.09.12 09:20:45.967,1.6583,1.6588,16.00,16.00
2007.09.12 09:20:46.039,1.6583,1.6588,6.50,16.00
2007.09.12 09:20:46.160,1.6583,1.6587,2.40,4.00
2007.09.12 09:20:46.253,1.6583,1.6587,2.40,4.80
2007.09.12 09:20:46.361,1.6582,1.6587,20.70,7.20
2007.09.12 09:20:46.431,1.6582,1.6587,15.90,7.20
2007.09.12 09:20:47.190,1.6582,1.6587,11.90,7.20
2007.09.12 09:20:48.119,1.6583,1.6587,2.40,4.80
2007.09.12 09:20:48.241,1.6583,1.65875,6.40,4.80
2007.09.12 09:20:48.263,1.6583,1.6588,6.40,16.00
2007.09.12 09:20:48.328,1.6583,1.6588,16.00,16.00
2007.09.12 09:20:48.946,1.6583,1.6588,16.00,11.20
2007.09.12 09:20:49.832,1.6583,1.6588,16.00,16.00
2007.09.12 09:20:50.607,1.6583,1.6588,17.60,14.40
2007.09.12 09:20:50.648,1.6583,1.6588,17.60,9.60
2007.09.12 09:20:50.726,1.6583,1.6588,17.50,9.60
2007.09.12 09:20:50.820,1.6583,1.6588,17.60,9.60
2007.09.12 09:20:51.831,1.6584,1.6588,2.40,7.20
2007.09.12 09:20:51.941,1.6584,1.6588,2.40,6.40
2007.09.12 09:20:52.173,1.6584,1.6588,2.50,6.40
2007.09.12 09:20:53.717,1.6584,1.6588,0.10,10.40
2007.09.12 09:20:53.933,1.6584,1.6588,0.10,11.20
2007.09.12 09:20:53.959,1.6584,1.6588,0.10,16.00
2007.09.12 09:20:54.028,1.6584,1.6587,0.10,4.00
2007.09.12 09:20:54.443,1.6583,1.6587,2.40,4.00
2007.09.12 09:20:54.553,1.6583,1.6587,7.20,4.00
2007.09.12 09:20:54.646,1.6584,1.6588,0.10,10.40
2007.09.12 09:20:55.392,1.6584,1.6588,0.10,6.40
2007.09.12 09:20:55.498,1.6584,1.6588,0.10,8.80
2007.09.12 09:20:55.811,1.6583,1.6587,4.00,4.00
2007.09.12 09:20:56.098,1.6583,1.6587,8.80,4.00
2007.09.12 09:20:56.864,1.6583,1.6587,7.20,4.00
2007.09.12 09:20:57.362,1.6584,1.6588,0.10,6.40
2007.09.12 09:20:57.841,1.6584,1.6588,0.10,8.80
2007.09.12 09:20:58.588,1.6584,1.6587,0.10,4.00
2007.09.12 09:20:59.004,1.6583,1.6587,2.40,4.00
2007.09.12 09:20:59.722,1.6583,1.6588,2.40,16.00
2007.09.12 09:21:00.647,1.6583,1.6587,2.40,4.00
2007.09.12 09:21:01.402,1.6583,1.6586,2.40,4.00
2007.09.12 09:21:01.482,1.6583,1.6587,11.90,6.40
2007.09.12 09:21:01.609,1.6583,1.6587,15.90,2.40
2007.09.12 09:21:01.691,1.6583,1.6588,19.10,12.80
2007.09.12 09:21:01.801,1.6583,1.6588,19.30,12.80
2007.09.12 09:21:02.022,1.6582,1.6587,16.20,6.40
2007.09.12 09:21:02.153,1.6582,1.6587,11.40,6.40
2007.09.12 09:21:03.318,1.6582,1.6587,9.80,8.00
2007.09.12 09:21:03.798,1.6582,1.65865,9.80,4.80
2007.09.12 09:21:04.667,1.6582,1.6585,2.40,4.00
2007.09.12 09:21:08.107,1.6582,1.6586,2.40,10.40
2007.09.12 09:21:11.798,1.6581,1.6586,4.90,10.40
2007.09.12 09:21:14.585,1.6581,1.6586,4.80,14.00
2007.09.12 09:21:14.700,1.65805,1.6585,4.80,11.20
2007.09.12 09:21:15.136,1.658,1.6585,19.20,11.20
2007.09.12 09:21:15.996,1.658,1.6585,14.40,11.20
2007.09.12 09:21:17.179,1.658,1.6585,12.80,15.20
2007.09.12 09:21:19.434,1.658,1.6585,14.40,13.60
2007.09.12 09:21:22.376,1.658,1.6585,18.40,13.60
2007.09.12 09:21:22.458,1.658,1.6585,22.40,13.60
2007.09.12 09:21:22.574,1.658,1.6585,22.40,0.70
2007.09.12 09:21:22.788,1.6581,1.6585,0.90,0.80
2007.09.12 09:21:22.885,1.6581,1.6585,3.30,0.80
2007.09.12 09:21:23.209,1.6581,1.6586,4.10,12.80
2007.09.12 09:21:23.330,1.6581,1.6585,2.50,0.50
2007.09.12 09:21:23.647,1.6581,1.6585,0.10,0.80
2007.09.12 09:21:24.388,1.6581,1.6584,0.10,0.70
2007.09.12 09:21:24.512,1.658,1.6584,19.20,0.50
2007.09.12 09:21:24.721,1.658,1.6585,17.60,13.60
2007.09.12 09:21:25.063,1.658,1.6585,12.80,13.60
2007.09.12 09:21:26.963,1.65805,1.6585,4.80,13.60
2007.09.12 09:21:27.829,1.6581,1.6585,3.30,0.60
2007.09.12 09:21:30.832,1.6581,1.6585,3.30,6.40
2007.09.12 09:21:31.907,1.6581,1.6584,2.40,0.90
2007.09.12 09:21:32.341,1.658,1.6584,3.30,0.70
2007.09.12 09:21:32.396,1.658,1.6584,0.90,0.70
2007.09.12 09:21:34.501,1.65795,1.6583,4.80,0.80
2007.09.12 09:21:34.685,1.6579,1.6583,13.70,0.60
2007.09.12 09:21:34.947,1.6579,1.6584,8.90,16.70
2007.09.12 09:21:35.051,1.6579,1.6584,7.30,16.70
2007.09.12 09:21:37.358,1.6579,1.6584,7.30,7.20
2007.09.12 09:21:37.475,1.658,1.6584,0.90,6.40
2007.09.12 09:21:37.586,1.658,1.6584,3.30,4.00
2007.09.12 09:21:38.007,1.658,1.6585,7.30,24.70
2007.09.12 09:21:38.180,1.658,1.6585,7.30,19.90
2007.09.12 09:21:39.483,1.658,1.6585,3.30,19.90
2007.09.12 09:21:39.500,1.658,1.65845,3.30,4.80
2007.09.12 09:21:39.611,1.658,1.6584,2.50,4.00
2007.09.12 09:21:39.718,1.658,1.6583,2.50,9.50
2007.09.12 09:21:39.816,1.658,1.6583,2.40,9.50
2007.09.12 09:21:39.950,1.6579,1.6583,7.30,9.50
2007.09.12 09:21:44.850,1.6579,1.6584,7.30,8.80
2007.09.12 09:21:44.949,1.658,1.6584,3.30,4.00
2007.09.12 09:21:45.577,1.658,1.6585,7.30,24.70
2007.09.12 09:21:47.449,1.658,1.6585,3.30,24.70
2007.09.12 09:21:47.543,1.658,1.6585,0.10,24.70
2007.09.12 09:21:47.884,1.658,1.6584,0.10,4.00
2007.09.12 09:21:48.187,1.6579,1.6583,13.70,9.50
2007.09.12 09:21:48.323,1.6579,1.6583,8.90,9.50
2007.09.12 09:21:48.395,1.6579,1.6583,7.30,9.50
2007.09.12 09:21:50.853,1.6579,1.6583,7.20,9.50
2007.09.12 09:21:51.070,1.6579,1.6583,7.30,9.50
2007.09.12 09:21:52.333,1.6579,1.6584,7.30,3.20
2007.09.12 09:21:52.381,1.6579,1.6584,12.10,3.20
2007.09.12 09:21:52.436,1.6579,1.6585,13.70,24.70
2007.09.12 09:21:53.057,1.658,1.6585,2.40,24.70
2007.09.12 09:21:54.088,1.6579,1.6585,13.70,24.70
2007.09.12 09:21:55.264,1.6579,1.6584,13.70,4.00
2007.09.12 09:21:55.371,1.6579,1.6583,12.10,9.50
2007.09.12 09:21:55.476,1.6579,1.6583,7.30,9.50
2007.09.12 09:21:56.622,1.6579,1.6583,12.10,9.50
2007.09.12 09:21:56.749,1.6579,1.6584,13.70,4.00
2007.09.12 09:21:56.987,1.6579,1.6585,13.70,24.70
2007.09.12 09:21:57.381,1.658,1.6585,4.00,24.70
2007.09.12 09:21:57.500,1.658,1.6585,13.50,15.20
2007.09.12 09:21:57.638,1.65805,1.6585,4.80,10.40
2007.09.12 09:21:57.717,1.6581,1.6585,0.10,10.40
2007.09.12 09:21:58.051,1.6581,1.6585,4.10,6.40
2007.09.12 09:21:58.164,1.6581,1.6585,2.50,6.40
2007.09.12 09:22:03.983,1.6581,1.6584,2.50,4.00
2007.09.12 09:22:04.411,1.6581,1.6584,0.10,4.00
2007.09.12 09:22:05.034,1.6581,1.6585,0.10,19.10
2007.09.12 09:22:05.139,1.6581,1.6585,0.10,8.80
2007.09.12 09:22:05.375,1.6581,1.6585,2.50,6.40
2007.09.12 09:22:05.467,1.6581,1.6584,2.50,4.00
2007.09.12 09:22:06.004,1.6581,1.6584,0.10,4.00
2007.09.12 09:22:07.508,1.6581,1.6585,0.10,19.10
2007.09.12 09:22:07.835,1.6581,1.6585,0.10,9.60
2007.09.12 09:22:07.930,1.6581,1.6585,0.10,8.80
2007.09.12 09:22:08.165,1.6581,1.6585,0.90,8.80
2007.09.12 09:22:08.377,1.6581,1.6585,3.30,6.40
2007.09.12 09:22:09.314,1.6581,1.6585,4.90,6.40
2007.09.12 09:22:10.401,1.6581,1.6585,4.10,7.20
2007.09.12 09:22:10.614,1.6581,1.6584,4.10,4.00
2007.09.12 09:22:10.822,1.6581,1.6584,0.10,4.00
2007.09.12 09:22:11.986,1.6581,1.6585,0.10,19.10
2007.09.12 09:22:12.429,1.6581,1.6585,2.50,6.40
2007.09.12 09:22:13.576,1.6581,1.6585,3.30,6.40
2007.09.12 09:22:13.697,1.6581,1.6585,4.90,6.40
2007.09.12 09:22:14.136,1.6581,1.6585,4.10,6.40
2007.09.12 09:22:14.446,1.6581,1.6585,2.50,6.40
2007.09.12 09:22:27.360,1.6581,1.6585,2.40,16.70
2007.09.12 09:22:27.446,1.658,1.6585,8.90,19.10
2007.09.12 09:22:28.078,1.658,1.6585,4.90,19.10
2007.09.12 09:22:28.493,1.658,1.6584,4.90,4.00
2007.09.12 09:22:31.857,1.65795,1.6584,9.70,4.00
2007.09.12 09:22:39.566,1.658,1.6584,1.20,4.00
2007.09.12 09:22:40.409,1.65795,1.6584,9.70,4.00
2007.09.12 09:22:46.362,1.658,1.6584,1.00,4.00
2007.09.12 09:22:50.112,1.658,1.6584,1.90,4.00
2007.09.12 09:22:53.811,1.65795,1.6583,8.10,4.00
2007.09.12 09:22:53.943,1.65795,1.6583,2.80,4.00
2007.09.12 09:22:54.248,1.65795,1.6584,1.30,9.60
2007.09.12 09:22:54.399,1.6578,1.6584,25.60,9.60
2007.09.12 09:22:54.755,1.6578,1.6584,25.60,8.80
2007.09.12 09:22:55.506,1.6579,1.6584,12.90,6.40
2007.09.12 09:22:56.982,1.65795,1.6584,7.30,6.40
2007.09.12 09:22:57.104,1.65795,1.6584,8.10,6.40
2007.09.12 09:22:58.179,1.65795,1.6584,9.70,6.40
2007.09.12 09:23:00.217,1.658,1.6584,3.30,6.40
2007.09.12 09:23:04.837,1.658,1.6584,2.50,6.40
2007.09.12 09:23:06.760,1.658,1.6583,2.50,4.00
2007.09.12 09:23:06.863,1.658,1.6583,2.40,4.00
2007.09.12 09:23:06.998,1.6579,1.6583,4.10,4.00
2007.09.12 09:23:07.283,1.6579,1.6583,2.50,4.00
2007.09.12 09:23:09.688,1.65795,1.6583,4.80,4.00
2007.09.12 09:23:10.977,1.65795,1.6584,4.80,13.60
2007.09.12 09:23:11.084,1.65795,1.6584,4.80,9.60
2007.09.12 09:23:11.513,1.658,1.6584,0.80,8.80
2007.09.12 09:23:11.621,1.658,1.6584,0.90,8.80
2007.09.12 09:23:11.959,1.658,1.6584,3.30,6.40
2007.09.12 09:23:12.368,1.658,1.6584,4.90,6.40
2007.09.12 09:23:25.077,1.658,1.6584,3.30,6.40
2007.09.12 09:23:28.596,1.658,1.6584,2.40,7.20
2007.09.12 09:23:28.711,1.6579,1.6584,8.10,9.60
2007.09.12 09:23:29.257,1.6579,1.6583,4.10,4.00
2007.09.12 09:23:29.346,1.6579,1.6583,2.50,4.00
2007.09.12 09:23:29.669,1.6579,1.6584,6.50,11.20
2007.09.12 09:23:29.788,1.6579,1.6584,8.10,8.80
2007.09.12 09:23:29.886,1.6579,1.6583,4.10,4.00
2007.09.12 09:23:29.917,1.6579,1.6583,8.90,4.00
2007.09.12 09:23:30.001,1.6579,1.6583,7.30,4.00
2007.09.12 09:23:30.192,1.6579,1.6583,2.50,4.00
2007.09.12 09:23:36.107,1.6579,1.6583,0.90,4.00
2007.09.12 09:23:38.596,1.6579,1.6582,2.50,4.00
2007.09.12 09:23:38.947,1.6578,1.6582,2.50,4.00
2007.09.12 09:23:39.124,1.6579,1.6583,0.10,13.60
2007.09.12 09:23:39.246,1.6579,1.6583,0.10,11.20
2007.09.12 09:23:39.352,1.6579,1.6583,0.10,10.40
2007.09.12 09:23:40.197,1.6579,1.6583,2.50,6.40
2007.09.12 09:23:40.927,1.6579,1.6583,0.10,6.40
2007.09.12 09:23:41.568,1.6579,1.6583,0.10,8.80
2007.09.12 09:23:42.792,1.6579,1.6582,0.10,4.00
2007.09.12 09:23:43.787,1.6578,1.6582,4.10,4.00
2007.09.12 09:23:44.580,1.6578,1.6582,2.50,4.00
2007.09.12 09:23:45.994,1.6578,1.6582,7.30,4.00
2007.09.12 09:23:46.205,1.6579,1.6582,4.10,4.00
2007.09.12 09:23:46.297,1.6579,1.6583,4.10,6.40
2007.09.12 09:23:46.404,1.6579,1.6583,4.10,2.40
2007.09.12 09:23:46.623,1.6579,1.6583,0.10,3.20
2007.09.12 09:23:46.751,1.6578,1.6582,8.90,4.00
2007.09.12 09:23:46.938,1.6578,1.6582,7.30,4.00
2007.09.12 09:23:47.215,1.6578,1.6582,2.50,4.00
2007.09.12 09:23:48.550,1.6578,1.6582,7.30,4.00
2007.09.12 09:23:50.031,1.6578,1.6582,16.80,4.00
2007.09.12 09:23:50.138,1.6579,1.6583,4.10,5.60
2007.09.12 09:23:50.275,1.6579,1.6583,4.10,4.80
2007.09.12 09:23:51.551,1.6579,1.6583,2.50,6.40
2007.09.12 09:23:51.840,1.6579,1.6583,0.10,6.40
2007.09.12 09:23:52.055,1.6579,1.6583,0.10,8.80
2007.09.12 09:23:53.293,1.6579,1.6583,0.10,10.40
2007.09.12 09:23:53.439,1.6579,1.6583,0.10,15.20
2007.09.12 09:23:54.338,1.6579,1.6583,0.10,10.40
2007.09.12 09:23:54.867,1.6579,1.65825,0.10,4.80
2007.09.12 09:23:56.084,1.6578,1.6582,4.10,4.00
2007.09.12 09:23:56.517,1.6578,1.6582,0.10,6.40
2007.09.12 09:23:59.763,1.6578,1.6582,2.50,4.00
2007.09.12 09:24:00.416,1.6578,1.6582,0.10,4.00
2007.09.12 09:24:00.522,1.6578,1.6582,2.50,4.00
2007.09.12 09:24:00.654,1.6578,1.6583,6.50,10.40
2007.09.12 09:24:01.143,1.6578,1.6583,8.10,8.80
2007.09.12 09:24:01.412,1.6578,1.6583,12.90,8.80
2007.09.12 09:24:01.914,1.6578,1.65825,8.10,4.80
2007.09.12 09:24:01.971,1.6578,1.6581,8.10,2.40
2007.09.12 09:24:02.219,1.6578,1.6583,8.10,6.40
2007.09.12 09:24:02.402,1.6578,1.6581,4.00,6.40
2007.09.12 09:24:02.536,1.6577,1.6581,8.80,6.40
2007.09.12 09:24:02.714,1.6577,1.6581,18.30,6.40
2007.09.12 09:24:02.873,1.6577,1.6581,13.50,6.40
2007.09.12 09:24:02.975,1.6578,1.6581,2.40,4.00
2007.09.12 09:24:03.135,1.6578,1.65825,7.20,4.80
2007.09.12 09:24:03.223,1.6578,1.6583,7.20,16.00
2007.09.12 09:24:04.455,1.6578,1.65825,7.20,4.80
2007.09.12 09:24:04.610,1.6578,1.6582,4.80,2.40
2007.09.12 09:24:05.030,1.6578,1.65825,7.20,4.80
2007.09.12 09:24:05.131,1.6578,1.6582,7.20,4.80
2007.09.12 09:24:05.341,1.6578,1.6582,6.40,5.60
2007.09.12 09:24:05.500,1.6577,1.6582,6.60,13.60
2007.09.12 09:24:07.242,1.6577,1.6582,9.00,13.60
2007.09.12 09:24:07.368,1.6577,1.6582,9.00,8.80
2007.09.12 09:24:12.924,1.6577,1.6582,13.80,8.80
2007.09.12 09:24:13.452,1.6578,1.6582,0.80,6.40
2007.09.12 09:24:13.974,1.6578,1.6582,4.80,2.40
2007.09.12 09:24:14.606,1.6578,1.65825,7.20,4.80
2007.09.12 09:24:14.814,1.6578,1.65825,6.40,4.80
2007.09.12 09:24:14.930,1.6577,1.6582,10.60,4.80
2007.09.12 09:24:15.126,1.6577,1.6582,9.00,8.80
2007.09.12 09:24:26.311,1.6578,1.6582,0.90,8.00
2007.09.12 09:24:26.478,1.6578,1.65825,0.90,12.80
2007.09.12 09:24:26.729,1.6578,1.6582,3.30,0.90
2007.09.12 09:24:27.247,1.6578,1.6583,7.30,0.60
2007.09.12 09:24:27.272,1.6578,1.6583,7.30,0.70
2007.09.12 09:24:30.345,1.6578,1.6584,7.30,25.50
2007.09.12 09:24:32.705,1.6578,1.6582,3.30,0.80
2007.09.12 09:24:32.913,1.6578,1.6582,0.80,0.90
2007.09.12 09:24:33.344,1.6577,1.6582,10.60,0.50
2007.09.12 09:24:33.775,1.6577,1.6582,9.00,0.60
2007.09.12 09:24:39.266,1.6577,1.6583,9.00,19.20
2007.09.12 09:24:47.235,1.6577,1.65825,9.00,13.60
2007.09.12 09:24:50.534,1.6577,1.6582,9.00,0.70
2007.09.12 09:24:51.220,1.6577,1.6582,6.40,0.70
2007.09.12 09:24:51.683,1.6577,1.6582,6.60,0.80
2007.09.12 09:24:52.241,1.6577,1.6582,6.60,13.60
2007.09.12 09:24:52.991,1.6576,1.65815,6.40,23.10
2007.09.12 09:24:53.079,1.6577,1.65815,4.00,19.10
2007.09.12 09:24:53.306,1.6577,1.6581,4.00,0.70
2007.09.12 09:24:53.399,1.6577,1.65815,4.10,9.60
2007.09.12 09:24:53.504,1.6577,1.65815,4.10,8.80
2007.09.12 09:24:53.705,1.6577,1.65815,4.10,4.80
2007.09.12 09:24:53.884,1.6577,1.6582,4.10,16.00
2007.09.12 09:24:55.063,1.6577,1.6582,6.50,16.00
2007.09.12 09:24:58.155,1.6577,1.6582,6.50,11.20
2007.09.12 09:24:58.832,1.6577,1.6582,6.50,9.60
2007.09.12 09:24:59.360,1.6577,1.6582,6.50,11.20
2007.09.12 09:24:59.379,1.6577,1.6582,6.50,16.00
2007.09.12 09:24:59.904,1.6577,1.6582,6.50,11.20
2007.09.12 09:25:00.610,1.6577,1.6582,6.50,16.00
2007.09.12 09:25:02.599,1.6577,1.6582,6.50,11.20
2007.09.12 09:25:03.304,1.6577,1.6582,6.50,16.00
2007.09.12 09:25:04.434,1.6577,1.6582,6.50,11.20
2007.09.12 09:25:04.927,1.6577,1.6582,6.50,16.00
2007.09.12 09:25:05.146,1.6577,1.6582,6.50,15.20
2007.09.12 09:25:05.251,1.6578,1.6582,4.00,11.20
2007.09.12 09:25:05.364,1.6578,1.6582,4.80,8.80
2007.09.12 09:25:05.565,1.6578,1.6582,4.90,8.80
2007.09.12 09:25:05.782,1.6578,1.6582,7.30,4.80
2007.09.12 09:25:06.015,1.6578,1.6583,7.30,16.00
2007.09.12 09:25:06.538,1.6578,1.6583,7.30,11.20
2007.09.12 09:25:06.645,1.6578,1.6583,7.30,16.00
2007.09.12 09:25:07.921,1.6578,1.65825,7.30,4.80
2007.09.12 09:25:08.443,1.6578,1.6582,4.10,3.20
2007.09.12 09:25:08.533,1.6578,1.6582,0.10,3.20
2007.09.12 09:25:08.648,1.6578,1.6582,0.10,9.60
2007.09.12 09:25:09.063,1.6577,1.6582,8.10,9.60
2007.09.12 09:25:09.145,1.6577,1.6582,12.90,9.60
2007.09.12 09:25:09.809,1.6577,1.6582,11.30,9.60
2007.09.12 09:25:10.758,1.6577,1.6582,6.50,9.60
2007.09.12 09:25:11.508,1.6578,1.65825,7.30,4.80
2007.09.12 09:25:12.341,1.6577,1.6582,6.50,11.20
2007.09.12 09:25:12.869,1.6578,1.6582,0.10,8.80
2007.09.12 09:25:12.969,1.6578,1.6582,0.90,8.00
2007.09.12 09:25:13.283,1.6578,1.6582,4.90,4.00
2007.09.12 09:25:13.610,1.6578,1.65825,7.30,4.80
2007.09.12 09:25:13.623,1.6578,1.6583,7.30,16.00
2007.09.12 09:25:14.574,1.6578,1.6583,7.30,0.70
2007.09.12 09:25:17.308,1.6578,1.6583,3.30,0.70
2007.09.12 09:25:17.424,1.6578,1.6584,2.50,25.50
2007.09.12 09:25:17.462,1.6578,1.6583,2.50,16.00
2007.09.12 09:25:17.513,1.6578,1.65825,0.10,7.20
2007.09.12 09:25:18.168,1.6577,1.65825,8.10,11.20
2007.09.12 09:25:18.279,1.6577,1.6582,8.10,0.60
2007.09.12 09:25:18.372,1.6577,1.65825,6.50,13.60
2007.09.12 09:25:18.783,1.6577,1.6583,11.30,19.20
2007.09.12 09:25:19.009,1.6578,1.6583,0.80,28.70
2007.09.12 09:25:19.106,1.6578,1.6583,0.90,27.10
2007.09.12 09:25:19.237,1.6578,1.6583,4.90,16.00
2007.09.12 09:25:19.547,1.6578,1.6584,7.30,19.20
2007.09.12 09:25:25.402,1.6578,1.6583,12.10,0.70
2007.09.12 09:25:25.687,1.6578,1.6583,21.60,0.60
2007.09.12 09:25:25.776,1.6579,1.6584,0.10,20.00
2007.09.12 09:25:30.224,1.6579,1.6583,4.10,0.90
2007.09.12 09:25:30.552,1.6579,1.6584,4.10,15.20
2007.09.12 09:25:30.746,1.658,1.6584,0.90,15.20
2007.09.12 09:25:31.271,1.658,1.6584,0.90,0.90
2007.09.12 09:25:32.424,1.658,1.6585,3.30,28.70
2007.09.12 09:25:34.894,1.658,1.65845,3.20,11.20
2007.09.12 09:25:34.998,1.658,1.65845,2.40,12.00
2007.09.12 09:25:35.102,1.6579,1.65845,8.90,14.40
2007.09.12 09:25:39.661,1.6579,1.6584,13.70,0.50
2007.09.12 09:25:43.272,1.6579,1.6584,13.70,5.60
2007.09.12 09:25:43.390,1.6579,1.6584,13.70,3.20
2007.09.12 09:25:43.827,1.6579,1.6584,13.70,7.20
2007.09.12 09:25:44.988,1.6579,1.6584,13.70,9.60
2007.09.12 09:25:45.063,1.65795,1.6584,4.80,9.60
2007.09.12 09:25:45.337,1.658,1.6584,0.10,9.60
2007.09.12 09:25:45.582,1.658,1.6584,19.20,4.80
2007.09.12 09:25:45.636,1.658,1.6585,23.20,8.80
2007.09.12 09:25:46.327,1.658,1.6585,18.40,8.80
2007.09.12 09:25:47.439,1.658,1.6585,23.20,8.80
2007.09.12 09:25:48.288,1.658,1.6585,18.40,8.80
2007.09.12 09:25:49.144,1.658,1.6585,23.20,8.80
2007.09.12 09:25:50.973,1.658,1.6585,18.40,8.80
2007.09.12 09:25:52.656,1.658,1.6585,12.00,10.40
2007.09.12 09:25:52.817,1.658,1.6585,12.00,15.20
2007.09.12 09:25:52.985,1.658,1.6584,12.00,4.80
2007.09.12 09:25:53.089,1.658,1.6584,2.40,4.80
2007.09.12 09:25:53.185,1.6579,1.6584,13.70,9.60
2007.09.12 09:25:54.427,1.658,1.6584,3.30,6.40
2007.09.12 09:25:56.212,1.658,1.6584,7.30,2.40
2007.09.12 09:25:58.352,1.658,1.6585,16.80,8.80
2007.09.12 09:25:58.526,1.658,1.6585,23.20,8.80
2007.09.12 09:25:58.665,1.658,1.6585,27.20,8.80
2007.09.12 09:25:58.761,1.6581,1.6585,0.10,8.80
2007.09.12 09:25:58.879,1.6581,1.6585,0.90,8.80
2007.09.12 09:25:59.075,1.6581,1.6585,3.30,6.40
2007.09.12 09:26:01.179,1.6581,1.6585,2.50,6.40
2007.09.12 09:26:01.914,1.6581,1.6585,0.10,8.80
2007.09.12 09:26:04.913,1.6581,1.6585,0.10,8.80
2007.09.12 09:26:09.438,1.6579,1.6585,20.90,19.10
2007.09.12 09:26:09.555,1.65795,1.6585,12.10,19.10
2007.09.12 09:26:09.641,1.658,1.6585,2.00,19.10
2007.09.12 09:26:09.757,1.65795,1.6584,12.10,2.40
2007.09.12 09:26:10.269,1.65795,1.6584,8.10,6.40
2007.09.12 09:26:15.959,1.6579,1.6584,16.90,6.40
2007.09.12 09:26:23.167,1.658,1.6584,0.60,6.40
2007.09.12 09:26:32.118,1.6578,1.6584,27.20,9.60
2007.09.12 09:26:32.170,1.65785,1.6584,13.70,9.60
2007.09.12 09:26:33.078,1.65785,1.6584,22.60,9.60
2007.09.12 09:26:33.282,1.65785,1.6584,13.70,7.20
2007.09.12 09:26:37.834,1.65785,1.6584,13.70,9.60
2007.09.12 09:26:37.929,1.6579,1.6583,1.50,0.80
2007.09.12 09:26:38.032,1.65785,1.6583,7.20,4.80
2007.09.12 09:26:38.460,1.65785,1.6583,1.00,8.80
2007.09.12 09:26:38.642,1.6578,1.6583,3.80,8.80
2007.09.12 09:26:38.765,1.65775,1.6583,13.70,7.20
2007.09.12 09:26:39.877,1.65775,1.6583,23.20,3.20
2007.09.12 09:26:39.985,1.65775,1.6583,23.20,2.40
2007.09.12 09:26:40.322,1.6578,1.6583,1.90,2.40
2007.09.12 09:26:40.599,1.6579,1.6584,0.50,16.00
2007.09.12 09:26:40.815,1.6578,1.6584,27.20,16.00
2007.09.12 09:26:41.089,1.6579,1.6584,2.40,11.20
2007.09.12 09:26:41.646,1.6579,1.6584,1.10,11.20
2007.09.12 09:26:41.854,1.6579,1.6584,1.90,8.80
2007.09.12 09:26:43.116,1.6579,1.6584,2.30,11.20
2007.09.12 09:26:48.799,1.6579,1.6584,2.50,11.20
2007.09.12 09:26:48.894,1.6579,1.6583,1.00,2.40
2007.09.12 09:26:49.524,1.6578,1.6583,23.20,4.80
2007.09.12 09:26:50.062,1.6578,1.6583,1.50,9.60
2007.09.12 09:26:50.570,1.65775,1.6583,21.60,11.20
2007.09.12 09:26:51.510,1.65775,1.6583,21.50,11.20
2007.09.12 09:26:51.614,1.6578,1.6583,7.20,11.20
2007.09.12 09:26:52.302,1.6577,1.6583,25.60,16.00
2007.09.12 09:26:53.746,1.6578,1.6583,4.50,11.20
2007.09.12 09:26:53.805,1.65815,1.6583,8.80,7.20
2007.09.12 09:26:54.267,1.6582,1.6583,5.10,4.80
2007.09.12 09:26:54.472,1.6582,1.6583,2.50,4.80
2007.09.12 09:26:54.688,1.6582,1.6587,3.70,9.60
2007.09.12 09:26:54.709,1.6581,1.6587,27.20,14.40
2007.09.12 09:26:55.217,1.6582,1.6587,0.70,9.60
2007.09.12 09:26:55.324,1.65815,1.6586,18.40,4.00
2007.09.12 09:26:55.415,1.65815,1.6587,22.40,9.60
2007.09.12 09:26:55.538,1.65815,1.6587,20.80,11.20
2007.09.12 09:26:57.612,1.6582,1.6587,2.90,11.20
2007.09.12 09:26:58.408,1.65815,1.6587,11.30,9.60
2007.09.12 09:27:02.565,1.6584,1.6587,9.50,7.20
2007.09.12 09:27:02.681,1.6584,1.6587,9.50,6.40
2007.09.12 09:27:04.016,1.6584,1.6588,10.40,8.80
2007.09.12 09:27:04.301,1.6584,1.6588,12.80,6.40
2007.09.12 09:27:04.507,1.6584,1.6588,12.00,6.40
2007.09.12 09:27:04.930,1.6584,1.6588,12.80,6.40
2007.09.12 09:27:05.652,1.6584,1.6588,12.00,6.40
2007.09.12 09:27:06.060,1.6584,1.6588,12.00,7.20
2007.09.12 09:27:06.287,1.6584,1.6587,11.90,4.00
2007.09.12 09:27:07.332,1.6584,1.6587,9.50,4.00
2007.09.12 09:27:07.440,1.6584,1.6588,9.50,8.80
2007.09.12 09:27:07.962,1.6584,1.6587,9.50,2.40
2007.09.12 09:27:08.993,1.65845,1.6587,4.80,2.40
2007.09.12 09:27:09.306,1.65845,1.6588,4.80,8.80
2007.09.12 09:27:09.632,1.65845,1.6588,4.80,6.40
2007.09.12 09:27:09.710,1.6585,1.6588,4.80,6.40
2007.09.12 09:27:09.724,1.6585,1.6588,4.80,4.00
2007.09.12 09:27:09.853,1.6585,1.6588,4.90,4.00
2007.09.12 09:27:09.943,1.6585,1.6589,8.10,6.40
2007.09.12 09:27:10.046,1.6585,1.6589,9.70,6.40
2007.09.12 09:27:10.113,1.6585,1.6589,4.90,6.40
2007.09.12 09:27:13.491,1.6585,1.65885,4.90,4.80
2007.09.12 09:27:13.758,1.6583,1.65885,3.40,4.80
2007.09.12 09:27:13.849,1.6583,1.6587,3.40,4.00
2007.09.12 09:27:13.979,1.6583,1.6587,7.40,4.00
2007.09.12 09:27:13.990,1.65835,1.6587,4.80,4.00
2007.09.12 09:27:14.288,1.6584,1.6588,13.60,2.40
2007.09.12 09:27:14.351,1.6584,1.6589,18.40,8.80
2007.09.12 09:27:15.414,1.6584,1.6589,18.40,13.60
2007.09.12 09:27:15.518,1.6584,1.6589,14.40,13.60
2007.09.12 09:27:16.162,1.6583,1.6589,24.80,13.60
2007.09.12 09:27:16.352,1.6584,1.6589,4.00,15.20
2007.09.12 09:27:16.617,1.6583,1.65885,20.80,4.80
2007.09.12 09:27:17.144,1.6584,1.6588,1.60,0.80
2007.09.12 09:27:17.235,1.6583,1.6588,20.90,4.80
2007.09.12 09:27:17.347,1.6583,1.6588,20.90,7.20
2007.09.12 09:27:18.915,1.6583,1.6588,20.90,3.20
2007.09.12 09:27:19.115,1.6584,1.6588,4.10,2.40
2007.09.12 09:27:19.528,1.6584,1.6589,2.40,15.20
2007.09.12 09:27:20.604,1.6584,1.6588,4.70,4.80
2007.09.12 09:27:20.761,1.6583,1.6588,20.90,8.80
2007.09.12 09:27:20.897,1.6583,1.6588,11.40,8.80
2007.09.12 09:27:20.991,1.6583,1.6588,1.40,12.80
2007.09.12 09:27:21.491,1.6583,1.65875,2.90,4.80
2007.09.12 09:27:21.543,1.6582,1.6587,16.90,0.80
2007.09.12 09:27:21.645,1.6582,1.6586,16.80,4.00
2007.09.12 09:27:30.306,1.65815,1.6586,9.80,4.00
2007.09.12 09:27:31.253,1.6581,1.6586,15.40,6.40
2007.09.12 09:27:31.664,1.6581,1.6586,15.40,4.00
2007.09.12 09:27:34.159,1.65815,1.6586,7.40,6.40
2007.09.12 09:27:35.772,1.6581,1.6585,9.70,4.00
2007.09.12 09:27:36.225,1.6582,1.6585,0.80,4.00
2007.09.12 09:27:36.530,1.6581,1.6586,10.50,10.40
2007.09.12 09:27:36.697,1.6581,1.6586,13.00,8.00
2007.09.12 09:27:36.718,1.6581,1.6585,9.00,4.00
2007.09.12 09:27:37.752,1.658,1.6585,24.40,4.00
2007.09.12 09:27:43.257,1.6581,1.6585,10.50,4.00
2007.09.12 09:27:43.347,1.6581,1.6586,10.50,15.20
2007.09.12 09:27:43.620,1.6582,1.6586,0.80,10.40
2007.09.12 09:27:43.760,1.6582,1.6586,1.90,8.00
2007.09.12 09:27:45.561,1.6582,1.6586,12.80,4.00
2007.09.12 09:27:46.146,1.6582,1.6585,3.30,2.40
2007.09.12 09:27:46.267,1.6582,1.6584,0.80,4.00
2007.09.12 09:27:46.355,1.658,1.6584,12.80,4.00
2007.09.12 09:27:46.675,1.658,1.6584,9.50,7.20
2007.09.12 09:27:51.949,1.658,1.6584,14.30,0.80
2007.09.12 09:27:52.061,1.658,1.6585,14.40,4.00
2007.09.12 09:27:52.584,1.658,1.6585,18.40,2.40
2007.09.12 09:27:52.683,1.658,1.6586,18.40,13.60
2007.09.12 09:27:52.725,1.658,1.65855,13.60,4.80
2007.09.12 09:27:53.177,1.658,1.6585,13.60,2.40
2007.09.12 09:27:56.449,1.658,1.6585,13.60,7.20
2007.09.12 09:27:56.602,1.658,1.6584,9.60,6.40
2007.09.12 09:27:56.725,1.658,1.6584,9.50,6.40
2007.09.12 09:27:56.814,1.658,1.6584,9.50,7.20
2007.09.12 09:28:02.158,1.6579,1.6584,23.20,7.20
2007.09.12 09:28:05.210,1.6579,1.6584,23.20,4.80
2007.09.12 09:28:05.398,1.658,1.6584,4.10,4.00
2007.09.12 09:28:05.516,1.658,1.6584,1.70,4.00
2007.09.12 09:28:05.614,1.6579,1.6585,24.40,15.20
2007.09.12 09:28:05.925,1.6579,1.6585,24.40,15.20
2007.09.12 09:28:06.086,1.658,1.6585,5.10,10.40
2007.09.12 09:28:06.339,1.658,1.6584,6.60,4.80
2007.09.12 09:28:06.846,1.658,1.6584,1.00,7.20
2007.09.12 09:28:07.795,1.6579,1.6584,27.20,7.20
2007.09.12 09:28:07.916,1.6579,1.6584,27.20,3.20
2007.09.12 09:28:08.004,1.658,1.6585,3.20,13.60
2007.09.12 09:28:08.112,1.65795,1.6585,21.60,8.80
2007.09.12 09:28:08.347,1.658,1.6585,2.90,8.80
2007.09.12 09:28:08.630,1.6579,1.6585,23.60,13.60
2007.09.12 09:28:08.949,1.6579,1.6584,26.40,4.00
2007.09.12 09:28:09.042,1.6579,1.6585,23.20,19.20
2007.09.12 09:28:09.380,1.6579,1.6584,23.20,6.40
2007.09.12 09:28:09.982,1.6579,1.6584,23.20,4.00
2007.09.12 09:28:10.605,1.6579,1.6585,23.20,15.20
2007.09.12 09:28:10.822,1.6579,1.6584,23.20,4.00
2007.09.12 09:28:11.349,1.6579,1.6584,23.20,7.20
2007.09.12 09:28:21.246,1.6579,1.6584,25.70,4.80
2007.09.12 09:28:21.661,1.65795,1.6584,17.50,4.00
2007.09.12 09:28:21.777,1.65795,1.6585,21.50,11.20
2007.09.12 09:28:21.881,1.65795,1.6585,21.60,11.20
2007.09.12 09:28:22.703,1.658,1.6584,0.90,4.80
2007.09.12 09:28:22.819,1.65795,1.6584,14.30,7.20
2007.09.12 09:28:24.864,1.658,1.6584,2.50,4.00
2007.09.12 09:28:25.791,1.658,1.6584,12.10,4.00
2007.09.12 09:28:26.001,1.6581,1.6584,0.50,4.00
2007.09.12 09:28:26.331,1.6581,1.6585,0.50,8.80
2007.09.12 09:28:27.155,1.658,1.6584,14.80,4.00
2007.09.12 09:28:28.840,1.658,1.6585,18.80,8.80
2007.09.12 09:28:34.215,1.6581,1.6585,0.50,8.80
2007.09.12 09:28:39.779,1.658,1.6585,23.50,6.40
2007.09.12 09:28:42.011,1.6581,1.6585,1.10,6.40
2007.09.12 09:28:43.601,1.658,1.6585,24.70,4.00
2007.09.12 09:28:43.719,1.6581,1.6585,0.70,4.00
2007.09.12 09:28:44.101,1.658,1.6585,24.70,4.00
2007.09.12 09:28:44.737,1.658,1.6586,24.70,6.40
2007.09.12 09:28:44.857,1.658,1.6586,24.70,2.40
2007.09.12 09:28:45.454,1.65805,1.6586,9.20,2.40
2007.09.12 09:28:46.403,1.65805,1.6586,7.60,4.00
2007.09.12 09:28:46.725,1.6581,1.6586,1.40,4.80
2007.09.12 09:28:47.133,1.6581,1.6585,0.50,4.00
2007.09.12 09:28:51.586,1.658,1.6585,23.30,4.00
2007.09.12 09:28:51.788,1.658,1.6585,23.50,4.00
2007.09.12 09:29:00.180,1.65805,1.6585,11.60,4.00
2007.09.12 09:29:00.296,1.658,1.6585,27.50,4.00
2007.09.12 09:29:00.388,1.658,1.6586,27.50,8.80
2007.09.12 09:29:00.545,1.6581,1.6586,11.60,8.80
2007.09.12 09:29:00.692,1.6582,1.6586,0.50,6.40
2007.09.12 09:29:03.708,1.6581,1.6585,10.10,4.00
2007.09.12 09:29:19.733,1.6582,1.6586,0.50,2.40
2007.09.12 09:29:20.054,1.6581,1.6587,11.20,24.70
2007.09.12 09:29:20.148,1.6582,1.6587,2.80,19.90
2007.09.12 09:29:28.380,1.65825,1.6585,0.20,4.00
2007.09.12 09:29:34.970,1.6582,1.6585,0.50,4.00
2007.09.12 09:29:42.240,1.6582,1.6586,0.50,2.40
2007.09.12 09:29:42.335,1.6582,1.6587,2.80,24.70
2007.09.12 09:29:42.397,1.6582,1.6587,2.80,19.90
2007.09.12 09:29:43.481,1.6582,1.6587,0.60,19.90
2007.09.12 09:29:43.764,1.6581,1.6587,2.50,15.90
2007.09.12 09:29:43.969,1.6582,1.6587,4.10,2.40
2007.09.12 09:29:44.054,1.6584,1.6587,8.80,2.40
2007.09.12 09:29:44.078,1.6584,1.6588,8.80,7.20
2007.09.12 09:29:44.182,1.6585,1.6588,1.00,6.40
2007.09.12 09:29:44.702,1.6584,1.6588,2.40,6.40
2007.09.12 09:29:51.844,1.65835,1.6588,0.20,8.80
2007.09.12 09:29:52.169,1.65835,1.6587,0.20,4.00
2007.09.12 09:29:54.760,1.65835,1.6588,0.20,11.20
2007.09.12 09:29:55.364,1.65835,1.6588,0.20,10.40
2007.09.12 09:29:55.782,1.6584,1.6588,2.40,6.40
2007.09.12 09:29:58.182,1.6584,1.6587,2.40,4.00
2007.09.12 09:29:58.390,1.6584,1.6587,4.00,4.00
2007.09.12 09:29:58.609,1.6584,1.6588,4.00,6.40
2007.09.12 09:29:58.837,1.6584,1.6588,2.60,6.40
2007.09.12 09:29:58.923,1.6584,1.6588,1.00,8.80
2007.09.12 09:29:59.000,1.6584,1.6588,5.00,6.40
2007.09.12 09:29:59.312,1.65845,1.6588,0.20,6.40
2007.09.12 09:29:59.440,1.65845,1.659,0.20,13.60
2007.09.12 09:29:59.533,1.65845,1.659,0.20,15.20
2007.09.12 09:29:59.661,1.6585,1.659,0.20,15.20
2007.09.12 09:29:59.859,1.65855,1.659,0.20,10.40
2007.09.12 09:30:00.062,1.65855,1.659,0.20,8.80
2007.09.12 09:30:01.104,1.659,1.6591,2.40,5.60
2007.09.12 09:30:01.865,1.659,1.6591,2.40,0.80
2007.09.12 09:30:01.891,1.659,1.6594,2.40,6.40
2007.09.12 09:30:02.407,1.659,1.6594,2.40,2.40
2007.09.12 09:30:02.684,1.659,1.6594,7.20,2.40
2007.09.12 09:30:02.698,1.65905,1.6594,4.80,2.40
2007.09.12 09:30:02.716,1.65905,1.6594,5.00,2.40
2007.09.12 09:30:02.822,1.65905,1.6595,5.00,4.80
2007.09.12 09:30:02.914,1.65905,1.6595,5.00,4.00
2007.09.12 09:30:03.030,1.6591,1.6596,2.40,19.90
2007.09.12 09:30:03.783,1.6591,1.6594,2.40,1.20
2007.09.12 09:30:03.899,1.6591,1.6592,2.40,9.50
2007.09.12 09:30:04.055,1.6591,1.6594,2.40,1.20
2007.09.12 09:30:04.280,1.659,1.6591,0.20,4.00
2007.09.12 09:30:04.537,1.659,1.6591,0.20,8.80
2007.09.12 09:30:04.960,1.6587,1.6591,6.40,4.80
2007.09.12 09:30:04.994,1.6587,1.659,4.00,2.40
2007.09.12 09:30:05.018,1.6586,1.659,0.80,6.40
2007.09.12 09:30:05.101,1.65855,1.659,0.20,6.40
2007.09.12 09:30:05.416,1.65855,1.6589,0.20,4.00
2007.09.12 09:30:05.496,1.6585,1.6589,9.00,4.00
2007.09.12 09:30:06.037,1.6585,1.6589,8.80,13.50
2007.09.12 09:30:06.163,1.6585,1.6589,7.20,13.50
2007.09.12 09:30:06.254,1.6585,1.6589,4.80,15.90
2007.09.12 09:30:06.357,1.65845,1.6589,4.80,15.90
2007.09.12 09:30:06.816,1.6584,1.6589,4.00,15.90
2007.09.12 09:30:26.721,1.6584,1.6589,2.40,17.50
2007.09.12 09:30:44.724,1.6584,1.6589,2.40,22.30
2007.09.12 09:30:44.874,1.6584,1.6589,2.40,17.50
2007.09.12 09:30:45.138,1.6584,1.6589,4.00,15.90
2007.09.12 09:30:46.807,1.6584,1.6589,2.40,15.90
2007.09.12 09:30:49.337,1.6584,1.6589,2.40,17.50
2007.09.12 09:30:51.277,1.6584,1.6589,4.00,15.90
2007.09.12 09:30:52.268,1.6584,1.6589,4.00,0.80
2007.09.12 09:30:56.183,1.6584,1.6589,8.80,0.60
2007.09.12 09:30:56.422,1.6585,1.659,2.40,28.70
2007.09.12 09:30:56.531,1.6585,1.659,2.40,0.70
2007.09.12 09:30:57.073,1.6585,1.659,2.40,0.90
2007.09.12 09:30:57.354,1.6585,1.659,2.40,0.80
2007.09.12 09:30:58.413,1.6585,1.6589,2.40,0.80
2007.09.12 09:30:58.519,1.6585,1.6589,2.40,0.50
2007.09.12 09:30:58.720,1.6584,1.6589,7.20,0.60
2007.09.12 09:30:58.801,1.6584,1.65895,2.40,22.30
2007.09.12 09:31:00.931,1.65835,1.6589,5.00,17.50
2007.09.12 09:31:00.957,1.65835,1.6588,0.20,0.60
2007.09.12 09:31:01.098,1.6584,1.6589,2.40,22.30
2007.09.12 09:31:01.251,1.6584,1.6589,2.40,0.50
2007.09.12 09:31:02.003,1.6584,1.6589,2.40,22.30
2007.09.12 09:31:02.510,1.6584,1.659,2.40,25.50
2007.09.12 09:31:02.559,1.65835,1.6588,0.20,0.50
2007.09.12 09:31:02.947,1.6584,1.6589,2.40,0.50
2007.09.12 09:31:03.048,1.65845,1.659,5.00,15.20
2007.09.12 09:31:03.457,1.6585,1.6589,2.40,0.60
2007.09.12 09:31:04.506,1.65845,1.659,0.20,20.00
2007.09.12 09:31:05.055,1.65845,1.659,0.20,20.00
2007.09.12 09:31:07.041,1.6585,1.659,0.20,20.00
2007.09.12 09:31:07.112,1.6585,1.659,5.00,17.60
2007.09.12 09:31:07.293,1.65855,1.6589,0.20,0.60
2007.09.12 09:31:07.418,1.65855,1.6589,0.20,17.50
2007.09.12 09:31:07.558,1.6585,1.65885,4.80,8.80
2007.09.12 09:31:07.623,1.6584,1.65885,2.40,12.80
2007.09.12 09:31:18.285,1.65835,1.6588,0.20,0.50
2007.09.12 09:31:18.777,1.65835,1.6589,0.20,27.10
2007.09.12 09:31:18.790,1.65835,1.6587,0.20,0.90
2007.09.12 09:31:19.112,1.65835,1.6587,0.20,0.60
2007.09.12 09:31:21.138,1.6583,1.6588,2.60,16.80
2007.09.12 09:31:21.275,1.6583,1.6587,0.20,18.30
2007.09.12 09:31:21.385,1.6583,1.6587,2.40,19.90
2007.09.12 09:31:21.404,1.6583,1.6587,2.40,24.70
2007.09.12 09:31:21.571,1.6581,1.6586,9.30,0.60
2007.09.12 09:31:21.638,1.6581,1.65865,9.30,12.80
2007.09.12 09:31:21.694,1.6581,1.65865,10.90,11.20
2007.09.12 09:31:21.785,1.6581,1.6586,9.30,0.80
2007.09.12 09:31:23.668,1.6581,1.6586,10.90,6.40
2007.09.12 09:31:24.812,1.6581,1.6586,9.30,8.00
2007.09.12 09:31:33.495,1.6581,1.6586,10.90,6.40
2007.09.12 09:31:33.825,1.6581,1.6586,10.90,0.60
2007.09.12 09:31:33.911,1.6581,1.6585,6.90,0.60
2007.09.12 09:31:34.007,1.6581,1.6586,6.90,14.40
2007.09.12 09:31:34.217,1.6581,1.6585,10.90,0.80
2007.09.12 09:31:34.331,1.6581,1.6586,6.90,14.40
2007.09.12 09:31:34.434,1.6581,1.6585,5.30,0.60
2007.09.12 09:31:35.695,1.6581,1.6586,9.30,12.00
2007.09.12 09:31:36.633,1.6581,1.6586,10.90,0.50
2007.09.12 09:31:36.922,1.6581,1.65865,6.90,11.20
2007.09.12 09:31:37.051,1.6581,1.6585,4.40,0.80
2007.09.12 09:31:37.150,1.6581,1.6586,4.20,13.60
2007.09.12 09:31:37.274,1.6581,1.6585,4.00,0.70
2007.09.12 09:31:37.445,1.658,1.65855,13.90,13.60
2007.09.12 09:31:39.811,1.658,1.65855,17.90,13.60
2007.09.12 09:31:39.953,1.658,1.6586,22.70,20.00
2007.09.12 09:31:42.005,1.658,1.6585,17.90,0.70
2007.09.12 09:31:42.108,1.6581,1.6585,2.40,0.90
2007.09.12 09:31:42.523,1.658,1.6585,6.80,0.80
2007.09.12 09:31:43.142,1.658,1.65855,6.80,25.50
2007.09.12 09:31:43.244,1.658,1.6585,2.80,20.70
2007.09.12 09:31:43.444,1.658,1.6585,2.60,25.50
2007.09.12 09:31:43.563,1.658,1.6585,2.40,25.50
2007.09.12 09:31:44.279,1.6579,1.6584,15.70,0.70
2007.09.12 09:31:45.704,1.658,1.6585,0.20,20.70
2007.09.12 09:31:45.930,1.658,1.6585,9.70,15.20
2007.09.12 09:31:46.027,1.658,1.6585,13.90,0.60
2007.09.12 09:31:49.147,1.658,1.6585,13.90,12.80
2007.09.12 09:31:49.255,1.658,1.6585,12.30,14.40
2007.09.12 09:31:49.353,1.658,1.6585,12.30,15.20
2007.09.12 09:31:50.311,1.658,1.65845,2.80,9.60
2007.09.12 09:31:50.619,1.658,1.6584,2.60,0.90
2007.09.12 09:31:50.728,1.658,1.6584,0.20,10.40
2007.09.12 09:31:51.012,1.6579,1.6584,8.80,10.40
2007.09.12 09:31:58.573,1.658,1.6584,9.50,10.40
2007.09.12 09:31:58.664,1.658,1.6584,14.50,0.90
2007.09.12 09:31:58.746,1.658,1.6585,14.70,13.60
2007.09.12 09:31:59.498,1.658,1.6585,18.70,13.60
2007.09.12 09:31:59.601,1.658,1.65855,18.70,14.40
2007.09.12 09:32:02.728,1.658,1.6584,14.70,4.00
2007.09.12 09:32:04.336,1.658,1.6585,18.70,9.60
2007.09.12 09:32:05.165,1.658,1.6584,9.70,4.80
2007.09.12 09:32:05.438,1.658,1.6584,9.50,4.80
2007.09.12 09:32:06.550,1.658,1.6584,11.90,4.80
2007.09.12 09:32:08.712,1.658,1.6584,13.50,4.80
2007.09.12 09:32:08.815,1.658,1.6584,11.90,4.80
2007.09.12 09:32:09.664,1.658,1.6584,16.90,4.80
2007.09.12 09:32:11.406,1.658,1.6584,17.90,4.00
2007.09.12 09:32:11.804,1.658,1.6584,19.50,4.00
2007.09.12 09:32:13.151,1.6579,1.6584,25.90,4.00
2007.09.12 09:32:17.322,1.658,1.6584,14.70,4.00
2007.09.12 09:32:17.395,1.6581,1.6585,2.40,6.40
2007.09.12 09:32:17.811,1.658,1.6585,18.70,8.80
2007.09.12 09:32:24.708,1.658,1.6585,22.70,8.80
2007.09.12 09:32:25.140,1.65805,1.6585,0.20,8.80
2007.09.12 09:32:25.170,1.6581,1.6585,2.40,6.40
2007.09.12 09:32:35.732,1.65805,1.6585,0.20,8.80
2007.09.12 09:32:55.215,1.6583,1.6586,6.40,5.60
2007.09.12 09:32:55.362,1.6583,1.6586,6.60,5.60
2007.09.12 09:32:55.415,1.6583,1.6586,3.40,4.80
2007.09.12 09:32:55.509,1.65835,1.6587,0.20,6.40
2007.09.12 09:32:55.711,1.65835,1.6587,0.20,15.90
2007.09.12 09:32:55.722,1.65835,1.6587,0.20,20.70
2007.09.12 09:32:56.076,1.6583,1.6587,2.40,20.70
2007.09.12 09:32:56.859,1.6582,1.6586,0.20,2.40
2007.09.12 09:32:57.449,1.65815,1.6586,0.20,2.40
2007.09.12 09:33:00.575,1.65815,1.6585,0.20,2.40
2007.09.12 09:33:00.699,1.6581,1.6585,0.20,2.40
2007.09.12 09:33:01.194,1.65805,1.6585,0.20,6.40
2007.09.12 09:33:01.515,1.65805,1.6585,0.20,8.80
2007.09.12 09:33:04.711,1.65805,1.6585,0.20,18.30
2007.09.12 09:33:04.724,1.65805,1.6585,0.20,23.10
2007.09.12 09:33:04.823,1.658,1.6585,9.00,23.10
2007.09.12 09:33:04.858,1.658,1.6585,6.60,25.50
2007.09.12 09:33:05.136,1.658,1.6585,6.40,25.50
2007.09.12 09:33:07.592,1.65795,1.6585,6.60,25.50
2007.09.12 09:33:14.437,1.658,1.6585,0.70,20.70
2007.09.12 09:33:19.972,1.658,1.6585,11.20,20.70
2007.09.12 09:33:20.133,1.65805,1.6585,7.20,16.70
2007.09.12 09:33:21.380,1.65805,1.6585,7.40,4.00
2007.09.12 09:33:21.717,1.6581,1.6586,1.40,18.30
2007.09.12 09:33:21.803,1.6581,1.6586,1.50,16.70
2007.09.12 09:33:22.805,1.65805,1.6586,11.40,3.20
2007.09.12 09:33:22.835,1.6582,1.65865,1.30,4.80
2007.09.12 09:33:23.023,1.6581,1.65865,9.00,4.80
2007.09.12 09:33:23.084,1.6582,1.6587,1.70,25.50
2007.09.12 09:33:23.744,1.6581,1.6587,14.10,25.50
2007.09.12 09:33:37.835,1.6582,1.6586,0.50,2.40
2007.09.12 09:33:38.667,1.6582,1.6585,0.50,4.00
2007.09.12 09:33:38.853,1.6582,1.6585,0.20,4.00
2007.09.12 09:33:38.990,1.6581,1.6585,4.20,4.00
2007.09.12 09:33:39.087,1.6581,1.6585,2.60,4.00
2007.09.12 09:33:39.564,1.6581,1.6585,2.80,4.00
2007.09.12 09:33:40.752,1.6581,1.6586,2.80,4.80
2007.09.12 09:33:40.961,1.6581,1.6586,2.80,4.00
2007.09.12 09:33:41.202,1.6581,1.6586,4.40,2.40
2007.09.12 09:33:43.622,1.6581,1.6585,4.40,4.00
2007.09.12 09:33:43.720,1.6581,1.6585,2.80,13.50
2007.09.12 09:33:43.827,1.6581,1.6585,2.60,13.50
2007.09.12 09:33:43.872,1.6581,1.6585,2.40,13.50
2007.09.12 09:33:43.944,1.65805,1.6585,4.80,15.90
2007.09.12 09:33:44.056,1.65805,1.6585,0.20,15.90
2007.09.12 09:33:45.702,1.65805,1.6585,0.20,6.40
2007.09.12 09:33:45.798,1.65805,1.6583,0.20,17.50
2007.09.12 09:33:45.910,1.65785,1.6583,0.20,22.30
2007.09.12 09:33:47.349,1.6579,1.6583,0.20,22.30
2007.09.12 09:33:47.576,1.65795,1.6583,0.20,22.30
2007.09.12 09:33:48.074,1.6578,1.6583,6.70,22.30
2007.09.12 09:33:48.585,1.6578,1.6583,6.60,22.30
2007.09.12 09:33:48.851,1.6578,1.6583,6.40,22.30
2007.09.12 09:33:50.360,1.6578,1.6583,6.60,22.30
2007.09.12 09:33:50.432,1.6578,1.6583,6.70,22.30
2007.09.12 09:33:52.881,1.6578,1.6581,0.40,4.00
2007.09.12 09:33:56.275,1.6578,1.6582,0.40,8.00
2007.09.12 09:33:58.667,1.6578,1.6582,4.30,8.00
2007.09.12 09:33:58.775,1.6578,1.6582,4.30,4.00
2007.09.12 09:33:59.784,1.6578,1.6582,0.40,8.00
2007.09.12 09:34:00.196,1.6578,1.6582,4.30,4.00
2007.09.12 09:34:00.411,1.6578,1.6582,6.70,4.00
2007.09.12 09:34:00.737,1.6578,1.6582,2.70,8.00
2007.09.12 09:34:00.828,1.6578,1.6582,17.10,2.40
2007.09.12 09:34:00.866,1.6578,1.6582,21.90,2.40
2007.09.12 09:34:00.932,1.6578,1.6583,25.90,6.40
2007.09.12 09:34:02.386,1.6578,1.6583,24.30,8.00
2007.09.12 09:34:02.512,1.6578,1.6583,19.50,8.00
2007.09.12 09:34:03.423,1.6578,1.6583,24.30,8.00
2007.09.12 09:34:03.434,1.6578,1.6583,25.90,6.40
2007.09.12 09:34:05.422,1.65785,1.6583,0.20,6.40
2007.09.12 09:34:06.816,1.65785,1.6583,0.20,8.00
2007.09.12 09:34:08.278,1.65785,1.6583,0.20,6.40
2007.09.12 09:34:10.242,1.65785,1.6583,0.20,15.90
2007.09.12 09:34:10.405,1.65785,1.6583,0.20,20.70
2007.09.12 09:34:10.452,1.65785,1.6583,0.20,23.90
2007.09.12 09:34:10.568,1.6578,1.6582,4.00,2.40
2007.09.12 09:34:10.779,1.65775,1.6582,0.20,6.40
2007.09.12 09:34:13.769,1.6578,1.6582,13.50,2.40
2007.09.12 09:34:13.864,1.6578,1.6582,14.30,2.40
2007.09.12 09:34:13.980,1.6578,1.6583,18.40,13.60
2007.09.12 09:34:13.995,1.65785,1.6583,0.20,8.80
2007.09.12 09:34:16.775,1.65785,1.6583,0.20,18.30
2007.09.12 09:34:16.840,1.65785,1.65825,0.20,4.80
2007.09.12 09:34:16.897,1.65785,1.6582,0.20,2.40
2007.09.12 09:34:17.065,1.6578,1.6582,4.00,2.40
2007.09.12 09:34:17.195,1.65775,1.6581,0.20,4.00
2007.09.12 09:34:18.314,1.65775,1.6582,0.20,6.40
2007.09.12 09:34:25.040,1.6577,1.6582,9.10,6.40
2007.09.12 09:34:26.055,1.65775,1.6582,4.20,6.40
2007.09.12 09:34:26.380,1.6577,1.6582,13.90,6.40
2007.09.12 09:34:27.119,1.6578,1.6582,0.50,2.40
2007.09.12 09:34:27.320,1.65775,1.6583,6.60,25.50
2007.09.12 09:34:29.739,1.65775,1.6583,2.60,25.50
2007.09.12 09:34:29.834,1.65775,1.6582,2.60,4.00
2007.09.12 09:34:30.317,1.6578,1.6583,3.40,25.50
2007.09.12 09:34:33.435,1.6578,1.6583,17.50,12.00
2007.09.12 09:34:33.543,1.6579,1.6583,0.70,11.20
2007.09.12 09:34:33.604,1.6579,1.6583,1.40,6.40
2007.09.12 09:34:40.286,1.65785,1.6583,7.30,4.00
2007.09.12 09:34:40.511,1.6579,1.6583,3.10,4.00
2007.09.12 09:34:40.592,1.6579,1.6584,3.40,4.80
2007.09.12 09:34:40.710,1.6579,1.6584,3.50,4.80
2007.09.12 09:34:40.880,1.6579,1.6584,11.40,4.80
2007.09.12 09:34:40.949,1.658,1.6584,1.10,0.80
2007.09.12 09:34:40.997,1.65795,1.6584,7.40,0.80
2007.09.12 09:34:41.021,1.65795,1.6585,7.40,18.30
2007.09.12 09:34:41.110,1.658,1.6585,0.90,8.80
2007.09.12 09:34:41.215,1.65795,1.6585,9.00,3.20
2007.09.12 09:34:41.409,1.658,1.6585,9.00,3.20
2007.09.12 09:34:41.424,1.658,1.6585,9.10,2.40
2007.09.12 09:34:41.618,1.65805,1.6585,5.00,2.40
2007.09.12 09:34:42.147,1.6581,1.6585,0.20,2.40
2007.09.12 09:34:42.577,1.6582,1.6586,0.20,9.60
2007.09.12 09:34:42.747,1.658,1.6586,21.10,23.10
2007.09.12 09:34:43.075,1.6581,1.6586,1.00,23.90
2007.09.12 09:34:43.172,1.6581,1.6586,0.70,25.50
2007.09.12 09:34:43.692,1.6581,1.6585,0.40,4.00
2007.09.12 09:34:43.986,1.6581,1.6585,0.40,4.00
2007.09.12 09:34:46.315,1.6581,1.6586,25.80,4.00
2007.09.12 09:34:46.686,1.6582,1.6587,1.20,16.00
2007.09.12 09:34:48.349,1.6581,1.6586,25.80,4.00
2007.09.12 09:34:48.851,1.6581,1.6587,25.80,16.00
2007.09.12 09:34:49.695,1.6582,1.6586,0.50,4.00
2007.09.12 09:34:51.457,1.6581,1.6586,25.60,4.00
2007.09.12 09:34:51.550,1.6581,1.6586,25.80,4.00
2007.09.12 09:34:57.744,1.6582,1.6585,2.50,4.80
2007.09.12 09:34:58.395,1.6582,1.6585,0.20,4.80
2007.09.12 09:35:00.058,1.6582,1.6585,0.20,11.20
2007.09.12 09:35:00.813,1.658,1.6585,6.70,16.00
2007.09.12 09:35:01.317,1.6581,1.6584,9.50,6.40
2007.09.12 09:35:05.041,1.6581,1.6584,9.50,2.40
2007.09.12 09:35:05.129,1.658,1.6584,13.80,2.40
2007.09.12 09:35:05.545,1.658,1.6585,16.20,16.00
2007.09.12 09:35:08.827,1.6581,1.6585,13.50,16.00
2007.09.12 09:35:08.945,1.6581,1.6585,13.50,12.00
2007.09.12 09:35:08.960,1.6581,1.6585,13.50,7.20
2007.09.12 09:35:09.039,1.6581,1.6585,13.50,5.60
2007.09.12 09:35:09.661,1.6581,1.6585,4.00,5.60
2007.09.12 09:35:12.581,1.6582,1.6585,0.20,5.60
2007.09.12 09:35:12.696,1.6582,1.6585,0.20,3.20
2007.09.12 09:35:12.954,1.6582,1.6585,0.40,3.20
2007.09.12 09:35:13.075,1.6582,1.6585,2.70,0.80
2007.09.12 09:35:13.273,1.6582,1.6587,2.70,11.20
2007.09.12 09:35:14.634,1.6583,1.6587,0.20,6.40
2007.09.12 09:35:14.738,1.6583,1.6587,4.30,4.80
2007.09.12 09:35:15.259,1.6583,1.6587,6.70,2.40
2007.09.12 09:35:17.761,1.6583,1.6587,4.30,4.80
2007.09.12 09:35:19.689,1.6583,1.6587,4.10,9.60
2007.09.12 09:35:19.804,1.6583,1.6587,0.20,9.60
2007.09.12 09:35:20.010,1.6582,1.6587,1.10,11.20
2007.09.12 09:35:20.075,1.6582,1.65865,1.10,4.80
2007.09.12 09:35:20.124,1.6582,1.65865,0.40,4.80
2007.09.12 09:35:20.341,1.6582,1.6586,0.40,2.40
2007.09.12 09:35:23.063,1.6582,1.6587,2.70,11.20
2007.09.12 09:35:23.076,1.6582,1.6587,2.70,6.40
2007.09.12 09:35:24.498,1.6582,1.6587,4.30,4.80
2007.09.12 09:35:25.000,1.6582,1.6587,2.70,6.40
2007.09.12 09:35:25.711,1.6582,1.6587,6.70,6.40
2007.09.12 09:35:26.033,1.6582,1.6587,16.20,6.40
2007.09.12 09:35:26.312,1.6583,1.6587,0.20,6.40
2007.09.12 09:35:26.449,1.6583,1.6588,0.40,11.20
2007.09.12 09:35:26.762,1.6583,1.6588,0.40,6.40
2007.09.12 09:35:26.872,1.6583,1.6588,2.70,6.40
2007.09.12 09:35:29.268,1.6583,1.6588,2.70,4.00
2007.09.12 09:35:40.402,1.6583,1.6588,4.30,2.40
2007.09.12 09:35:41.266,1.6584,1.65885,2.40,4.80
2007.09.12 09:35:41.576,1.6584,1.6589,2.50,22.30
2007.09.12 09:35:41.591,1.6584,1.6589,2.70,22.30
2007.09.12 09:35:42.227,1.6584,1.6589,2.70,17.50
2007.09.12 09:35:42.902,1.6584,1.6589,2.70,15.90
2007.09.12 09:35:43.110,1.6584,1.6589,2.70,20.70
2007.09.12 09:35:43.323,1.6584,1.6589,2.70,16.70
2007.09.12 09:35:44.040,1.6584,1.6588,4.30,4.00
2007.09.12 09:35:44.141,1.6584,1.6588,0.40,4.80
2007.09.12 09:35:44.767,1.6584,1.6588,0.40,7.20
2007.09.12 09:35:45.224,1.6584,1.6588,0.20,7.20
2007.09.12 09:35:46.559,1.6584,1.6588,0.20,12.00
2007.09.12 09:35:47.210,1.6584,1.65875,0.20,4.80
2007.09.12 09:35:47.476,1.6583,1.65875,4.80,4.80
2007.09.12 09:35:47.772,1.6583,1.65875,4.00,4.80
2007.09.12 09:35:48.739,1.65825,1.6587,0.20,7.20
2007.09.12 09:35:49.144,1.65825,1.6587,0.20,8.80
2007.09.12 09:35:49.461,1.65825,1.6587,0.20,7.20
2007.09.12 09:35:50.993,1.65825,1.6585,0.20,4.00
2007.09.12 09:35:51.418,1.6582,1.6585,2.40,4.00
2007.09.12 09:35:52.768,1.6582,1.6586,2.40,7.20
2007.09.12 09:35:52.846,1.6582,1.6586,2.40,6.40
2007.09.12 09:35:53.678,1.65825,1.6586,0.20,6.40
2007.09.12 09:35:53.871,1.65825,1.6586,0.20,4.00
2007.09.12 09:35:55.694,1.65825,1.6586,0.20,6.40
2007.09.12 09:35:58.150,1.6582,1.6586,3.40,6.40
2007.09.12 09:35:58.584,1.6581,1.6586,12.70,6.40
2007.09.12 09:35:58.641,1.6581,1.6586,12.70,4.00
2007.09.12 09:35:59.248,1.6581,1.6586,11.50,4.80
2007.09.12 09:35:59.484,1.6582,1.6586,1.60,8.80
2007.09.12 09:35:59.585,1.6581,1.6586,9.90,7.20
2007.09.12 09:36:04.215,1.65825,1.6586,0.20,7.20
2007.09.12 09:36:04.759,1.65825,1.6586,0.20,6.40
2007.09.12 09:36:05.064,1.65825,1.6586,0.20,4.00
2007.09.12 09:36:12.109,1.65825,1.6585,0.20,4.00
2007.09.12 09:36:12.679,1.6582,1.6585,5.80,4.00
2007.09.12 09:36:12.731,1.6582,1.6585,5.00,4.00
2007.09.12 09:36:14.085,1.6582,1.6585,2.60,4.00
2007.09.12 09:36:14.162,1.6582,1.6585,2.40,4.00
2007.09.12 09:36:19.561,1.6582,1.6586,6.40,3.20
2007.09.12 09:36:25.471,1.6582,1.6586,2.40,3.20
2007.09.12 09:36:25.576,1.6582,1.6586,2.40,7.20
2007.09.12 09:36:30.878,1.6581,1.6586,9.90,7.20
2007.09.12 09:36:36.223,1.6582,1.6586,2.40,8.80
2007.09.12 09:36:36.524,1.6582,1.6585,2.40,4.00
2007.09.12 09:36:38.921,1.6581,1.6585,2.40,4.80
2007.09.12 09:36:39.003,1.6581,1.6585,2.40,8.80
2007.09.12 09:36:39.537,1.6581,1.6585,2.40,8.00
2007.09.12 09:36:40.048,1.6581,1.6585,2.40,6.40
2007.09.12 09:36:40.400,1.6581,1.6585,2.40,7.20
2007.09.12 09:36:40.467,1.6581,1.6585,2.40,8.80
2007.09.12 09:36:41.359,1.6581,1.6585,2.40,13.60
2007.09.12 09:36:59.097,1.6581,1.6584,2.40,4.00
2007.09.12 09:37:53.761,1.6581,1.6585,2.40,13.60
2007.09.12 09:37:54.163,1.6581,1.6584,2.40,4.00
2007.09.12 09:37:56.038,1.6581,1.6585,2.40,8.80
2007.09.12 09:37:56.549,1.6581,1.6585,2.40,13.60
2007.09.12 09:37:56.664,1.6581,1.6584,2.40,4.00
2007.09.12 09:37:56.783,1.6581,1.6585,2.40,17.60
2007.09.12 09:37:56.871,1.6581,1.6585,2.40,13.60
2007.09.12 09:37:58.631,1.6581,1.6585,2.40,8.80
2007.09.12 09:38:02.105,1.6581,1.6585,2.40,13.60
2007.09.12 09:38:05.090,1.6581,1.6585,2.40,8.80
2007.09.12 09:38:06.741,1.6582,1.6585,0.30,8.80
2007.09.12 09:38:09.006,1.6582,1.6585,0.60,6.40
2007.09.12 09:38:10.004,1.6582,1.6585,0.30,6.40
2007.09.12 09:38:10.413,1.6582,1.6584,0.30,4.00
2007.09.12 09:38:10.530,1.6581,1.6584,2.40,4.00
2007.09.12 09:38:12.834,1.6581,1.6585,2.40,8.80
2007.09.12 09:38:13.659,1.6581,1.6584,2.40,4.00
2007.09.12 09:38:14.685,1.6581,1.6584,2.40,0.50
2007.09.12 09:38:16.767,1.6581,1.65855,2.40,13.60
2007.09.12 09:38:19.898,1.6581,1.6585,2.40,0.80
2007.09.12 09:38:20.216,1.6581,1.6585,2.40,0.80
2007.09.12 09:38:20.345,1.6581,1.6585,3.20,0.50
2007.09.12 09:38:20.542,1.6582,1.6585,0.30,0.50
2007.09.12 09:38:21.228,1.6582,1.6586,0.60,17.60
2007.09.12 09:38:23.776,1.6582,1.6585,0.60,8.00
2007.09.12 09:38:23.856,1.6582,1.6585,0.30,8.80
2007.09.12 09:38:24.561,1.6581,1.6585,2.40,8.80
2007.09.12 09:38:25.239,1.6581,1.65855,2.40,11.20
2007.09.12 09:38:25.894,1.6582,1.6585,0.30,0.70
2007.09.12 09:38:26.223,1.6582,1.6586,0.60,12.80
2007.09.12 09:38:26.525,1.6582,1.6586,0.60,12.80
2007.09.12 09:38:30.285,1.6582,1.6586,0.30,17.60
2007.09.12 09:38:32.971,1.6582,1.6586,0.60,17.60
2007.09.12 09:38:33.007,1.6582,1.6586,0.60,17.60
2007.09.12 09:38:33.315,1.6582,1.6586,0.60,15.20
2007.09.12 09:38:33.412,1.6582,1.6586,0.30,15.20
2007.09.12 09:38:33.544,1.6582,1.6586,0.30,15.20
2007.09.12 09:38:34.398,1.6582,1.6586,0.60,15.20
2007.09.12 09:38:34.688,1.6582,1.6586,0.60,15.20
2007.09.12 09:38:42.268,1.6582,1.6585,4.60,0.90
2007.09.12 09:38:42.616,1.6583,1.6586,0.30,15.20
2007.09.12 09:38:42.698,1.6583,1.6587,0.30,14.40
2007.09.12 09:38:42.851,1.6583,1.6587,0.30,14.40
2007.09.12 09:38:42.911,1.6583,1.65875,0.60,16.00
2007.09.12 09:38:43.836,1.6583,1.6587,0.60,0.60
2007.09.12 09:38:45.426,1.6583,1.6587,0.60,11.20
2007.09.12 09:38:45.484,1.6583,1.6587,0.60,7.20
2007.09.12 09:38:45.581,1.6584,1.6587,0.30,6.40
2007.09.12 09:38:45.720,1.6582,1.6587,23.10,6.40
2007.09.12 09:38:49.863,1.6582,1.65865,18.30,4.80
2007.09.12 09:38:49.875,1.6582,1.6586,14.30,4.00
2007.09.12 09:38:50.455,1.6582,1.6586,14.30,8.80
2007.09.12 09:38:50.523,1.6584,1.6585,0.30,2.40
2007.09.12 09:38:50.672,1.6583,1.6585,0.60,2.40
2007.09.12 09:38:50.897,1.6583,1.6585,0.30,2.40
2007.09.12 09:38:50.950,1.6583,1.6587,0.30,16.00
2007.09.12 09:38:52.111,1.6583,1.6587,0.60,16.00
2007.09.12 09:38:52.543,1.6583,1.6586,0.60,2.40
2007.09.12 09:38:53.231,1.6583,1.6586,0.60,4.00
2007.09.12 09:38:53.653,1.6581,1.6586,25.50,6.40
2007.09.12 09:38:55.354,1.6583,1.6586,0.60,6.40
2007.09.12 09:38:59.336,1.6584,1.6586,0.30,2.40
2007.09.12 09:38:59.828,1.6582,1.6586,14.30,2.40
2007.09.12 09:39:00.317,1.6584,1.6587,0.60,8.80
2007.09.12 09:39:00.402,1.6584,1.6587,0.60,4.80
2007.09.12 09:39:00.906,1.6584,1.6587,0.30,4.80
2007.09.12 09:39:01.471,1.65825,1.6587,0.30,8.80
2007.09.12 09:39:01.699,1.65825,1.6587,0.30,9.60
2007.09.12 09:39:01.790,1.65825,1.6587,0.30,7.20
2007.09.12 09:39:01.900,1.65825,1.6587,0.30,11.20
2007.09.12 09:39:02.852,1.6583,1.6587,4.00,7.20
2007.09.12 09:39:03.696,1.6583,1.6587,4.00,4.80
2007.09.12 09:39:03.818,1.6583,1.6587,4.00,5.60
2007.09.12 09:39:03.939,1.6583,1.6587,4.00,7.20
2007.09.12 09:39:04.136,1.65825,1.6586,0.30,4.00
2007.09.12 09:39:06.274,1.6583,1.6586,4.00,4.00
2007.09.12 09:39:06.389,1.6583,1.6587,15.90,4.80
2007.09.12 09:39:06.429,1.6583,1.6587,20.70,4.80
2007.09.12 09:39:06.496,1.6584,1.6587,0.30,0.80
2007.09.12 09:39:06.627,1.65845,1.6587,0.30,0.80
2007.09.12 09:39:06.920,1.65845,1.6588,0.30,6.40
2007.09.12 09:39:07.138,1.65845,1.6587,0.30,2.40
2007.09.12 09:39:07.220,1.65835,1.6587,0.30,2.40
2007.09.12 09:39:13.407,1.6583,1.6587,17.40,2.40
2007.09.12 09:39:20.933,1.6583,1.6588,19.00,8.80
2007.09.12 09:39:21.561,1.6583,1.6587,16.60,2.40
2007.09.12 09:39:44.157,1.6583,1.6587,6.70,2.40
2007.09.12 09:39:44.253,1.6583,1.6588,9.10,8.00
2007.09.12 09:39:44.544,1.65835,1.6588,4.80,8.00
2007.09.12 09:39:44.797,1.65855,1.6588,0.30,8.00
2007.09.12 09:39:45.288,1.65855,1.6588,0.30,4.00
2007.09.12 09:39:45.747,1.6584,1.6588,18.30,4.00
2007.09.12 09:39:45.819,1.6585,1.6588,0.30,4.00
2007.09.12 09:39:46.033,1.6585,1.6587,0.30,4.80
2007.09.12 09:39:46.835,1.6585,1.6587,0.30,4.80
2007.09.12 09:39:47.147,1.6584,1.6587,4.30,4.80
2007.09.12 09:39:47.437,1.6585,1.65885,0.30,4.80
2007.09.12 09:39:48.482,1.6584,1.65885,3.00,4.80
2007.09.12 09:39:48.582,1.6584,1.6588,0.60,4.00
2007.09.12 09:39:48.643,1.6584,1.6588,0.60,8.80
2007.09.12 09:39:49.756,1.6584,1.6588,0.60,7.20
2007.09.12 09:39:50.375,1.6582,1.6587,24.70,2.40
2007.09.12 09:39:54.495,1.6582,1.6586,11.50,4.80
2007.09.12 09:39:54.820,1.6582,1.6586,7.50,8.80
2007.09.12 09:39:54.864,1.6582,1.6586,3.10,13.60
2007.09.12 09:39:55.347,1.6582,1.6585,3.10,4.00
2007.09.12 09:40:00.389,1.6582,1.6585,7.10,4.00
2007.09.12 09:40:00.489,1.6582,1.6586,16.60,9.60
2007.09.12 09:40:00.709,1.6582,1.6586,19.00,4.80
2007.09.12 09:40:00.733,1.6582,1.6587,18.70,4.00
2007.09.12 09:40:01.036,1.6582,1.6587,18.30,4.00
2007.09.12 09:40:01.059,1.6582,1.6587,23.10,4.00
2007.09.12 09:40:01.150,1.6582,1.6587,24.70,2.40
2007.09.12 09:40:04.606,1.6584,1.6588,0.60,8.80
2007.09.12 09:40:04.806,1.6584,1.6588,0.60,7.20
2007.09.12 09:40:05.219,1.6584,1.6588,0.60,2.40
2007.09.12 09:40:05.231,1.6584,1.65885,3.00,4.80
2007.09.12 09:40:05.547,1.6584,1.65885,0.60,4.80
2007.09.12 09:40:05.862,1.6584,1.6589,0.60,18.30
2007.09.12 09:40:06.829,1.6585,1.6589,0.30,18.30
2007.09.12 09:40:06.906,1.6583,1.6589,13.60,18.30
2007.09.12 09:40:07.030,1.6585,1.6589,0.60,8.80
2007.09.12 09:40:07.581,1.6585,1.6589,0.60,7.20
2007.09.12 09:40:07.867,1.6585,1.6589,0.60,2.40
2007.09.12 09:40:08.222,1.6585,1.6589,0.60,11.90
2007.09.12 09:40:08.313,1.6585,1.6589,0.60,16.70
2007.09.12 09:40:08.541,1.6583,1.6589,8.80,18.30
