2014.12.29 11:00:00.018,1.49518,1.49536,1.00,1.00
2014.12.29 11:00:00.171,1.4952,1.49536,1.00,1.00
2014.12.29 11:00:00.678,1.49519,1.49537,1.00,1.50
2014.12.29 11:00:00.985,1.49521,1.49537,1.00,1.00
2014.12.29 11:00:03.142,1.49518,1.49537,1.00,1.00
2014.12.29 11:00:03.446,1.49521,1.49537,1.00,1.00
2014.12.29 11:00:04.883,1.49519,1.49537,1.00,1.37
2014.12.29 11:00:05.086,1.49523,1.49538,1.00,1.00
2014.12.29 11:00:05.289,1.49524,1.49541,1.00,1.10
2014.12.29 11:00:05.644,1.49523,1.49539,1.00,1.00
2014.12.29 11:00:05.796,1.49524,1.49541,1.00,1.00
2014.12.29 11:00:06.151,1.49525,1.49544,1.00,1.50
2014.12.29 11:00:06.202,1.49525,1.49544,1.87,1.00
2014.12.29 11:00:06.506,1.49532,1.49548,1.00,1.19
2014.12.29 11:00:06.810,1.49528,1.49542,1.00,1.00
2014.12.29 11:00:06.963,1.4953,1.49547,1.00,1.36
2014.12.29 11:00:07.064,1.49532,1.49548,1.00,1.12
2014.12.29 11:00:07.166,1.49532,1.4955,1.00,1.10
2014.12.29 11:00:07.369,1.49532,1.49543,1.00,1.00
2014.12.29 11:00:07.420,1.49526,1.49543,1.12,1.00
2014.12.29 11:00:07.573,1.49527,1.49545,1.00,1.00
2014.12.29 11:00:07.624,1.4953,1.49545,1.00,1.00
2014.12.29 11:00:07.877,1.4953,1.49547,1.00,1.25
2014.12.29 11:00:08.029,1.49531,1.49549,1.00,1.00
2014.12.29 11:00:08.131,1.49531,1.49549,1.37,1.00
2014.12.29 11:00:08.435,1.49536,1.49552,1.00,1.20
2014.12.29 11:00:08.638,1.49533,1.49552,1.12,1.47
2014.12.29 11:00:08.689,1.49533,1.49552,1.12,1.20
2014.12.29 11:00:09.044,1.49533,1.49552,1.12,1.47
2014.12.29 11:00:09.583,1.49533,1.49552,1.12,2.44
2014.12.29 11:00:10.067,1.4953,1.49546,1.75,1.00
2014.12.29 11:00:10.168,1.49528,1.49544,1.00,1.00
2014.12.29 11:00:10.270,1.4953,1.49548,1.50,1.76
2014.12.29 11:00:10.574,1.49537,1.49554,1.12,1.75
2014.12.29 11:00:11.082,1.49538,1.49554,1.00,1.20
2014.12.29 11:00:11.593,1.49537,1.49554,1.00,1.20
2014.12.29 11:00:11.859,1.49537,1.49554,1.00,1.00
2014.12.29 11:00:12.790,1.49537,1.49553,1.00,1.00
2014.12.29 11:00:12.841,1.49535,1.49553,1.00,1.50
2014.12.29 11:00:13.145,1.49537,1.49553,1.00,1.00
2014.12.29 11:00:13.989,1.49537,1.49555,1.50,1.65
2014.12.29 11:00:15.476,1.49537,1.49552,1.00,1.00
2014.12.29 11:00:15.781,1.49539,1.49554,1.37,1.07
2014.12.29 11:00:15.883,1.49544,1.49561,1.00,1.45
2014.12.29 11:00:15.985,1.49546,1.49562,1.87,1.12
2014.12.29 11:00:16.187,1.49552,1.49568,1.00,1.12
2014.12.29 11:00:16.390,1.49553,1.49572,1.00,2.06
2014.12.29 11:00:16.441,1.49555,1.49572,1.00,1.69
2014.12.29 11:00:16.897,1.49558,1.49575,1.87,1.12
2014.12.29 11:00:16.998,1.49558,1.49574,1.00,1.37
2014.12.29 11:00:17.050,1.49558,1.49574,1.00,1.00
2014.12.29 11:00:17.152,1.49559,1.49576,1.00,1.31
2014.12.29 11:00:17.254,1.49559,1.49577,1.00,1.57
2014.12.29 11:00:17.305,1.49557,1.49577,1.00,1.69
2014.12.29 11:00:17.406,1.49555,1.49575,1.00,1.32
2014.12.29 11:00:17.710,1.49553,1.49573,1.50,1.10
2014.12.29 11:00:17.863,1.49553,1.49573,1.00,1.20
2014.12.29 11:00:18.065,1.49553,1.49573,1.00,1.10
2014.12.29 11:00:19.526,1.49553,1.49573,1.50,1.37
2014.12.29 11:00:19.831,1.49551,1.49564,1.00,1.00
2014.12.29 11:00:19.883,1.49548,1.49564,1.00,1.00
2014.12.29 11:00:20.394,1.49546,1.49564,1.00,1.00
2014.12.29 11:00:20.546,1.49547,1.49567,1.00,1.19
2014.12.29 11:00:20.648,1.49549,1.49569,1.00,1.40
2014.12.29 11:00:20.952,1.49553,1.49571,1.50,1.00
2014.12.29 11:00:21.462,1.49553,1.49571,3.00,1.00
2014.12.29 11:00:21.564,1.49554,1.49574,1.12,1.25
2014.12.29 11:00:21.767,1.49552,1.49569,1.87,1.00
2014.12.29 11:00:22.173,1.49552,1.4957,1.37,1.10
2014.12.29 11:00:22.581,1.49555,1.49575,1.00,1.39
2014.12.29 11:00:23.542,1.49555,1.49575,1.00,1.01
2014.12.29 11:00:25.759,1.49552,1.49573,1.50,1.12
2014.12.29 11:00:26.064,1.49555,1.49573,1.00,1.50
2014.12.29 11:00:26.884,1.49551,1.49569,1.12,1.12
2014.12.29 11:00:27.158,1.49549,1.49567,1.87,1.07
2014.12.29 11:00:29.884,1.49549,1.49567,1.00,1.20
2014.12.29 11:00:30.188,1.49555,1.49573,1.00,1.69
2014.12.29 11:00:30.289,1.49552,1.49572,1.00,1.87
2014.12.29 11:00:30.594,1.49551,1.49568,1.00,1.45
2014.12.29 11:00:30.644,1.49549,1.49568,1.00,1.45
2014.12.29 11:00:31.055,1.49551,1.49568,1.00,1.45
2014.12.29 11:00:31.359,1.49553,1.49573,1.00,1.69
2014.12.29 11:00:31.461,1.49558,1.49574,1.00,1.12
2014.12.29 11:00:31.664,1.49559,1.49576,1.00,2.44
2014.12.29 11:00:31.816,1.49559,1.49576,1.00,1.32
2014.12.29 11:00:32.323,1.49559,1.49578,1.50,1.17
2014.12.29 11:00:33.502,1.49559,1.49577,1.00,1.37
2014.12.29 11:00:34.013,1.49559,1.49577,1.00,1.47
2014.12.29 11:00:34.526,1.49559,1.49577,1.00,1.39
2014.12.29 11:00:34.870,1.49559,1.49577,1.00,1.01
2014.12.29 11:00:35.139,1.49557,1.49577,1.00,1.01
2014.12.29 11:00:36.262,1.49557,1.49577,1.00,1.29
2014.12.29 11:00:36.467,1.49543,1.49562,2.25,1.00
2014.12.29 11:00:36.822,1.49543,1.4956,1.00,1.00
2014.12.29 11:00:39.591,1.49544,1.49562,1.00,1.25
2014.12.29 11:00:39.743,1.49546,1.49562,1.00,1.00
2014.12.29 11:00:39.793,1.49546,1.49564,1.50,1.00
2014.12.29 11:00:40.819,1.49548,1.49567,1.00,1.00
2014.12.29 11:00:40.972,1.49552,1.49568,1.00,1.00
2014.12.29 11:00:41.478,1.49553,1.49569,1.00,1.00
2014.12.29 11:00:41.529,1.49553,1.49572,1.00,1.00
2014.12.29 11:00:41.732,1.49556,1.49572,1.00,1.12
2014.12.29 11:00:42.239,1.49556,1.49574,1.00,1.87
2014.12.29 11:00:42.442,1.49556,1.49574,1.00,1.87
2014.12.29 11:00:42.645,1.49558,1.49574,1.00,1.12
2014.12.29 11:00:42.849,1.4956,1.49577,1.00,1.00
2014.12.29 11:00:42.951,1.4956,1.4958,1.50,1.76
2014.12.29 11:00:43.053,1.49563,1.4958,1.00,1.25
2014.12.29 11:00:43.362,1.49563,1.49577,1.00,1.00
2014.12.29 11:00:43.514,1.49563,1.49579,1.00,1.12
2014.12.29 11:00:43.923,1.49563,1.49581,1.00,1.00
2014.12.29 11:00:44.132,1.49563,1.49578,1.00,1.00
2014.12.29 11:00:44.436,1.49565,1.4958,1.00,1.69
2014.12.29 11:00:44.740,1.49563,1.4958,1.00,2.44
2014.12.29 11:00:45.274,1.49562,1.49579,1.00,1.57
2014.12.29 11:00:46.147,1.49564,1.49579,1.00,1.57
2014.12.29 11:00:46.250,1.49562,1.49579,1.00,1.57
2014.12.29 11:00:46.963,1.49562,1.49579,1.00,1.39
2014.12.29 11:00:47.065,1.49562,1.49576,1.00,1.00
2014.12.29 11:00:47.269,1.4956,1.49576,1.00,1.00
2014.12.29 11:00:47.371,1.49558,1.49576,1.00,1.00
2014.12.29 11:00:47.882,1.49557,1.49575,1.00,1.12
2014.12.29 11:00:48.393,1.49557,1.49574,1.00,1.37
2014.12.29 11:00:48.545,1.49554,1.49572,1.00,1.00
2014.12.29 11:00:49.163,1.49554,1.49566,1.00,1.00
2014.12.29 11:00:49.315,1.49548,1.49565,1.00,1.37
2014.12.29 11:00:49.468,1.49548,1.49562,1.00,1.00
2014.12.29 11:00:49.671,1.49545,1.49561,1.00,1.00
2014.12.29 11:00:49.773,1.49543,1.49562,1.00,1.10
2014.12.29 11:00:49.875,1.49543,1.4956,1.00,1.00
2014.12.29 11:00:50.381,1.49542,1.4956,1.50,1.00
2014.12.29 11:00:50.686,1.49549,1.49563,1.00,1.00
2014.12.29 11:00:50.788,1.49544,1.49563,1.00,1.00
2014.12.29 11:00:57.031,1.49543,1.49562,1.00,1.00
2014.12.29 11:00:57.547,1.49544,1.49561,1.00,1.00
2014.12.29 11:01:00.642,1.49544,1.49561,1.00,1.37
2014.12.29 11:01:01.639,1.49543,1.4956,1.00,1.00
2014.12.29 11:01:02.291,1.49544,1.4956,1.00,1.00
2014.12.29 11:01:05.299,1.49542,1.4956,1.00,1.12
2014.12.29 11:01:07.170,1.49545,1.49561,1.00,1.47
2014.12.29 11:01:07.686,1.49545,1.49561,1.00,1.00
2014.12.29 11:01:11.479,1.49546,1.49563,1.00,1.25
2014.12.29 11:01:11.985,1.49548,1.49566,1.00,1.69
2014.12.29 11:01:12.087,1.49553,1.4957,1.00,1.12
2014.12.29 11:01:12.492,1.49554,1.49572,1.50,1.00
2014.12.29 11:01:13.983,1.49558,1.49575,1.00,1.01
2014.12.29 11:01:14.489,1.49558,1.49575,1.00,1.17
2014.12.29 11:01:15.341,1.49558,1.49575,1.00,1.00
2014.12.29 11:01:16.828,1.4956,1.49578,1.00,1.40
2014.12.29 11:01:16.980,1.4956,1.4958,1.50,1.84
2014.12.29 11:01:17.032,1.49562,1.4958,1.00,1.26
2014.12.29 11:01:17.235,1.49563,1.49581,1.00,1.20
2014.12.29 11:01:18.100,1.49563,1.49581,1.00,1.17
2014.12.29 11:01:18.662,1.49563,1.49581,1.00,1.00
2014.12.29 11:01:19.841,1.49563,1.49581,1.00,1.17
2014.12.29 11:01:20.899,1.49562,1.49573,1.00,1.00
2014.12.29 11:01:21.001,1.49558,1.49573,1.00,1.00
2014.12.29 11:01:21.102,1.49557,1.49571,1.00,1.00
2014.12.29 11:01:21.255,1.49553,1.49571,1.50,1.00
2014.12.29 11:01:22.404,1.49553,1.4957,1.00,1.00
2014.12.29 11:01:23.049,1.49552,1.4957,1.00,1.50
2014.12.29 11:01:24.060,1.49552,1.4957,1.37,1.50
2014.12.29 11:01:24.212,1.49554,1.49572,1.87,1.50
2014.12.29 11:01:25.139,1.49554,1.49574,2.62,1.00
2014.12.29 11:01:25.191,1.49561,1.49576,1.00,1.00
2014.12.29 11:01:25.242,1.49561,1.49579,1.50,1.69
2014.12.29 11:01:25.547,1.49563,1.49579,1.00,1.00
2014.12.29 11:01:25.750,1.49563,1.49581,1.50,1.50
2014.12.29 11:01:27.189,1.49563,1.49581,1.50,1.87
2014.12.29 11:01:27.494,1.49558,1.49573,1.37,1.12
2014.12.29 11:01:27.952,1.49554,1.49571,1.37,1.00
2014.12.29 11:01:28.479,1.49557,1.49572,1.37,1.00
2014.12.29 11:01:30.367,1.49557,1.49572,1.00,1.00
2014.12.29 11:01:30.469,1.49555,1.49573,1.00,1.37
2014.12.29 11:01:30.975,1.49554,1.49571,1.00,1.00
2014.12.29 11:01:31.076,1.49554,1.49569,1.00,1.00
2014.12.29 11:01:31.930,1.49551,1.49569,1.00,1.25
2014.12.29 11:01:32.434,1.4955,1.49569,1.00,1.25
2014.12.29 11:01:35.242,1.4955,1.49566,1.00,1.00
2014.12.29 11:01:36.074,1.49549,1.49565,1.00,1.00
2014.12.29 11:01:39.769,1.49549,1.49567,1.00,1.69
2014.12.29 11:01:40.383,1.49551,1.49567,1.00,1.12
2014.12.29 11:01:40.693,1.49555,1.49571,1.00,1.00
2014.12.29 11:01:41.207,1.49554,1.49571,1.00,1.00
2014.12.29 11:01:42.453,1.49551,1.49571,1.50,1.50
2014.12.29 11:01:44.483,1.49551,1.49569,1.00,1.00
2014.12.29 11:01:44.787,1.49555,1.49571,1.00,1.00
2014.12.29 11:01:45.306,1.49552,1.49571,1.00,1.00
2014.12.29 11:01:54.783,1.49551,1.49569,1.50,1.00
2014.12.29 11:02:04.405,1.49554,1.49569,1.00,1.00
2014.12.29 11:02:04.456,1.49554,1.49572,1.00,1.00
2014.12.29 11:02:04.509,1.4956,1.49572,1.00,1.00
2014.12.29 11:02:04.612,1.49552,1.49569,2.25,1.00
2014.12.29 11:02:04.714,1.49553,1.49567,1.50,1.00
2014.12.29 11:02:04.866,1.49547,1.49563,1.00,1.00
2014.12.29 11:02:05.019,1.49545,1.49558,1.00,1.00
2014.12.29 11:02:05.121,1.4954,1.49558,1.00,1.00
2014.12.29 11:02:06.643,1.49541,1.49559,1.50,1.12
2014.12.29 11:02:08.933,1.49541,1.4956,1.00,1.00
2014.12.29 11:02:09.288,1.49544,1.49562,1.00,1.50
2014.12.29 11:02:10.119,1.49547,1.49562,1.00,1.00
2014.12.29 11:02:10.170,1.49547,1.49564,1.00,1.87
2014.12.29 11:02:10.692,1.49548,1.49566,1.00,1.69
2014.12.29 11:02:11.304,1.49548,1.49566,1.00,1.69
2014.12.29 11:02:12.166,1.49552,1.49568,1.00,1.00
2014.12.29 11:02:12.825,1.49555,1.4957,1.00,1.00
2014.12.29 11:02:12.926,1.49553,1.4957,1.00,1.00
2014.12.29 11:02:13.027,1.4955,1.49565,1.20,1.00
2014.12.29 11:02:13.415,1.49546,1.49563,1.50,1.00
2014.12.29 11:02:13.467,1.49546,1.49563,1.00,1.00
2014.12.29 11:02:13.980,1.49545,1.49563,1.00,1.00
2014.12.29 11:02:16.333,1.49548,1.49563,1.12,1.00
2014.12.29 11:02:16.435,1.49556,1.49574,1.50,1.75
2014.12.29 11:02:16.487,1.49556,1.49574,1.50,1.10
2014.12.29 11:02:16.538,1.49558,1.49576,1.00,1.57
2014.12.29 11:02:16.842,1.49567,1.4958,1.12,1.00
2014.12.29 11:02:16.894,1.49567,1.49585,1.50,1.00
2014.12.29 11:02:16.945,1.49568,1.49588,1.12,1.25
2014.12.29 11:02:17.258,1.49564,1.49582,2.14,1.00
2014.12.29 11:02:17.411,1.49566,1.49581,1.10,1.00
2014.12.29 11:02:17.928,1.49565,1.49581,1.00,1.00
2014.12.29 11:02:22.691,1.49565,1.4958,1.00,1.00
2014.12.29 11:02:25.563,1.49563,1.4958,1.00,1.00
2014.12.29 11:02:29.823,1.49563,1.49578,1.00,1.00
2014.12.29 11:02:29.874,1.4956,1.49578,1.50,1.00
2014.12.29 11:02:33.294,1.49563,1.49578,1.00,1.00
2014.12.29 11:02:33.598,1.49561,1.49574,1.00,1.00
2014.12.29 11:02:33.751,1.49556,1.49571,1.00,1.00
2014.12.29 11:02:34.258,1.49556,1.4957,1.00,1.00
2014.12.29 11:02:34.512,1.49553,1.4957,1.00,1.00
2014.12.29 11:02:34.715,1.49555,1.4957,1.00,1.07
2014.12.29 11:02:34.919,1.49553,1.4957,1.00,1.00
2014.12.29 11:02:39.015,1.49551,1.4957,1.00,1.00
2014.12.29 11:02:39.527,1.49552,1.4957,1.00,1.00
2014.12.29 11:02:41.207,1.49552,1.49569,1.00,1.00
2014.12.29 11:02:41.309,1.49547,1.49567,1.50,1.69
2014.12.29 11:02:41.411,1.49548,1.49565,1.00,1.00
2014.12.29 11:02:41.716,1.49551,1.49571,1.50,1.50
2014.12.29 11:02:41.767,1.49553,1.49571,1.00,1.50
2014.12.29 11:02:42.814,1.49554,1.49571,1.00,1.00
2014.12.29 11:02:43.982,1.49551,1.49567,1.00,1.00
2014.12.29 11:02:44.084,1.49549,1.49567,1.00,1.00
2014.12.29 11:02:44.591,1.4955,1.49568,1.00,1.00
2014.12.29 11:02:46.881,1.49549,1.49566,1.87,1.00
2014.12.29 11:02:47.187,1.49543,1.49557,1.00,1.00
2014.12.29 11:02:47.238,1.49543,1.49561,1.00,1.00
2014.12.29 11:02:47.390,1.49546,1.49562,1.00,1.00
2014.12.29 11:02:47.593,1.49548,1.49566,1.00,1.00
2014.12.29 11:02:48.049,1.4955,1.49567,1.00,1.00
2014.12.29 11:02:48.353,1.49546,1.49563,1.00,1.00
2014.12.29 11:02:48.658,1.49548,1.49564,1.00,1.00
2014.12.29 11:02:48.709,1.49549,1.49569,1.50,1.50
2014.12.29 11:02:49.697,1.49553,1.49569,1.00,1.00
2014.12.29 11:02:49.799,1.49553,1.49571,1.50,1.50
2014.12.29 11:02:50.843,1.49556,1.49571,1.00,1.00
2014.12.29 11:02:50.894,1.49556,1.49574,1.00,1.25
2014.12.29 11:02:51.199,1.49559,1.49577,1.00,1.17
2014.12.29 11:02:51.708,1.49559,1.49577,1.00,1.75
2014.12.29 11:02:51.760,1.49557,1.49575,1.00,1.69
2014.12.29 11:02:51.811,1.49551,1.49559,1.17,1.00
2014.12.29 11:02:51.862,1.49548,1.49557,1.12,1.00
2014.12.29 11:02:51.913,1.49547,1.49558,1.00,1.00
2014.12.29 11:02:52.015,1.49545,1.49563,1.00,1.69
2014.12.29 11:02:52.523,1.49546,1.49565,1.00,1.00
2014.12.29 11:02:52.624,1.49546,1.49562,1.00,1.00
2014.12.29 11:02:52.776,1.49544,1.49562,1.50,1.00
2014.12.29 11:02:53.508,1.49544,1.49562,1.00,1.37
2014.12.29 11:02:53.661,1.4954,1.49557,1.00,1.00
2014.12.29 11:02:58.736,1.4954,1.49556,1.00,1.00
2014.12.29 11:02:58.837,1.4954,1.49554,1.00,1.00
2014.12.29 11:02:58.939,1.49538,1.49554,1.00,1.00
2014.12.29 11:02:59.444,1.49537,1.49554,1.00,1.00
2014.12.29 11:03:00.984,1.49539,1.49554,1.00,1.00
2014.12.29 11:03:01.541,1.49536,1.49553,1.00,1.00
2014.12.29 11:03:01.744,1.49536,1.49546,1.00,1.00
2014.12.29 11:03:01.795,1.49534,1.49546,1.00,1.00
2014.12.29 11:03:01.896,1.49528,1.49546,1.10,1.50
2014.12.29 11:03:01.947,1.49528,1.49543,1.00,1.00
2014.12.29 11:03:01.998,1.49525,1.49543,1.00,1.50
2014.12.29 11:03:02.503,1.49525,1.49542,1.00,1.00
2014.12.29 11:03:04.764,1.49527,1.49543,1.00,1.00
2014.12.29 11:03:06.166,1.49534,1.49547,1.00,1.00
2014.12.29 11:03:06.267,1.49534,1.49552,1.37,1.01
2014.12.29 11:03:06.419,1.49535,1.49555,2.25,1.50
2014.12.29 11:03:06.521,1.49539,1.49557,1.00,2.06
2014.12.29 11:03:06.862,1.49539,1.49554,1.00,1.00
2014.12.29 11:03:07.371,1.49538,1.49554,1.00,1.00
2014.12.29 11:03:07.776,1.49538,1.49549,1.00,1.00
2014.12.29 11:03:07.827,1.49531,1.49549,1.50,1.50
2014.12.29 11:03:07.878,1.49531,1.49545,1.00,1.00
2014.12.29 11:03:07.930,1.49527,1.49545,1.57,1.00
2014.12.29 11:03:08.385,1.49529,1.49544,1.00,1.00
2014.12.29 11:03:08.486,1.49537,1.49554,1.00,1.00
2014.12.29 11:03:08.588,1.49539,1.49557,1.00,2.40
2014.12.29 11:03:08.639,1.49539,1.49557,1.00,2.25
2014.12.29 11:03:08.791,1.49539,1.49554,1.00,1.00
2014.12.29 11:03:09.247,1.49536,1.49554,1.50,1.00
2014.12.29 11:03:09.757,1.49536,1.49553,1.00,1.00
2014.12.29 11:03:14.152,1.49536,1.49553,1.00,1.37
2014.12.29 11:03:14.306,1.49531,1.49547,1.00,1.00
2014.12.29 11:03:14.761,1.49531,1.4955,1.20,1.00
2014.12.29 11:03:15.015,1.49533,1.49551,1.12,1.00
2014.12.29 11:03:15.319,1.49539,1.49557,1.50,1.00
2014.12.29 11:03:15.623,1.49539,1.49557,1.95,1.00
2014.12.29 11:03:15.724,1.4954,1.49559,1.27,1.00
2014.12.29 11:03:16.990,1.4954,1.49559,1.12,1.00
2014.12.29 11:03:20.909,1.49541,1.49559,1.00,1.00
2014.12.29 11:03:21.464,1.49542,1.49559,1.00,1.00
2014.12.29 11:03:22.121,1.49538,1.4955,1.00,1.00
2014.12.29 11:03:22.223,1.49532,1.49548,1.00,1.00
2014.12.29 11:03:22.629,1.49531,1.49546,1.00,1.00
2014.12.29 11:03:22.781,1.49528,1.49546,1.87,1.00
2014.12.29 11:03:22.832,1.49529,1.49548,1.00,1.00
2014.12.29 11:03:23.338,1.4953,1.49548,1.00,1.00
2014.12.29 11:03:23.880,1.49532,1.49549,1.00,1.00
2014.12.29 11:03:24.184,1.4954,1.49557,1.00,1.00
2014.12.29 11:03:24.488,1.49539,1.49553,1.00,1.00
2014.12.29 11:03:24.539,1.49535,1.49553,1.00,1.50
2014.12.29 11:03:24.944,1.49534,1.49551,1.00,1.00
2014.12.29 11:03:25.198,1.49532,1.49551,1.00,1.00
2014.12.29 11:03:26.233,1.49532,1.49551,1.00,1.17
2014.12.29 11:03:26.797,1.49532,1.49551,1.37,1.17
2014.12.29 11:03:27.000,1.49534,1.49552,1.87,1.50
2014.12.29 11:03:28.336,1.49535,1.49552,1.00,1.00
2014.12.29 11:03:28.387,1.49536,1.49554,1.00,1.00
2014.12.29 11:03:28.945,1.49536,1.49554,1.00,1.17
2014.12.29 11:03:29.098,1.49536,1.49554,1.00,1.20
2014.12.29 11:03:29.149,1.49536,1.49554,1.50,1.20
2014.12.29 11:03:29.527,1.49537,1.49553,1.37,1.12
2014.12.29 11:03:29.831,1.49536,1.49545,1.00,1.00
2014.12.29 11:03:29.933,1.49527,1.49543,1.00,1.00
2014.12.29 11:03:34.071,1.49527,1.4954,1.00,1.00
2014.12.29 11:03:34.223,1.49525,1.4954,1.12,1.00
2014.12.29 11:03:35.084,1.4953,1.49548,1.12,2.62
2014.12.29 11:03:35.135,1.4953,1.49548,1.50,1.50
2014.12.29 11:03:35.439,1.49532,1.49548,1.00,1.00
2014.12.29 11:03:38.172,1.49531,1.49548,1.00,1.00
2014.12.29 11:03:39.089,1.4953,1.49548,1.00,1.00
2014.12.29 11:03:40.081,1.49529,1.49542,1.00,1.00
2014.12.29 11:03:40.183,1.49526,1.49544,1.50,1.50
2014.12.29 11:03:40.489,1.4953,1.49548,1.00,1.00
2014.12.29 11:03:40.994,1.49531,1.49548,1.00,1.00
2014.12.29 11:03:41.542,1.49531,1.49549,1.50,1.00
2014.12.29 11:03:42.305,1.49531,1.49541,1.00,1.00
2014.12.29 11:03:42.884,1.49531,1.49542,1.00,1.00
2014.12.29 11:03:43.189,1.49534,1.49542,1.00,1.00
2014.12.29 11:03:45.716,1.49534,1.49542,1.00,1.00
2014.12.29 11:03:46.385,1.49534,1.49543,1.00,1.00
2014.12.29 11:03:48.407,1.49534,1.4954,1.00,1.00
2014.12.29 11:03:48.509,1.49528,1.49536,1.57,1.00
2014.12.29 11:03:48.661,1.49525,1.49534,1.47,1.00
2014.12.29 11:03:48.712,1.49525,1.49536,1.00,1.00
2014.12.29 11:03:48.864,1.49528,1.49536,1.00,1.00
2014.12.29 11:03:48.915,1.49528,1.49543,1.00,1.00
2014.12.29 11:03:48.966,1.49531,1.49543,1.00,1.00
2014.12.29 11:03:49.301,1.49525,1.49534,1.25,1.00
2014.12.29 11:03:51.609,1.49523,1.49535,1.00,1.00
2014.12.29 11:03:51.710,1.49523,1.49532,1.00,1.00
2014.12.29 11:03:52.319,1.49523,1.49535,1.00,1.00
2014.12.29 11:03:52.747,1.49524,1.49537,1.00,1.00
2014.12.29 11:03:53.861,1.49524,1.4953,1.00,1.00
2014.12.29 11:03:53.912,1.4952,1.4953,1.27,1.00
2014.12.29 11:03:54.013,1.49517,1.4953,1.00,1.00
2014.12.29 11:03:54.571,1.49521,1.4953,1.00,1.00
2014.12.29 11:03:54.622,1.49521,1.49534,1.00,1.00
2014.12.29 11:03:56.667,1.49517,1.49532,1.00,1.00
2014.12.29 11:03:56.870,1.49517,1.4953,1.00,1.00
2014.12.29 11:03:56.971,1.49515,1.4953,1.00,1.00
2014.12.29 11:03:58.988,1.49515,1.49531,1.00,1.00
2014.12.29 11:04:00.381,1.49517,1.49531,1.00,1.00
2014.12.29 11:04:00.837,1.49516,1.49529,1.00,1.00
2014.12.29 11:04:00.888,1.49514,1.49529,1.00,1.00
2014.12.29 11:04:00.939,1.49514,1.49527,1.00,1.00
2014.12.29 11:04:03.905,1.49513,1.49527,1.00,1.00
2014.12.29 11:04:07.672,1.49513,1.49526,1.00,1.00
2014.12.29 11:04:08.307,1.49511,1.49526,1.00,1.00
2014.12.29 11:04:10.452,1.49511,1.49526,1.37,1.00
2014.12.29 11:04:10.503,1.49519,1.49535,1.00,1.47
2014.12.29 11:04:10.808,1.49522,1.49535,1.00,1.00
2014.12.29 11:04:10.960,1.49519,1.49535,1.00,1.00
2014.12.29 11:04:11.012,1.49519,1.49533,1.00,1.00
2014.12.29 11:04:11.315,1.49511,1.49527,1.00,1.00
2014.12.29 11:04:11.417,1.49511,1.49523,1.00,1.00
2014.12.29 11:04:11.519,1.49508,1.49523,1.00,1.00
2014.12.29 11:04:11.721,1.49506,1.49522,1.00,1.00
2014.12.29 11:04:12.683,1.49506,1.49524,1.12,1.50
2014.12.29 11:04:13.198,1.49507,1.49524,1.00,1.00
2014.12.29 11:04:16.473,1.49505,1.49524,1.69,1.00
2014.12.29 11:04:16.827,1.4951,1.49525,1.00,1.00
2014.12.29 11:04:16.929,1.4951,1.49529,1.00,1.00
2014.12.29 11:04:17.030,1.49512,1.49528,1.00,1.00
2014.12.29 11:04:17.536,1.49511,1.49528,1.00,1.00
2014.12.29 11:04:19.528,1.49513,1.49529,1.00,1.00
2014.12.29 11:04:19.781,1.49515,1.49533,1.00,1.50
2014.12.29 11:04:19.962,1.49515,1.4953,1.00,1.00
2014.12.29 11:04:20.268,1.49512,1.49527,1.00,1.00
2014.12.29 11:04:20.320,1.49509,1.49527,2.06,1.00
2014.12.29 11:04:21.534,1.49509,1.49527,1.50,1.00
2014.12.29 11:04:21.737,1.49509,1.49525,1.00,1.00
2014.12.29 11:04:22.823,1.49509,1.49526,1.12,1.00
2014.12.29 11:04:23.912,1.4951,1.49529,1.00,1.00
2014.12.29 11:04:23.963,1.4951,1.49529,1.56,1.00
2014.12.29 11:04:24.270,1.49519,1.49536,1.00,1.00
2014.12.29 11:04:24.586,1.49519,1.49534,1.12,1.00
2014.12.29 11:04:25.164,1.49521,1.49534,1.00,1.00
2014.12.29 11:04:26.574,1.49517,1.49534,1.00,1.00
2014.12.29 11:04:26.727,1.49517,1.49532,1.00,1.00
2014.12.29 11:04:27.558,1.49517,1.49534,1.00,1.00
2014.12.29 11:04:39.794,1.49517,1.49535,1.00,1.00
2014.12.29 11:04:46.701,1.49516,1.49525,1.00,1.00
2014.12.29 11:04:46.803,1.49508,1.49525,1.50,1.00
2014.12.29 11:04:47.005,1.49506,1.49523,1.00,1.00
2014.12.29 11:04:47.325,1.49506,1.49521,1.00,1.00
2014.12.29 11:04:47.376,1.49506,1.49524,1.87,1.50
2014.12.29 11:04:47.477,1.49509,1.49524,1.00,1.00
2014.12.29 11:04:47.984,1.4951,1.49524,1.00,1.00
2014.12.29 11:04:49.921,1.49507,1.49524,1.00,1.00
2014.12.29 11:04:50.455,1.49507,1.49523,1.00,1.00
2014.12.29 11:04:50.684,1.49509,1.49523,1.00,1.00
2014.12.29 11:04:50.887,1.49509,1.49527,1.00,1.69
2014.12.29 11:04:50.988,1.49511,1.49527,1.00,1.25
2014.12.29 11:04:51.090,1.49512,1.4953,1.37,1.25
2014.12.29 11:04:51.192,1.49512,1.49532,2.25,1.50
2014.12.29 11:04:51.715,1.49514,1.49532,1.00,1.00
2014.12.29 11:04:55.895,1.49514,1.49532,1.50,1.00
2014.12.29 11:04:56.305,1.49516,1.49526,1.00,1.00
2014.12.29 11:04:56.407,1.4951,1.49526,1.00,1.00
2014.12.29 11:04:56.919,1.49509,1.49526,1.00,1.00
2014.12.29 11:04:57.424,1.49509,1.49525,1.00,1.00
2014.12.29 11:04:58.637,1.49509,1.49523,1.00,1.00
2014.12.29 11:05:01.907,1.49504,1.49522,1.10,1.00
2014.12.29 11:05:11.149,1.49504,1.49523,1.00,1.00
2014.12.29 11:05:11.301,1.49504,1.49523,1.17,1.00
2014.12.29 11:05:12.044,1.49504,1.49523,1.00,1.00
2014.12.29 11:05:12.978,1.49506,1.49523,1.00,1.00
2014.12.29 11:05:21.538,1.49506,1.49521,1.00,1.00
2014.12.29 11:05:22.157,1.49508,1.49524,1.00,1.00
2014.12.29 11:05:22.641,1.49511,1.49526,1.00,1.00
2014.12.29 11:05:22.793,1.49517,1.49535,1.00,1.57
2014.12.29 11:05:23.339,1.49518,1.49535,1.00,1.00
2014.12.29 11:05:23.440,1.49518,1.49533,1.00,1.00
2014.12.29 11:05:24.813,1.49518,1.49533,1.00,1.37
2014.12.29 11:05:25.067,1.49509,1.49523,1.00,1.00
2014.12.29 11:05:25.119,1.49507,1.49523,1.00,1.00
2014.12.29 11:05:29.162,1.49509,1.49523,1.00,1.00
2014.12.29 11:05:35.903,1.49509,1.49521,1.00,1.00
2014.12.29 11:05:36.678,1.49509,1.49527,1.50,1.50
2014.12.29 11:05:36.881,1.49511,1.49527,1.00,1.00
2014.12.29 11:05:37.400,1.49513,1.4953,1.00,1.00
2014.12.29 11:05:37.451,1.49513,1.4953,1.50,1.00
2014.12.29 11:05:37.553,1.4952,1.49537,1.00,1.00
2014.12.29 11:05:37.654,1.49523,1.49538,1.00,1.00
2014.12.29 11:05:37.705,1.49523,1.4954,1.00,1.00
2014.12.29 11:05:37.756,1.49526,1.4954,1.00,1.00
2014.12.29 11:05:37.807,1.49526,1.49542,1.00,1.25
2014.12.29 11:05:38.438,1.49533,1.49542,1.12,1.00
2014.12.29 11:05:38.641,1.49544,1.49564,1.12,1.00
2014.12.29 11:05:38.743,1.49553,1.49572,1.00,1.75
2014.12.29 11:05:38.794,1.49553,1.49574,1.00,1.00
2014.12.29 11:05:38.895,1.4955,1.49575,1.50,1.20
2014.12.29 11:05:39.047,1.49551,1.49575,1.00,1.75
2014.12.29 11:05:39.351,1.49553,1.49572,1.00,1.00
2014.12.29 11:05:39.402,1.49553,1.49574,1.00,1.00
2014.12.29 11:05:39.928,1.49554,1.49574,1.00,1.00
2014.12.29 11:05:40.080,1.49556,1.49573,1.00,1.00
2014.12.29 11:05:40.615,1.49556,1.49572,1.00,1.00
2014.12.29 11:05:42.130,1.49556,1.49569,1.00,1.00
2014.12.29 11:05:42.486,1.49554,1.49569,1.00,1.00
2014.12.29 11:05:42.639,1.49551,1.49568,1.00,1.00
2014.12.29 11:05:42.892,1.49551,1.49565,1.00,1.00
2014.12.29 11:05:43.424,1.4955,1.49565,1.00,1.00
2014.12.29 11:05:47.935,1.4955,1.49567,2.25,1.00
2014.12.29 11:05:48.088,1.49552,1.49567,1.00,1.00
2014.12.29 11:05:50.117,1.49552,1.49565,1.00,1.00
2014.12.29 11:05:50.168,1.4955,1.49565,1.00,1.00
2014.12.29 11:05:50.269,1.49547,1.49565,1.00,1.00
2014.12.29 11:05:50.320,1.49546,1.49561,1.00,1.00
2014.12.29 11:05:50.422,1.49543,1.49561,2.25,1.00
2014.12.29 11:05:52.546,1.49552,1.49569,1.37,1.87
2014.12.29 11:05:52.698,1.49559,1.49575,1.00,1.00
2014.12.29 11:05:52.800,1.49561,1.49577,1.00,1.00
2014.12.29 11:05:54.028,1.49559,1.49577,1.00,1.00
2014.12.29 11:05:54.534,1.49559,1.49576,1.00,1.00
2014.12.29 11:05:55.363,1.49555,1.49575,1.50,1.00
2014.12.29 11:05:55.828,1.49555,1.49575,2.25,1.00
2014.12.29 11:05:55.930,1.49565,1.49579,1.37,1.00
2014.12.29 11:05:56.031,1.49565,1.49579,1.00,1.00
2014.12.29 11:05:56.133,1.49561,1.49578,1.00,1.00
2014.12.29 11:05:56.235,1.49559,1.49578,1.00,1.00
2014.12.29 11:05:56.336,1.49557,1.49576,1.00,1.00
2014.12.29 11:05:58.451,1.49557,1.49573,1.00,1.00
2014.12.29 11:05:58.517,1.49555,1.49573,1.50,1.00
2014.12.29 11:05:59.573,1.49555,1.49573,1.87,1.00
2014.12.29 11:06:03.436,1.49557,1.49573,1.00,1.00
2014.12.29 11:06:03.639,1.49557,1.49571,1.37,1.00
2014.12.29 11:06:03.849,1.49554,1.49571,1.50,1.00
2014.12.29 11:06:10.333,1.49554,1.49571,1.87,1.00
2014.12.29 11:06:10.385,1.49559,1.49578,1.00,1.00
2014.12.29 11:06:10.689,1.49559,1.49575,1.00,1.00
2014.12.29 11:06:10.841,1.49556,1.49575,1.12,1.00
2014.12.29 11:06:11.094,1.49556,1.49572,1.00,1.00
2014.12.29 11:06:12.093,1.49556,1.49572,1.37,1.00
2014.12.29 11:06:12.195,1.49559,1.49577,1.50,1.00
2014.12.29 11:06:12.499,1.49554,1.49571,1.57,1.00
2014.12.29 11:06:13.035,1.49554,1.49571,1.50,1.00
2014.12.29 11:06:14.161,1.49557,1.49571,1.00,1.00
2014.12.29 11:06:14.212,1.49558,1.49578,1.00,1.50
2014.12.29 11:06:14.263,1.4956,1.49578,1.00,1.00
2014.12.29 11:06:14.567,1.4956,1.49573,1.00,1.00
2014.12.29 11:06:14.820,1.49555,1.49573,1.50,1.00
2014.12.29 11:06:15.498,1.49559,1.49573,1.00,1.00
2014.12.29 11:06:16.378,1.49561,1.49577,1.00,1.00
2014.12.29 11:06:16.480,1.49562,1.49579,1.00,1.00
2014.12.29 11:06:16.998,1.49563,1.49579,1.00,1.00
2014.12.29 11:06:17.777,1.49563,1.49577,1.00,1.00
2014.12.29 11:06:17.879,1.49561,1.49577,1.00,1.00
2014.12.29 11:06:18.471,1.49559,1.49577,1.50,1.00
2014.12.29 11:06:25.824,1.49561,1.49579,1.00,1.00
2014.12.29 11:06:26.339,1.49562,1.49579,1.00,1.00
2014.12.29 11:06:27.035,1.49563,1.49579,1.00,1.00
2014.12.29 11:06:29.317,1.4956,1.49579,1.00,1.00
2014.12.29 11:06:29.526,1.4956,1.49576,1.00,1.00
2014.12.29 11:06:30.430,1.4956,1.49578,1.87,1.00
2014.12.29 11:06:31.510,1.49561,1.49581,1.00,1.50
2014.12.29 11:06:31.947,1.49563,1.49582,1.00,1.00
2014.12.29 11:06:32.302,1.49566,1.49582,1.00,1.00
2014.12.29 11:06:32.454,1.49566,1.49585,1.00,1.00
2014.12.29 11:06:32.555,1.49564,1.49583,1.00,1.00
2014.12.29 11:06:33.092,1.49563,1.49583,1.87,1.50
2014.12.29 11:06:33.194,1.49568,1.49585,1.00,1.00
2014.12.29 11:06:33.347,1.49568,1.49587,1.00,1.00
2014.12.29 11:06:33.398,1.4957,1.49587,1.12,1.00
2014.12.29 11:06:33.449,1.49571,1.4959,1.00,1.00
2014.12.29 11:06:33.964,1.49571,1.49591,1.87,1.00
2014.12.29 11:06:34.374,1.49571,1.49591,3.00,1.00
2014.12.29 11:06:34.527,1.49579,1.49597,1.00,1.50
2014.12.29 11:06:35.037,1.4958,1.49597,1.00,1.00
2014.12.29 11:06:35.753,1.4958,1.49598,1.50,1.00
2014.12.29 11:06:35.855,1.49584,1.49598,1.00,1.00
2014.12.29 11:06:36.160,1.4958,1.49598,1.50,1.00
2014.12.29 11:06:36.758,1.49579,1.49598,1.00,1.00
2014.12.29 11:06:37.265,1.49579,1.49597,1.00,1.00
2014.12.29 11:06:37.793,1.49578,1.49597,1.10,1.00
2014.12.29 11:06:39.453,1.49578,1.49594,1.10,1.00
2014.12.29 11:06:39.757,1.49574,1.49592,2.25,1.00
2014.12.29 11:06:39.859,1.49576,1.49595,1.00,1.00
2014.12.29 11:06:40.164,1.49576,1.49587,1.00,1.00
2014.12.29 11:06:40.215,1.49569,1.49587,3.75,1.00
2014.12.29 11:06:40.368,1.49567,1.49586,1.10,1.00
2014.12.29 11:06:40.874,1.49568,1.49586,1.10,1.00
2014.12.29 11:06:41.381,1.49568,1.49588,1.57,1.00
2014.12.29 11:06:41.432,1.4957,1.49588,1.00,1.00
2014.12.29 11:06:41.736,1.4957,1.49588,1.12,1.00
2014.12.29 11:06:41.888,1.49572,1.4959,1.95,1.00
2014.12.29 11:06:41.990,1.49575,1.49592,1.00,1.00
2014.12.29 11:06:42.294,1.49577,1.49588,1.00,1.00
2014.12.29 11:06:42.345,1.49571,1.49588,1.50,1.00
2014.12.29 11:06:42.397,1.49573,1.49591,1.00,1.00
2014.12.29 11:06:42.906,1.49574,1.49591,1.00,1.00
2014.12.29 11:06:43.732,1.49573,1.49591,1.10,1.00
2014.12.29 11:06:44.506,1.49574,1.49592,1.00,1.00
2014.12.29 11:06:44.658,1.49576,1.49594,1.00,1.00
2014.12.29 11:06:44.988,1.49601,1.49621,1.00,1.75
2014.12.29 11:06:45.089,1.49599,1.49625,1.20,1.00
2014.12.29 11:06:45.242,1.49603,1.49628,2.32,1.00
2014.12.29 11:06:45.546,1.49607,1.49628,1.12,1.00
2014.12.29 11:06:45.851,1.49602,1.49621,1.75,1.00
2014.12.29 11:06:46.156,1.49603,1.49617,1.12,1.00
2014.12.29 11:06:46.650,1.49601,1.49617,1.57,1.50
2014.12.29 11:06:50.958,1.49601,1.49617,1.20,1.00
2014.12.29 11:06:51.730,1.49603,1.49619,1.82,1.00
2014.12.29 11:06:51.832,1.49603,1.49619,1.87,1.50
2014.12.29 11:06:52.034,1.49603,1.49619,1.12,1.50
2014.12.29 11:06:52.187,1.49602,1.49619,1.95,1.50
2014.12.29 11:06:52.642,1.49598,1.49609,1.45,1.00
2014.12.29 11:06:52.693,1.49595,1.49609,1.95,1.00
2014.12.29 11:06:52.795,1.49593,1.49609,1.12,1.00
2014.12.29 11:06:52.897,1.4959,1.49609,1.00,1.00
2014.12.29 11:06:52.948,1.4959,1.49607,1.00,1.00
2014.12.29 11:06:52.999,1.49587,1.49607,1.10,1.00
2014.12.29 11:06:53.455,1.49583,1.49603,1.12,1.00
2014.12.29 11:06:53.694,1.49582,1.49603,1.10,1.50
2014.12.29 11:06:56.307,1.49588,1.49603,1.50,1.50
2014.12.29 11:06:56.560,1.49602,1.4962,1.00,2.25
2014.12.29 11:06:56.713,1.49598,1.49617,1.00,1.00
2014.12.29 11:06:57.269,1.49595,1.49619,2.14,3.00
2014.12.29 11:06:57.724,1.49595,1.49617,1.95,1.00
2014.12.29 11:06:58.186,1.49595,1.49617,1.57,1.00
2014.12.29 11:06:59.158,1.49595,1.49617,1.00,1.00
2014.12.29 11:07:02.988,1.49597,1.49617,1.75,1.00
2014.12.29 11:07:03.091,1.49606,1.49626,1.00,1.12
2014.12.29 11:07:03.142,1.49613,1.49627,1.00,1.82
2014.12.29 11:07:03.193,1.49613,1.49627,1.00,1.07
2014.12.29 11:07:03.447,1.49604,1.49623,1.57,1.00
2014.12.29 11:07:03.548,1.49601,1.49623,1.87,1.00
2014.12.29 11:07:03.599,1.49601,1.49623,1.20,1.00
2014.12.29 11:07:03.650,1.49601,1.4962,1.20,1.00
2014.12.29 11:07:03.701,1.49601,1.4962,1.20,1.00
2014.12.29 11:07:03.954,1.49601,1.49623,1.10,1.50
2014.12.29 11:07:04.460,1.49601,1.49623,1.17,1.00
2014.12.29 11:07:05.175,1.49609,1.49624,1.00,1.00
2014.12.29 11:07:05.226,1.49609,1.4963,1.37,1.37
2014.12.29 11:07:05.278,1.4961,1.4963,1.37,1.00
2014.12.29 11:07:07.553,1.49611,1.49623,1.00,1.00
2014.12.29 11:07:07.604,1.49607,1.49623,1.10,1.00
2014.12.29 11:07:07.756,1.49602,1.49622,1.50,1.00
2014.12.29 11:07:07.858,1.49602,1.49619,1.00,1.00
2014.12.29 11:07:07.959,1.496,1.49619,1.12,1.00
2014.12.29 11:07:09.558,1.49604,1.49623,1.00,1.12
2014.12.29 11:07:09.863,1.49604,1.49624,1.57,1.00
2014.12.29 11:07:10.426,1.49604,1.49624,1.57,1.00
2014.12.29 11:07:10.928,1.49607,1.49624,1.37,1.00
2014.12.29 11:07:11.080,1.49605,1.49622,1.00,1.00
2014.12.29 11:07:11.131,1.49603,1.49622,1.10,1.00
2014.12.29 11:07:16.619,1.49602,1.49622,1.95,1.00
2014.12.29 11:07:16.671,1.49608,1.49626,1.00,1.50
2014.12.29 11:07:16.975,1.4961,1.49627,1.00,1.00
2014.12.29 11:07:17.508,1.4961,1.49628,1.00,1.50
2014.12.29 11:07:20.174,1.4961,1.49627,1.00,1.00
2014.12.29 11:07:20.480,1.4961,1.49625,1.00,1.00
2014.12.29 11:07:21.113,1.49608,1.49625,1.12,1.00
2014.12.29 11:07:21.215,1.49604,1.49622,1.95,1.00
2014.12.29 11:07:21.929,1.49604,1.49621,1.12,1.00
2014.12.29 11:07:24.113,1.49601,1.49621,1.37,1.50
2014.12.29 11:07:25.294,1.49601,1.49621,1.00,1.50
2014.12.29 11:07:25.799,1.49601,1.4962,1.00,1.50
2014.12.29 11:07:26.122,1.49601,1.49617,1.00,1.00
2014.12.29 11:07:26.427,1.49597,1.49615,1.50,1.00
2014.12.29 11:07:26.936,1.49603,1.49614,1.00,1.00
2014.12.29 11:07:26.987,1.49603,1.4962,1.00,1.00
2014.12.29 11:07:27.220,1.49607,1.49623,1.00,1.00
2014.12.29 11:07:27.322,1.49607,1.49625,1.50,1.00
2014.12.29 11:07:27.627,1.4961,1.49628,1.37,1.00
2014.12.29 11:07:27.881,1.49614,1.4963,1.37,1.50
2014.12.29 11:07:28.348,1.49614,1.49626,1.37,1.00
2014.12.29 11:07:28.399,1.49608,1.49626,1.27,1.87
2014.12.29 11:07:28.450,1.49607,1.49623,1.07,1.00
2014.12.29 11:07:28.754,1.496,1.49617,1.00,1.00
2014.12.29 11:07:28.906,1.496,1.49618,1.00,1.56
2014.12.29 11:07:28.957,1.49594,1.49612,1.00,1.00
2014.12.29 11:07:29.059,1.49592,1.4961,1.50,1.00
2014.12.29 11:07:29.312,1.4959,1.49609,1.50,1.00
2014.12.29 11:07:29.863,1.4959,1.49608,1.00,1.00
2014.12.29 11:07:30.439,1.49591,1.49608,1.00,1.00
2014.12.29 11:07:31.766,1.49591,1.49609,1.50,1.00
2014.12.29 11:07:31.868,1.49593,1.49611,1.00,1.69
2014.12.29 11:07:32.173,1.49597,1.49615,2.25,1.50
2014.12.29 11:07:32.478,1.49601,1.49619,1.00,1.01
2014.12.29 11:07:32.579,1.49601,1.49613,1.00,1.00
2014.12.29 11:07:33.237,1.49599,1.49613,1.50,1.00
2014.12.29 11:07:33.490,1.49599,1.49615,1.50,1.00
2014.12.29 11:07:36.769,1.49602,1.49615,1.00,1.00
2014.12.29 11:07:39.596,1.49602,1.49608,1.00,1.00
2014.12.29 11:07:39.748,1.4959,1.49601,1.00,1.00
2014.12.29 11:07:39.799,1.49583,1.49601,1.37,1.50
2014.12.29 11:07:39.900,1.49587,1.49604,1.12,1.00
2014.12.29 11:07:39.951,1.49592,1.49606,1.00,1.00
2014.12.29 11:07:40.205,1.49592,1.49609,1.00,1.07
2014.12.29 11:07:40.713,1.49592,1.49609,1.00,1.10
2014.12.29 11:07:40.865,1.4959,1.49608,1.00,1.00
2014.12.29 11:07:42.179,1.4959,1.49607,1.00,1.00
2014.12.29 11:07:42.706,1.4959,1.49608,1.00,1.10
2014.12.29 11:07:46.272,1.4959,1.49606,1.00,1.00
2014.12.29 11:07:46.474,1.49586,1.49604,1.50,1.00
2014.12.29 11:07:46.781,1.49586,1.49598,1.00,1.00
2014.12.29 11:07:46.934,1.49578,1.49594,1.12,1.00
2014.12.29 11:07:47.035,1.49578,1.49594,1.00,1.00
2014.12.29 11:07:47.086,1.49578,1.49596,1.50,1.00
2014.12.29 11:07:47.266,1.4958,1.49598,1.50,1.50
2014.12.29 11:07:49.633,1.4958,1.49598,1.69,1.50
2014.12.29 11:07:49.735,1.49583,1.49601,1.50,1.50
2014.12.29 11:07:51.127,1.49583,1.49599,1.25,1.00
2014.12.29 11:07:51.799,1.49583,1.49599,1.62,1.00
2014.12.29 11:07:52.002,1.49586,1.49603,1.37,1.00
2014.12.29 11:07:52.306,1.49589,1.49603,1.00,1.00
2014.12.29 11:07:52.624,1.49589,1.49605,1.12,1.00
2014.12.29 11:07:55.153,1.49589,1.49604,1.12,1.00
2014.12.29 11:07:56.233,1.49587,1.496,1.37,1.00
2014.12.29 11:07:56.740,1.49585,1.49601,1.37,1.00
2014.12.29 11:07:57.282,1.4959,1.49601,1.00,1.00
2014.12.29 11:07:57.571,1.49589,1.49604,1.12,1.00
2014.12.29 11:07:57.828,1.4959,1.49607,1.00,1.00
2014.12.29 11:07:58.770,1.49589,1.49607,1.50,1.00
2014.12.29 11:07:59.702,1.4959,1.49607,1.37,1.00
2014.12.29 11:08:04.283,1.49591,1.49605,1.12,1.00
2014.12.29 11:08:06.996,1.49591,1.49601,1.12,1.00
2014.12.29 11:08:07.198,1.49585,1.49599,1.12,1.00
2014.12.29 11:08:07.405,1.49583,1.49597,1.37,1.00
2014.12.29 11:08:08.090,1.49583,1.49597,1.00,1.00
2014.12.29 11:08:08.192,1.49581,1.49591,1.00,1.00
2014.12.29 11:08:08.243,1.49575,1.49591,1.00,1.00
2014.12.29 11:08:08.396,1.49575,1.49589,1.00,1.00
2014.12.29 11:08:09.879,1.49571,1.49589,2.81,1.00
2014.12.29 11:08:11.366,1.49571,1.49589,3.00,1.00
2014.12.29 11:08:11.872,1.49574,1.49589,1.00,1.00
2014.12.29 11:08:12.205,1.49576,1.49589,1.00,1.00
2014.12.29 11:08:12.307,1.49574,1.49589,1.12,1.00
2014.12.29 11:08:13.376,1.49575,1.49589,1.00,1.00
2014.12.29 11:08:13.921,1.49574,1.49589,1.00,1.00
2014.12.29 11:08:18.013,1.49572,1.49589,1.12,1.00
2014.12.29 11:08:18.319,1.49572,1.49584,1.00,1.00
2014.12.29 11:08:18.471,1.49565,1.49582,1.00,1.00
2014.12.29 11:08:20.433,1.49567,1.49585,1.00,1.50
2014.12.29 11:08:20.738,1.49567,1.49583,1.00,1.00
2014.12.29 11:08:20.993,1.49568,1.49587,1.87,1.00
2014.12.29 11:08:21.095,1.49568,1.49588,2.06,1.50
2014.12.29 11:08:21.196,1.49572,1.4959,1.00,1.00
2014.12.29 11:08:21.348,1.49572,1.49592,1.50,1.50
2014.12.29 11:08:21.708,1.49572,1.49584,1.00,1.00
2014.12.29 11:08:21.810,1.49569,1.49584,1.00,1.00
2014.12.29 11:08:21.861,1.49566,1.49584,1.01,1.00
2014.12.29 11:08:22.742,1.49564,1.49583,1.25,1.00
2014.12.29 11:08:23.147,1.49564,1.49581,1.25,1.00
2014.12.29 11:08:23.654,1.49563,1.49581,1.00,1.00
2014.12.29 11:08:24.204,1.49562,1.49581,1.00,1.00
2014.12.29 11:08:24.850,1.49563,1.49582,1.00,1.00
2014.12.29 11:08:25.356,1.49563,1.49582,1.31,1.00
2014.12.29 11:08:26.321,1.49564,1.49582,1.19,1.00
2014.12.29 11:08:27.298,1.49564,1.49582,1.25,1.00
2014.12.29 11:08:28.751,1.49564,1.49582,1.37,1.00
2014.12.29 11:08:30.333,1.49564,1.49582,1.00,1.00
2014.12.29 11:08:31.236,1.49564,1.49581,1.00,1.00
2014.12.29 11:08:31.897,1.49563,1.49581,1.12,1.50
2014.12.29 11:08:32.540,1.49563,1.49581,1.37,1.50
2014.12.29 11:08:33.090,1.4956,1.49575,1.00,1.00
2014.12.29 11:08:33.192,1.49557,1.49574,1.12,1.00
2014.12.29 11:08:33.295,1.49555,1.4957,1.87,1.00
2014.12.29 11:08:33.346,1.49555,1.49573,1.87,1.50
2014.12.29 11:08:33.447,1.49555,1.4957,1.00,1.00
2014.12.29 11:08:33.549,1.49553,1.4957,1.00,1.00
2014.12.29 11:08:33.652,1.49552,1.4957,2.10,1.50
2014.12.29 11:08:33.754,1.49556,1.49575,1.37,1.50
2014.12.29 11:08:36.166,1.49557,1.49577,1.87,1.50
2014.12.29 11:08:36.267,1.49556,1.49571,1.37,1.00
2014.12.29 11:08:36.369,1.49556,1.49574,1.50,1.00
2014.12.29 11:08:36.516,1.49556,1.49572,1.00,1.00
2014.12.29 11:08:36.669,1.49557,1.49574,1.00,1.00
2014.12.29 11:08:36.771,1.49557,1.49571,1.00,1.00
2014.12.29 11:08:36.822,1.49555,1.49571,1.00,1.00
2014.12.29 11:08:37.075,1.49553,1.49571,1.50,1.00
2014.12.29 11:08:37.624,1.49553,1.4957,1.25,1.00
2014.12.29 11:08:41.240,1.49555,1.4957,1.00,1.00
2014.12.29 11:08:41.342,1.49556,1.49572,1.12,1.00
2014.12.29 11:08:41.494,1.49554,1.49571,1.50,1.00
2014.12.29 11:08:41.595,1.49555,1.49574,1.50,1.50
2014.12.29 11:08:41.799,1.49557,1.49574,1.00,1.00
2014.12.29 11:08:44.032,1.49553,1.49571,3.00,1.00
2014.12.29 11:08:44.184,1.49553,1.49571,1.00,2.25
2014.12.29 11:08:45.412,1.4955,1.49568,1.00,1.00
2014.12.29 11:08:45.615,1.49546,1.49566,1.87,1.50
2014.12.29 11:08:45.717,1.49546,1.49563,1.12,1.00
2014.12.29 11:08:46.086,1.49549,1.49566,1.00,1.00
2014.12.29 11:08:46.442,1.49548,1.49563,1.00,1.00
2014.12.29 11:08:46.493,1.49545,1.49563,1.87,1.00
2014.12.29 11:08:46.646,1.49544,1.4956,1.87,1.00
2014.12.29 11:08:46.698,1.49544,1.4956,1.00,1.00
2014.12.29 11:08:46.750,1.49543,1.49557,1.00,1.00
2014.12.29 11:08:46.852,1.49539,1.49557,1.50,1.50
2014.12.29 11:08:47.624,1.49539,1.49556,1.00,1.00
2014.12.29 11:08:48.048,1.49536,1.49556,1.50,1.00
2014.12.29 11:08:51.428,1.49536,1.49553,1.00,1.00
2014.12.29 11:08:51.934,1.49537,1.49554,1.00,1.00
2014.12.29 11:08:52.480,1.49537,1.49555,1.00,1.50
2014.12.29 11:08:52.789,1.49541,1.49558,1.00,1.00
2014.12.29 11:08:53.144,1.49542,1.4956,1.00,1.00
2014.12.29 11:08:56.955,1.49542,1.49561,1.00,1.00
2014.12.29 11:08:59.250,1.4954,1.4956,1.50,1.00
2014.12.29 11:08:59.704,1.4954,1.49558,1.00,1.00
2014.12.29 11:09:00.693,1.49538,1.49556,1.50,1.00
2014.12.29 11:09:01.901,1.49538,1.49558,1.50,1.00
2014.12.29 11:09:02.003,1.49542,1.49558,1.00,1.00
2014.12.29 11:09:02.593,1.49542,1.49559,1.00,1.00
2014.12.29 11:09:03.556,1.49542,1.49559,1.37,1.00
2014.12.29 11:09:03.658,1.49546,1.49563,1.00,1.00
2014.12.29 11:09:04.165,1.49546,1.49564,1.00,1.50
2014.12.29 11:09:08.717,1.49546,1.49562,1.00,1.00
2014.12.29 11:09:10.113,1.49544,1.49562,1.00,1.00
2014.12.29 11:09:12.302,1.49543,1.49562,1.00,1.50
2014.12.29 11:09:12.353,1.49542,1.4956,1.50,1.00
2014.12.29 11:09:15.653,1.4954,1.4956,1.00,1.50
2014.12.29 11:09:15.755,1.4954,1.49558,1.00,1.00
2014.12.29 11:09:16.412,1.4954,1.49559,1.50,1.00
2014.12.29 11:09:16.919,1.49541,1.4956,1.00,1.00
2014.12.29 11:09:17.603,1.49543,1.49561,1.00,1.00
2014.12.29 11:09:17.653,1.49544,1.49564,1.00,1.84
2014.12.29 11:09:17.704,1.49544,1.49561,1.00,1.00
2014.12.29 11:09:17.755,1.49542,1.4956,1.00,1.00
2014.12.29 11:09:18.261,1.49541,1.49559,1.00,1.00
2014.12.29 11:09:19.169,1.49541,1.49559,1.37,1.00
2014.12.29 11:09:19.705,1.49544,1.4956,1.37,1.00
2014.12.29 11:09:21.736,1.49548,1.49564,1.00,1.00
2014.12.29 11:09:21.940,1.49549,1.49567,1.00,1.50
2014.12.29 11:09:22.449,1.4955,1.49567,1.00,1.00
2014.12.29 11:09:23.134,1.49549,1.49567,1.00,1.00
2014.12.29 11:09:24.123,1.49548,1.49567,1.00,1.00
2014.12.29 11:09:25.353,1.49551,1.49567,1.00,1.00
2014.12.29 11:09:25.454,1.49551,1.49569,1.00,1.00
2014.12.29 11:09:25.556,1.49553,1.4957,1.00,1.00
2014.12.29 11:09:25.861,1.49556,1.49572,1.00,1.00
2014.12.29 11:09:27.624,1.49556,1.49575,1.00,1.00
2014.12.29 11:09:32.345,1.49558,1.49575,1.00,1.00
2014.12.29 11:09:33.454,1.49558,1.49576,1.50,1.50
2014.12.29 11:09:34.742,1.49558,1.49574,1.00,1.00
2014.12.29 11:09:34.844,1.49556,1.49574,1.00,1.00
2014.12.29 11:09:35.358,1.49556,1.49573,1.00,1.00
2014.12.29 11:09:36.277,1.49554,1.49572,1.00,1.00
2014.12.29 11:09:36.836,1.49554,1.49572,1.00,1.87
2014.12.29 11:09:36.938,1.49548,1.49565,1.00,1.00
2014.12.29 11:09:37.191,1.49544,1.4956,1.00,1.00
2014.12.29 11:09:37.597,1.49545,1.49562,1.12,1.00
2014.12.29 11:09:37.698,1.49545,1.49565,1.87,1.50
2014.12.29 11:09:40.291,1.49547,1.49565,1.00,1.00
2014.12.29 11:09:40.848,1.49547,1.49566,1.00,1.00
2014.12.29 11:09:41.500,1.49554,1.49566,1.00,1.00
2014.12.29 11:09:41.805,1.49559,1.49568,1.00,1.00
2014.12.29 11:09:41.907,1.49561,1.49573,1.00,1.00
2014.12.29 11:09:43.618,1.49561,1.49575,1.00,1.00
2014.12.29 11:09:45.502,1.49565,1.49575,1.00,1.00
2014.12.29 11:09:45.756,1.49565,1.49581,1.00,1.19
2014.12.29 11:09:45.807,1.49567,1.49581,1.00,1.19
2014.12.29 11:09:46.009,1.49567,1.49581,1.00,1.25
2014.12.29 11:09:47.101,1.49567,1.49582,1.00,1.25
2014.12.29 11:09:48.000,1.49565,1.49581,1.00,1.00
2014.12.29 11:09:48.153,1.49562,1.4958,1.00,1.00
2014.12.29 11:09:48.610,1.49562,1.49577,1.00,1.00
2014.12.29 11:09:49.022,1.4956,1.49577,1.00,1.00
2014.12.29 11:09:49.124,1.49565,1.4958,1.00,1.19
2014.12.29 11:09:49.327,1.49563,1.49581,1.00,2.06
2014.12.29 11:09:50.320,1.49563,1.49581,1.00,1.56
2014.12.29 11:09:54.634,1.49564,1.49581,1.00,2.14
2014.12.29 11:09:55.322,1.49564,1.49581,1.00,2.14
2014.12.29 11:09:55.525,1.49559,1.49577,1.00,1.56
2014.12.29 11:09:55.627,1.49559,1.49574,1.00,1.00
2014.12.29 11:09:55.982,1.49559,1.49571,1.00,1.00
2014.12.29 11:09:57.414,1.49561,1.49571,1.00,1.00
2014.12.29 11:09:57.516,1.49561,1.49574,1.00,1.00
2014.12.29 11:09:58.024,1.49561,1.49575,1.00,1.00
2014.12.29 11:09:58.559,1.49557,1.49575,1.87,1.87
2014.12.29 11:09:58.661,1.49557,1.49574,1.00,1.56
2014.12.29 11:09:58.966,1.49557,1.49571,1.00,1.00
2014.12.29 11:10:02.674,1.49561,1.49574,1.00,1.00
2014.12.29 11:10:02.826,1.49561,1.49576,1.00,1.00
2014.12.29 11:10:03.133,1.4956,1.49574,1.00,1.00
2014.12.29 11:10:05.154,1.49561,1.49574,1.00,1.00
2014.12.29 11:10:05.458,1.49563,1.49574,1.00,1.00
2014.12.29 11:10:07.752,1.49566,1.49578,1.00,1.00
2014.12.29 11:10:07.853,1.49563,1.49579,1.00,1.00
2014.12.29 11:10:08.258,1.49563,1.49576,1.00,1.00
2014.12.29 11:10:09.454,1.49565,1.49576,1.00,1.00
2014.12.29 11:10:09.859,1.49563,1.49576,1.00,1.00
2014.12.29 11:10:10.365,1.49562,1.49576,1.00,1.00
2014.12.29 11:10:10.467,1.49562,1.49574,1.00,1.00
2014.12.29 11:10:11.908,1.49562,1.49572,1.00,1.00
2014.12.29 11:10:13.475,1.49565,1.49572,1.00,1.00
2014.12.29 11:10:13.577,1.49565,1.49578,1.00,1.00
2014.12.29 11:10:13.678,1.4956,1.4958,1.87,1.00
2014.12.29 11:10:13.780,1.49556,1.49574,1.10,1.00
2014.12.29 11:10:14.085,1.49556,1.4957,1.00,1.00
2014.12.29 11:10:14.401,1.49563,1.49572,1.00,1.00
2014.12.29 11:10:14.452,1.49563,1.49575,1.00,1.00
2014.12.29 11:10:14.503,1.49565,1.49575,1.00,1.00
2014.12.29 11:10:14.554,1.49565,1.4958,1.00,1.50
2014.12.29 11:10:15.611,1.4957,1.4958,1.00,1.00
2014.12.29 11:10:15.662,1.4957,1.49584,1.00,1.00
2014.12.29 11:10:15.714,1.49573,1.49584,1.00,1.00
2014.12.29 11:10:15.816,1.49571,1.49587,1.00,1.10
2014.12.29 11:10:15.968,1.49571,1.49585,1.00,1.00
2014.12.29 11:10:18.985,1.49572,1.49585,1.00,1.00
2014.12.29 11:10:20.281,1.49572,1.49586,1.00,1.00
2014.12.29 11:10:20.484,1.49573,1.49589,1.00,1.25
2014.12.29 11:10:20.585,1.49575,1.49589,1.00,1.00
2014.12.29 11:10:21.357,1.49575,1.49591,1.00,1.25
2014.12.29 11:10:21.459,1.49575,1.49589,1.00,1.00
2014.12.29 11:10:25.673,1.49575,1.49588,1.00,1.00
2014.12.29 11:10:26.219,1.49577,1.49588,1.00,1.00
2014.12.29 11:10:26.638,1.49575,1.49588,1.00,1.00
2014.12.29 11:10:28.441,1.49576,1.49588,1.00,1.00
2014.12.29 11:10:28.644,1.49576,1.4959,1.00,1.00
2014.12.29 11:10:28.846,1.49574,1.4959,1.00,1.00
2014.12.29 11:10:29.362,1.49575,1.4959,1.00,1.00
2014.12.29 11:10:30.928,1.49577,1.49592,1.00,1.25
2014.12.29 11:10:31.030,1.49574,1.4959,1.00,1.00
2014.12.29 11:10:35.157,1.49576,1.4959,1.00,1.00
2014.12.29 11:10:35.663,1.49575,1.4959,1.00,1.00
2014.12.29 11:10:36.068,1.49577,1.4959,1.00,1.00
2014.12.29 11:10:38.967,1.49577,1.49593,1.00,1.39
2014.12.29 11:10:39.777,1.49575,1.49592,1.00,1.00
2014.12.29 11:10:40.857,1.49578,1.49592,1.00,1.25
2014.12.29 11:10:41.364,1.49578,1.49593,1.00,1.00
2014.12.29 11:10:42.874,1.49579,1.49595,1.00,1.39
2014.12.29 11:10:43.400,1.49579,1.49595,1.00,1.39
2014.12.29 11:10:43.906,1.49578,1.49595,1.00,1.07
2014.12.29 11:10:44.262,1.4958,1.49595,1.00,1.07
2014.12.29 11:10:44.566,1.49582,1.49597,1.00,1.00
2014.12.29 11:10:46.611,1.4958,1.49597,1.00,1.00
2014.12.29 11:10:50.694,1.49578,1.49597,1.00,1.12
2014.12.29 11:10:50.745,1.49578,1.49597,1.00,1.50
2014.12.29 11:10:50.847,1.49575,1.49593,1.50,1.00
2014.12.29 11:10:51.203,1.49573,1.49591,1.00,1.00
2014.12.29 11:10:51.507,1.49579,1.49593,1.00,1.00
2014.12.29 11:10:52.013,1.4958,1.49593,1.00,1.00
2014.12.29 11:10:52.267,1.49584,1.49599,1.00,1.00
2014.12.29 11:10:52.777,1.49584,1.49598,1.00,1.00
2014.12.29 11:10:53.030,1.49584,1.496,1.00,1.00
2014.12.29 11:10:53.233,1.49586,1.496,1.00,1.00
2014.12.29 11:10:53.803,1.49586,1.49603,1.00,1.25
2014.12.29 11:10:56.944,1.49587,1.49603,1.00,1.00
2014.12.29 11:11:00.203,1.49589,1.49603,1.00,1.00
2014.12.29 11:11:00.304,1.49589,1.49605,1.00,1.00
2014.12.29 11:11:02.407,1.49587,1.49605,1.00,1.00
2014.12.29 11:11:06.572,1.4959,1.49605,1.00,1.00
2014.12.29 11:11:07.954,1.4959,1.49605,1.00,1.37
2014.12.29 11:11:10.674,1.4959,1.49605,1.00,1.12
2014.12.29 11:11:11.878,1.4959,1.49606,1.00,1.00
2014.12.29 11:11:12.878,1.49589,1.49606,1.00,1.00
2014.12.29 11:11:13.442,1.49588,1.49606,1.50,1.00
2014.12.29 11:11:19.047,1.49588,1.49606,1.00,1.87
2014.12.29 11:11:20.340,1.49586,1.49603,1.12,1.00
2014.12.29 11:11:20.877,1.49586,1.49604,1.65,1.00
2014.12.29 11:11:26.504,1.4959,1.49605,1.00,1.00
2014.12.29 11:11:26.707,1.49591,1.49607,1.00,1.00
2014.12.29 11:11:27.069,1.49595,1.49607,1.00,1.00
2014.12.29 11:11:27.170,1.49595,1.49609,1.00,1.00
2014.12.29 11:11:27.777,1.49592,1.49609,1.00,1.00
2014.12.29 11:11:28.080,1.4959,1.49609,1.00,1.00
2014.12.29 11:11:28.530,1.49595,1.49609,1.00,1.50
2014.12.29 11:11:30.301,1.49593,1.49609,1.50,1.00
2014.12.29 11:11:30.554,1.49591,1.49609,1.00,1.50
2014.12.29 11:11:30.605,1.49593,1.49609,1.00,1.00
2014.12.29 11:11:31.125,1.49593,1.49608,1.00,1.00
2014.12.29 11:11:31.683,1.49588,1.49605,1.12,1.00
2014.12.29 11:11:31.785,1.4959,1.49607,1.00,1.00
2014.12.29 11:11:32.100,1.4959,1.49604,1.00,1.00
2014.12.29 11:11:32.660,1.4959,1.49606,1.00,1.00
2014.12.29 11:11:33.307,1.49591,1.49606,1.00,1.00
2014.12.29 11:11:34.822,1.49591,1.49607,1.00,1.00
2014.12.29 11:11:34.974,1.49591,1.49609,1.00,1.00
2014.12.29 11:11:36.912,1.49589,1.49604,1.50,1.00
2014.12.29 11:11:37.064,1.49584,1.49602,1.20,1.50
2014.12.29 11:11:37.621,1.49582,1.49601,1.20,1.00
2014.12.29 11:11:37.825,1.49581,1.49599,1.00,1.00
2014.12.29 11:11:38.707,1.49581,1.49599,1.37,1.00
2014.12.29 11:11:44.638,1.49579,1.49596,1.37,1.00
2014.12.29 11:11:44.739,1.49579,1.49596,1.00,1.31
2014.12.29 11:11:44.841,1.49576,1.49592,1.20,1.00
2014.12.29 11:11:45.379,1.49575,1.49591,1.00,1.00
2014.12.29 11:11:47.239,1.49573,1.49588,1.12,1.37
2014.12.29 11:11:47.341,1.4957,1.49588,1.00,1.31
2014.12.29 11:11:47.493,1.49568,1.49586,1.00,1.62
2014.12.29 11:11:47.544,1.49566,1.49586,1.50,2.06
2014.12.29 11:11:48.051,1.49567,1.49585,1.50,1.19
2014.12.29 11:11:48.745,1.49567,1.49587,1.50,1.19
2014.12.29 11:11:49.765,1.49569,1.49587,1.00,1.19
2014.12.29 11:11:50.170,1.49567,1.49587,1.50,1.50
2014.12.29 11:11:50.660,1.49567,1.49587,1.87,1.50
2014.12.29 11:11:50.813,1.49573,1.49591,1.50,1.00
2014.12.29 11:11:51.320,1.49573,1.49592,1.50,1.50
2014.12.29 11:11:51.534,1.49573,1.4959,1.50,1.00
2014.12.29 11:11:51.789,1.49568,1.49587,1.07,1.00
2014.12.29 11:11:51.842,1.49568,1.49587,1.07,1.19
2014.12.29 11:11:52.046,1.49566,1.49584,1.00,1.50
2014.12.29 11:11:52.097,1.49564,1.49582,1.50,1.00
2014.12.29 11:11:52.453,1.49568,1.49585,1.00,1.25
2014.12.29 11:11:52.959,1.49568,1.49586,1.50,1.00
2014.12.29 11:11:53.420,1.4957,1.49586,1.00,1.00
2014.12.29 11:11:53.523,1.4957,1.49589,1.00,1.25
2014.12.29 11:11:53.574,1.49572,1.4959,1.50,1.69
2014.12.29 11:11:53.879,1.49574,1.49591,1.00,1.19
2014.12.29 11:11:54.386,1.49573,1.49591,1.00,1.69
2014.12.29 11:11:54.740,1.49571,1.49587,1.00,1.25
2014.12.29 11:11:54.892,1.49566,1.49586,1.65,1.50
2014.12.29 11:11:55.095,1.49566,1.49583,1.00,1.00
2014.12.29 11:11:55.399,1.49574,1.49586,1.00,1.00
2014.12.29 11:11:55.552,1.49569,1.49586,1.07,1.00
2014.12.29 11:11:55.654,1.4957,1.49588,1.00,1.50
2014.12.29 11:11:55.757,1.4957,1.49585,1.00,1.00
2014.12.29 11:11:56.061,1.49572,1.49587,1.00,1.00
2014.12.29 11:11:56.356,1.49567,1.49587,2.81,1.50
2014.12.29 11:11:56.508,1.49567,1.49585,1.50,1.00
2014.12.29 11:11:56.661,1.49567,1.49583,1.10,1.00
2014.12.29 11:11:58.564,1.49565,1.49583,1.10,1.00
2014.12.29 11:11:58.617,1.49565,1.49581,1.10,1.00
2014.12.29 11:12:00.384,1.49564,1.49579,1.00,1.00
2014.12.29 11:12:01.581,1.49565,1.49581,1.12,1.00
2014.12.29 11:12:01.682,1.49567,1.49584,1.00,1.00
2014.12.29 11:12:02.453,1.49567,1.49584,1.07,1.00
2014.12.29 11:12:03.133,1.49569,1.49584,1.00,1.00
2014.12.29 11:12:06.418,1.49569,1.49586,1.00,1.00
2014.12.29 11:12:09.510,1.49569,1.49584,1.10,1.00
2014.12.29 11:12:09.815,1.49571,1.49586,1.00,1.00
2014.12.29 11:12:10.509,1.49571,1.49583,1.00,1.00
2014.12.29 11:12:10.611,1.49571,1.49586,1.00,1.00
2014.12.29 11:12:15.147,1.49571,1.49586,1.07,1.00
2014.12.29 11:12:15.198,1.49571,1.49584,1.17,1.00
2014.12.29 11:12:15.712,1.49571,1.49584,1.10,1.00
2014.12.29 11:12:16.086,1.49571,1.49587,1.10,1.00
2014.12.29 11:12:16.187,1.49573,1.49587,1.00,1.00
2014.12.29 11:12:16.434,1.49571,1.49587,1.10,1.00
2014.12.29 11:12:16.891,1.49571,1.49589,1.10,1.00
2014.12.29 11:12:17.397,1.49571,1.4959,1.10,1.00
2014.12.29 11:12:18.002,1.49571,1.4959,1.12,1.00
2014.12.29 11:12:18.317,1.49564,1.49583,2.62,1.00
2014.12.29 11:12:18.419,1.49564,1.49583,1.17,1.00
2014.12.29 11:12:18.520,1.49564,1.4958,1.00,1.00
2014.12.29 11:12:18.622,1.49564,1.49582,1.00,1.00
2014.12.29 11:12:18.875,1.49564,1.49582,1.37,1.00
2014.12.29 11:12:18.977,1.49571,1.4959,1.00,1.65
2014.12.29 11:12:19.079,1.49571,1.4959,1.00,1.57
2014.12.29 11:12:19.231,1.49574,1.4959,1.00,1.00
2014.12.29 11:12:21.423,1.4957,1.49588,1.37,1.00
2014.12.29 11:12:21.571,1.4957,1.49588,1.00,1.69
2014.12.29 11:12:21.623,1.49565,1.49583,1.12,1.00
2014.12.29 11:12:21.928,1.49566,1.49585,1.00,1.50
2014.12.29 11:12:22.080,1.49567,1.49587,1.37,1.50
2014.12.29 11:12:22.131,1.4958,1.49591,1.37,1.57
2014.12.29 11:12:22.233,1.49579,1.49591,1.37,1.00
2014.12.29 11:12:22.284,1.49579,1.49597,1.37,1.57
2014.12.29 11:12:22.386,1.4958,1.49597,1.00,1.00
2014.12.29 11:12:22.538,1.49578,1.49596,1.00,1.50
2014.12.29 11:12:22.741,1.49577,1.49594,1.00,1.00
2014.12.29 11:12:25.103,1.49577,1.49592,1.00,1.00
2014.12.29 11:12:25.154,1.49574,1.49592,1.00,1.00
2014.12.29 11:12:30.160,1.49574,1.49591,1.00,1.00
2014.12.29 11:12:33.158,1.49573,1.49589,1.00,1.00
2014.12.29 11:12:33.671,1.49572,1.49588,1.00,1.00
2014.12.29 11:12:34.747,1.49568,1.49584,1.37,1.50
2014.12.29 11:12:34.848,1.49567,1.49583,1.50,1.00
2014.12.29 11:12:34.899,1.49564,1.49582,1.00,1.00
2014.12.29 11:12:35.253,1.49566,1.49582,1.00,1.00
2014.12.29 11:12:35.456,1.49566,1.49584,1.00,1.00
2014.12.29 11:12:35.981,1.49567,1.49584,1.00,1.00
2014.12.29 11:12:40.937,1.49569,1.49584,1.00,1.00
2014.12.29 11:12:43.944,1.49566,1.49584,1.00,1.00
2014.12.29 11:12:44.679,1.49568,1.49584,1.00,1.00
2014.12.29 11:12:44.831,1.49568,1.49586,1.00,1.00
2014.12.29 11:12:45.186,1.49566,1.49584,1.50,1.00
2014.12.29 11:12:45.490,1.49569,1.49585,1.00,1.00
2014.12.29 11:12:45.591,1.49569,1.49587,1.00,1.69
2014.12.29 11:12:45.951,1.49571,1.49587,1.00,1.00
2014.12.29 11:12:46.465,1.49571,1.49588,1.00,1.00
2014.12.29 11:12:47.688,1.49571,1.4959,1.00,1.00
2014.12.29 11:12:49.037,1.49571,1.4959,1.37,1.00
2014.12.29 11:12:49.189,1.4958,1.49594,1.37,1.17
2014.12.29 11:12:49.696,1.4958,1.49594,1.37,1.00
2014.12.29 11:12:50.201,1.4958,1.49596,1.87,1.50
2014.12.29 11:12:52.009,1.4958,1.49596,1.87,1.50
2014.12.29 11:12:53.328,1.4958,1.49596,1.00,1.50
2014.12.29 11:13:16.393,1.49581,1.49596,1.00,1.00
2014.12.29 11:13:22.304,1.4958,1.49596,1.00,1.00
2014.12.29 11:13:29.460,1.49582,1.49598,1.00,1.50
2014.12.29 11:13:29.765,1.49586,1.496,1.00,1.00
2014.12.29 11:13:29.816,1.49586,1.49602,1.50,1.00
2014.12.29 11:13:30.120,1.4958,1.49599,1.20,1.00
2014.12.29 11:13:30.221,1.4958,1.49597,1.10,1.00
2014.12.29 11:13:30.727,1.49579,1.49596,1.00,1.00
2014.12.29 11:13:31.109,1.49579,1.49594,1.00,1.00
2014.12.29 11:13:37.669,1.49576,1.49594,2.62,1.50
2014.12.29 11:13:37.720,1.49576,1.49592,1.00,1.00
2014.12.29 11:13:38.024,1.49574,1.4959,1.00,1.00
2014.12.29 11:13:39.848,1.49572,1.4959,1.50,1.50
2014.12.29 11:13:42.581,1.49574,1.4959,1.00,1.00
2014.12.29 11:13:42.885,1.49579,1.49595,1.00,1.50
2014.12.29 11:13:50.777,1.49581,1.49595,1.00,1.00
2014.12.29 11:13:50.827,1.49581,1.49598,1.00,1.50
2014.12.29 11:13:50.879,1.49583,1.49598,1.00,1.50
2014.12.29 11:13:51.031,1.49583,1.496,1.00,1.50
2014.12.29 11:13:51.533,1.49583,1.49599,1.50,1.00
2014.12.29 11:13:53.956,1.49583,1.49597,1.50,1.00
2014.12.29 11:13:59.486,1.49581,1.49597,1.87,1.00
2014.12.29 11:13:59.994,1.49581,1.49598,1.50,1.00
2014.12.29 11:14:00.705,1.49583,1.49598,1.00,1.00
2014.12.29 11:14:02.226,1.49583,1.49596,1.00,1.00
2014.12.29 11:14:02.278,1.49579,1.49596,1.50,1.00
2014.12.29 11:14:02.582,1.49577,1.49595,1.50,2.25
2014.12.29 11:14:02.785,1.49575,1.49591,1.00,1.00
2014.12.29 11:14:03.038,1.49573,1.49591,1.12,1.00
2014.12.29 11:14:03.579,1.49574,1.4959,1.00,1.00
2014.12.29 11:14:08.380,1.49574,1.49592,1.00,1.50
2014.12.29 11:14:14.895,1.49574,1.49593,1.50,1.25
2014.12.29 11:14:15.412,1.49574,1.49592,1.00,1.00
2014.12.29 11:14:24.573,1.49574,1.49594,1.50,2.44
2014.12.29 11:14:24.676,1.49574,1.49592,1.00,1.00
2014.12.29 11:14:25.332,1.49574,1.49591,1.00,1.00
2014.12.29 11:14:25.881,1.49574,1.4959,1.00,1.00
2014.12.29 11:14:26.928,1.49572,1.4959,1.00,1.00
2014.12.29 11:14:27.466,1.49571,1.49589,1.50,1.00
2014.12.29 11:14:27.974,1.49572,1.4959,1.00,1.50
2014.12.29 11:14:28.025,1.49578,1.4959,1.00,1.50
2014.12.29 11:14:28.076,1.49578,1.49595,1.00,1.00
2014.12.29 11:14:28.127,1.4958,1.49595,1.00,1.00
2014.12.29 11:14:28.330,1.4958,1.49598,1.50,1.00
2014.12.29 11:14:30.183,1.4958,1.49597,1.50,1.00
2014.12.29 11:14:33.694,1.4958,1.496,1.50,1.87
2014.12.29 11:14:33.795,1.4958,1.49597,1.50,1.00
2014.12.29 11:14:34.328,1.49582,1.49597,1.00,1.00
2014.12.29 11:14:36.136,1.49582,1.49592,1.00,1.00
2014.12.29 11:14:47.422,1.49582,1.49594,1.00,1.00
2014.12.29 11:14:51.095,1.49582,1.49592,1.00,1.00
2014.12.29 11:14:53.575,1.49584,1.49592,1.00,1.00
2014.12.29 11:14:53.729,1.49584,1.49599,1.00,1.00
2014.12.29 11:14:53.780,1.49586,1.49599,1.00,1.00
2014.12.29 11:14:54.084,1.49585,1.49597,1.00,1.00
2014.12.29 11:14:54.286,1.49583,1.49598,1.00,1.00
2014.12.29 11:14:54.388,1.49583,1.49595,1.00,1.00
2014.12.29 11:14:56.547,1.49583,1.49597,1.00,1.00
2014.12.29 11:14:58.197,1.49583,1.49595,1.00,1.00
2014.12.29 11:15:05.724,1.49583,1.49594,1.00,1.00
2014.12.29 11:15:10.345,1.49582,1.49593,1.00,1.00
2014.12.29 11:15:10.548,1.49573,1.49588,1.00,1.50
2014.12.29 11:15:10.650,1.4957,1.49588,1.00,1.50
2014.12.29 11:15:11.162,1.49569,1.49587,1.00,1.00
2014.12.29 11:15:11.315,1.49569,1.49585,1.00,1.00
2014.12.29 11:15:16.047,1.49564,1.49583,1.87,1.00
2014.12.29 11:15:16.150,1.49564,1.49581,1.00,1.00
2014.12.29 11:15:16.657,1.49564,1.4958,1.00,1.00
2014.12.29 11:15:22.671,1.49564,1.49582,1.50,1.00
2014.12.29 11:15:23.237,1.49564,1.49582,1.87,1.00
2014.12.29 11:15:23.990,1.49564,1.49582,1.50,1.00
2014.12.29 11:15:24.502,1.49564,1.49582,1.87,1.00
2014.12.29 11:15:24.604,1.49566,1.49582,1.37,1.00
2014.12.29 11:15:24.857,1.4957,1.49586,1.87,1.10
2014.12.29 11:15:24.959,1.49573,1.49586,1.00,1.00
2014.12.29 11:15:25.164,1.49571,1.49588,1.87,1.00
2014.12.29 11:15:25.468,1.49579,1.49589,1.00,1.00
2014.12.29 11:15:25.519,1.49579,1.49595,1.00,1.50
2014.12.29 11:15:25.620,1.49579,1.49597,1.50,1.07
2014.12.29 11:15:25.772,1.4958,1.49599,1.00,1.69
2014.12.29 11:15:25.823,1.4958,1.49595,1.00,1.00
2014.12.29 11:15:25.874,1.49577,1.49595,1.00,1.00
2014.12.29 11:15:26.403,1.49576,1.49595,1.00,1.00
2014.12.29 11:15:28.257,1.49579,1.49595,1.00,1.00
2014.12.29 11:15:29.280,1.49579,1.49596,1.00,1.25
2014.12.29 11:15:31.805,1.49576,1.49596,1.50,1.69
2014.12.29 11:15:32.596,1.49576,1.49593,1.00,1.00
2014.12.29 11:15:36.395,1.49577,1.49595,1.00,1.25
2014.12.29 11:15:39.086,1.49576,1.49593,1.00,1.00
2014.12.29 11:15:39.491,1.49574,1.49591,1.00,1.00
2014.12.29 11:15:39.694,1.4957,1.49589,1.00,1.12
2014.12.29 11:15:39.796,1.49568,1.49587,1.00,1.00
2014.12.29 11:15:40.413,1.49569,1.49587,1.00,1.50
2014.12.29 11:15:41.991,1.49569,1.49584,1.00,1.00
2014.12.29 11:15:42.042,1.49567,1.49584,1.00,1.00
2014.12.29 11:15:42.585,1.49566,1.49584,1.87,1.50
2014.12.29 11:15:45.886,1.49566,1.49584,1.87,1.50
2014.12.29 11:15:46.118,1.49569,1.49586,1.00,1.00
2014.12.29 11:15:46.627,1.49569,1.49588,1.00,1.19
2014.12.29 11:15:47.130,1.49569,1.49588,1.00,1.00
2014.12.29 11:15:49.125,1.49568,1.49586,1.50,1.00
2014.12.29 11:15:51.458,1.49568,1.49586,1.87,1.00
2014.12.29 11:15:51.509,1.4957,1.49588,1.00,1.50
2014.12.29 11:15:54.408,1.49568,1.49586,1.50,1.00
2014.12.29 11:15:56.226,1.49568,1.49585,1.12,1.00
2014.12.29 11:15:56.378,1.49572,1.4959,1.50,1.50
2014.12.29 11:15:56.885,1.49573,1.4959,1.00,1.00
2014.12.29 11:15:57.037,1.49573,1.49587,1.00,1.00
2014.12.29 11:15:57.088,1.49567,1.49584,1.50,1.00
2014.12.29 11:15:57.596,1.49567,1.49585,1.50,1.00
2014.12.29 11:15:59.171,1.49573,1.49585,1.12,1.00
2014.12.29 11:15:59.324,1.49577,1.49595,1.50,1.07
2014.12.29 11:15:59.425,1.49577,1.49595,1.50,1.00
2014.12.29 11:15:59.476,1.4958,1.49595,1.00,1.00
2014.12.29 11:15:59.780,1.49578,1.49595,1.00,1.00
2014.12.29 11:16:00.336,1.49577,1.49595,1.00,1.00
2014.12.29 11:16:00.387,1.49576,1.49592,1.00,1.00
2014.12.29 11:16:00.438,1.49574,1.49591,1.00,1.00
2014.12.29 11:16:00.985,1.49573,1.4959,1.00,1.00
2014.12.29 11:16:01.491,1.49573,1.49591,1.00,1.00
2014.12.29 11:16:02.492,1.49573,1.49589,1.00,1.00
2014.12.29 11:16:03.351,1.49571,1.49589,2.25,1.50
2014.12.29 11:16:04.247,1.49572,1.49589,1.00,1.00
2014.12.29 11:16:05.068,1.49571,1.49589,1.00,1.50
2014.12.29 11:16:05.396,1.49571,1.49587,1.00,1.00
2014.12.29 11:16:05.447,1.49567,1.49587,2.62,1.50
2014.12.29 11:16:05.852,1.49567,1.49583,1.50,1.00
2014.12.29 11:16:05.953,1.49567,1.49586,1.00,1.50
2014.12.29 11:16:06.663,1.49569,1.49586,1.00,1.00
2014.12.29 11:16:07.671,1.49567,1.49586,1.50,1.00
2014.12.29 11:16:07.772,1.49567,1.49584,1.00,1.00
2014.12.29 11:16:10.308,1.49566,1.49584,1.50,1.00
2014.12.29 11:16:10.970,1.49566,1.49582,1.00,1.00
2014.12.29 11:16:11.403,1.49566,1.49584,1.00,1.00
2014.12.29 11:16:11.953,1.49566,1.49583,1.00,1.00
2014.12.29 11:16:14.712,1.49569,1.49585,1.00,1.00
2014.12.29 11:16:15.119,1.49569,1.49587,1.00,1.69
2014.12.29 11:16:15.422,1.49568,1.49585,1.00,1.00
2014.12.29 11:16:17.673,1.4957,1.49585,1.00,1.00
2014.12.29 11:16:18.081,1.4957,1.49588,1.00,1.50
2014.12.29 11:16:21.508,1.4957,1.49587,1.00,1.00
2014.12.29 11:16:21.711,1.49568,1.49584,1.00,1.00
2014.12.29 11:16:22.124,1.49569,1.49586,1.00,1.00
2014.12.29 11:16:22.630,1.4957,1.49586,1.00,1.00
2014.12.29 11:16:22.703,1.49568,1.49586,1.00,1.50
2014.12.29 11:16:24.837,1.49568,1.49585,1.00,1.00
2014.12.29 11:16:25.351,1.49569,1.49586,1.00,1.00
2014.12.29 11:16:26.317,1.49569,1.49585,1.00,1.00
2014.12.29 11:16:26.851,1.49569,1.49586,1.00,1.00
2014.12.29 11:16:27.396,1.4957,1.49586,1.00,1.00
2014.12.29 11:16:28.317,1.49569,1.49586,1.00,1.00
2014.12.29 11:16:28.520,1.49572,1.49586,1.00,1.00
2014.12.29 11:16:28.572,1.49573,1.4959,1.00,1.00
2014.12.29 11:16:28.724,1.49575,1.4959,1.00,1.00
2014.12.29 11:16:28.927,1.49573,1.4959,1.00,1.00
2014.12.29 11:16:29.131,1.49575,1.49591,1.00,1.00
2014.12.29 11:16:29.233,1.49573,1.49591,1.50,1.50
2014.12.29 11:16:29.739,1.49573,1.4959,1.00,1.50
2014.12.29 11:16:29.841,1.49575,1.4959,1.00,1.00
2014.12.29 11:16:30.465,1.49573,1.4959,1.00,1.00
2014.12.29 11:16:30.566,1.49576,1.49591,1.00,1.00
2014.12.29 11:16:30.769,1.49574,1.49591,1.00,1.00
2014.12.29 11:16:30.870,1.49577,1.49591,1.00,1.00
2014.12.29 11:16:30.971,1.49574,1.49591,1.50,1.00
2014.12.29 11:16:31.073,1.49574,1.49594,3.00,1.50
2014.12.29 11:16:31.174,1.49576,1.49594,1.00,1.50
2014.12.29 11:16:31.538,1.49578,1.49594,1.00,1.00
2014.12.29 11:16:31.733,1.49576,1.49594,1.00,1.50
2014.12.29 11:16:31.928,1.49578,1.49594,1.00,1.00
2014.12.29 11:16:32.258,1.49576,1.49594,1.00,1.50
2014.12.29 11:16:33.267,1.49577,1.49595,1.00,1.00
2014.12.29 11:16:33.786,1.49578,1.49595,1.00,1.00
2014.12.29 11:16:34.141,1.49582,1.49595,1.00,1.00
2014.12.29 11:16:34.293,1.49582,1.496,1.00,1.10
2014.12.29 11:16:34.344,1.49581,1.49598,1.00,1.00
2014.12.29 11:16:34.850,1.4958,1.49598,1.00,1.50
2014.12.29 11:16:35.991,1.49579,1.49598,1.00,1.00
2014.12.29 11:16:36.299,1.49581,1.49599,1.00,1.50
2014.12.29 11:16:37.007,1.49579,1.49598,1.00,1.00
2014.12.29 11:16:37.337,1.49579,1.49596,1.00,1.00
2014.12.29 11:16:37.838,1.49578,1.49596,1.50,1.00
2014.12.29 11:16:38.488,1.49578,1.49594,1.50,1.00
2014.12.29 11:16:38.590,1.49578,1.49596,1.00,1.00
2014.12.29 11:16:40.156,1.49578,1.49595,1.00,1.00
2014.12.29 11:16:40.662,1.49579,1.49596,1.00,1.07
2014.12.29 11:16:41.393,1.49578,1.49596,1.00,1.07
2014.12.29 11:16:41.646,1.49579,1.49598,1.00,1.01
2014.12.29 11:16:43.045,1.49577,1.49597,1.37,1.00
2014.12.29 11:16:43.163,1.49579,1.49597,1.00,1.57
2014.12.29 11:16:43.938,1.49579,1.49597,1.00,1.57
2014.12.29 11:16:44.545,1.49579,1.49597,1.00,1.50
2014.12.29 11:16:47.669,1.4958,1.49597,1.00,1.00
2014.12.29 11:16:49.914,1.49579,1.49597,1.00,1.50
2014.12.29 11:16:51.926,1.49578,1.49595,1.00,1.00
2014.12.29 11:16:51.988,1.49579,1.49597,1.00,1.50
2014.12.29 11:16:52.492,1.49578,1.49597,1.00,1.50
2014.12.29 11:16:52.594,1.4958,1.49597,1.00,1.00
2014.12.29 11:16:53.226,1.49578,1.49597,1.00,1.50
2014.12.29 11:16:54.418,1.49579,1.49597,1.00,1.00
2014.12.29 11:16:54.948,1.49578,1.49597,1.00,1.50
2014.12.29 11:17:02.300,1.49578,1.49595,1.00,1.00
2014.12.29 11:17:02.756,1.49579,1.49597,1.00,1.50
2014.12.29 11:17:04.068,1.49578,1.49597,1.00,1.50
2014.12.29 11:17:04.423,1.4958,1.49598,1.00,1.00
2014.12.29 11:17:04.930,1.49579,1.49597,1.00,1.00
2014.12.29 11:17:05.438,1.49583,1.49598,1.00,1.00
2014.12.29 11:17:05.743,1.49583,1.49601,1.00,1.50
2014.12.29 11:17:07.373,1.49581,1.496,1.00,1.00
2014.12.29 11:17:07.909,1.49582,1.49601,1.00,1.00
2014.12.29 11:17:08.890,1.49581,1.49598,1.00,1.00
2014.12.29 11:17:09.396,1.4958,1.49598,1.50,1.50
2014.12.29 11:17:12.294,1.4958,1.49597,1.00,1.00
2014.12.29 11:17:12.701,1.49578,1.49597,1.12,1.00
2014.12.29 11:17:13.498,1.49579,1.49598,1.00,1.00
2014.12.29 11:17:15.993,1.49578,1.49595,1.00,1.00
2014.12.29 11:17:16.297,1.49573,1.49589,1.00,1.00
2014.12.29 11:17:17.106,1.49572,1.49589,1.00,1.00
2014.12.29 11:17:18.069,1.49572,1.49589,1.37,1.00
2014.12.29 11:17:18.272,1.49573,1.49591,1.87,1.00
2014.12.29 11:17:20.414,1.49573,1.49589,1.00,1.00
2014.12.29 11:17:21.133,1.49571,1.49589,1.50,1.00
2014.12.29 11:17:23.084,1.49573,1.49589,1.00,1.00
2014.12.29 11:17:23.135,1.49574,1.49591,1.00,1.00
2014.12.29 11:17:29.102,1.49576,1.49591,1.00,1.00
2014.12.29 11:17:32.614,1.49577,1.49591,1.00,1.00
2014.12.29 11:17:32.665,1.49577,1.49596,1.00,1.69
2014.12.29 11:17:33.425,1.49576,1.49594,1.50,1.00
2014.12.29 11:17:39.969,1.49574,1.49594,1.50,1.50
2014.12.29 11:17:40.623,1.49575,1.49594,1.37,1.50
2014.12.29 11:17:40.928,1.49583,1.496,1.50,1.00
2014.12.29 11:17:41.029,1.49589,1.49606,1.00,1.00
2014.12.29 11:17:41.080,1.49586,1.49604,1.57,1.00
2014.12.29 11:17:41.384,1.49588,1.496,1.00,1.00
2014.12.29 11:17:41.486,1.49588,1.49606,2.25,1.00
2014.12.29 11:17:41.790,1.49587,1.49602,1.00,1.00
2014.12.29 11:17:41.841,1.49585,1.49602,1.00,1.00
2014.12.29 11:17:41.942,1.49588,1.49602,1.00,1.00
2014.12.29 11:17:42.145,1.49579,1.49594,1.00,1.00
2014.12.29 11:17:42.247,1.49576,1.49593,1.00,1.00
2014.12.29 11:17:42.450,1.49573,1.49588,1.00,1.00
2014.12.29 11:17:42.956,1.49574,1.49589,1.00,1.00
2014.12.29 11:17:43.324,1.49573,1.49587,1.00,1.00
2014.12.29 11:17:43.686,1.4957,1.49587,1.50,1.00
2014.12.29 11:17:43.995,1.49572,1.49587,1.00,1.00
2014.12.29 11:17:44.096,1.49572,1.49591,1.00,1.00
2014.12.29 11:17:44.607,1.49575,1.49591,1.00,1.00
2014.12.29 11:17:51.467,1.49574,1.49591,1.00,1.00
2014.12.29 11:17:55.201,1.49571,1.49589,1.00,1.00
2014.12.29 11:17:55.302,1.49571,1.49586,1.00,1.00
2014.12.29 11:17:55.505,1.49571,1.49588,1.00,1.00
2014.12.29 11:17:55.709,1.49571,1.49591,1.00,1.25
2014.12.29 11:17:56.216,1.49571,1.4959,1.00,1.00
2014.12.29 11:17:56.317,1.4957,1.49588,2.25,1.00
2014.12.29 11:17:56.810,1.49573,1.49588,1.00,1.00
2014.12.29 11:17:56.861,1.49573,1.49592,1.00,1.00
2014.12.29 11:17:57.216,1.49571,1.49591,1.50,1.50
2014.12.29 11:17:57.318,1.49573,1.49591,1.00,1.50
2014.12.29 11:17:57.622,1.4957,1.49587,1.00,1.00
2014.12.29 11:17:57.774,1.49565,1.49583,1.00,1.87
2014.12.29 11:17:57.876,1.49563,1.49582,1.00,1.12
2014.12.29 11:17:58.129,1.49566,1.49582,1.00,1.12
2014.12.29 11:17:58.434,1.49563,1.49582,1.00,1.12
2014.12.29 11:17:58.966,1.49562,1.49582,1.50,1.12
2014.12.29 11:17:59.017,1.49564,1.49582,1.00,1.87
2014.12.29 11:17:59.585,1.49565,1.49582,1.00,1.00
2014.12.29 11:18:00.046,1.49567,1.49585,1.00,2.06
2014.12.29 11:18:00.456,1.49565,1.49585,1.50,2.81
2014.12.29 11:18:01.175,1.49565,1.49585,1.50,2.81
2014.12.29 11:18:01.754,1.49565,1.49582,1.00,1.00
2014.12.29 11:18:05.532,1.49566,1.49584,1.00,1.31
2014.12.29 11:18:08.038,1.49568,1.49585,1.00,1.50
2014.12.29 11:18:08.545,1.49568,1.49585,1.00,1.12
2014.12.29 11:18:09.354,1.49567,1.49585,1.00,1.50
2014.12.29 11:18:11.253,1.49567,1.49583,1.00,1.00
2014.12.29 11:18:11.529,1.49567,1.49585,1.00,1.50
2014.12.29 11:18:17.545,1.49568,1.49585,1.00,1.00
2014.12.29 11:18:17.646,1.49569,1.49587,1.00,1.31
2014.12.29 11:18:17.798,1.49567,1.49585,1.00,1.00
2014.12.29 11:18:18.103,1.49566,1.49583,1.00,1.37
2014.12.29 11:18:18.610,1.49566,1.49583,1.00,1.00
2014.12.29 11:18:20.664,1.49571,1.49584,1.00,1.12
2014.12.29 11:18:20.765,1.49572,1.49589,1.00,1.10
2014.12.29 11:18:20.867,1.49572,1.49592,1.50,2.25
2014.12.29 11:18:20.969,1.49574,1.49592,1.00,1.00
2014.12.29 11:18:21.475,1.49575,1.49592,1.00,1.00
2014.12.29 11:18:23.611,1.49576,1.49592,1.00,1.00
2014.12.29 11:18:32.489,1.49576,1.4959,1.00,1.00
2014.12.29 11:18:33.199,1.49576,1.49592,1.00,1.00
2014.12.29 11:18:33.836,1.49576,1.4959,1.00,1.00
2014.12.29 11:18:35.509,1.49577,1.49591,1.00,1.00
2014.12.29 11:18:37.237,1.49577,1.49592,1.00,1.00
2014.12.29 11:18:37.441,1.49579,1.49595,1.00,1.25
2014.12.29 11:18:38.408,1.49579,1.49592,1.00,1.00
2014.12.29 11:18:38.459,1.49577,1.49592,1.00,1.00
2014.12.29 11:18:38.728,1.49579,1.49597,1.00,1.50
2014.12.29 11:18:38.881,1.49584,1.496,1.00,1.00
2014.12.29 11:18:40.633,1.49587,1.496,1.00,1.00
2014.12.29 11:18:40.886,1.49585,1.496,1.00,1.00
2014.12.29 11:18:43.748,1.49584,1.49598,1.00,1.00
2014.12.29 11:18:44.053,1.49579,1.49595,1.00,1.00
2014.12.29 11:18:44.155,1.49583,1.49595,1.00,1.00
2014.12.29 11:18:44.409,1.49577,1.4959,1.00,1.00
2014.12.29 11:18:44.460,1.49577,1.49593,1.00,1.00
2014.12.29 11:18:44.562,1.49577,1.49595,1.00,1.00
2014.12.29 11:18:44.613,1.4958,1.49595,1.00,1.00
2014.12.29 11:18:45.738,1.4958,1.49596,1.00,1.00
2014.12.29 11:18:46.265,1.49581,1.49596,1.00,1.00
2014.12.29 11:18:46.621,1.49584,1.49596,1.00,1.00
2014.12.29 11:18:46.672,1.49584,1.49598,1.00,1.25
2014.12.29 11:18:47.198,1.49585,1.49598,1.00,1.00
2014.12.29 11:18:47.451,1.49585,1.49596,1.00,1.00
2014.12.29 11:18:47.604,1.49582,1.49596,1.00,1.00
2014.12.29 11:18:49.779,1.49581,1.49596,1.00,1.00
2014.12.29 11:18:50.127,1.49583,1.49596,1.00,1.00
2014.12.29 11:18:50.279,1.49583,1.49599,1.00,1.00
2014.12.29 11:18:50.432,1.49586,1.49599,1.00,1.00
2014.12.29 11:18:50.483,1.49586,1.49601,1.00,1.00
2014.12.29 11:18:55.282,1.49586,1.49598,1.00,1.00
2014.12.29 11:18:57.275,1.49583,1.49598,1.00,1.00
2014.12.29 11:19:00.180,1.49585,1.49603,1.00,1.25
2014.12.29 11:19:00.231,1.49587,1.49605,1.00,1.00
2014.12.29 11:19:00.535,1.49589,1.49601,1.00,1.00
2014.12.29 11:19:00.790,1.49587,1.49601,1.00,1.00
2014.12.29 11:19:00.992,1.49584,1.49601,1.00,1.00
2014.12.29 11:19:01.094,1.49583,1.49599,1.00,1.00
2014.12.29 11:19:01.613,1.49583,1.49597,1.00,1.00
2014.12.29 11:19:02.789,1.49583,1.49596,1.00,1.00
2014.12.29 11:19:03.097,1.49567,1.49583,1.07,1.00
2014.12.29 11:19:03.199,1.4957,1.49583,1.00,1.00
2014.12.29 11:19:03.301,1.49567,1.49583,1.00,1.00
2014.12.29 11:19:03.403,1.4957,1.4958,1.00,1.00
2014.12.29 11:19:03.555,1.49567,1.4958,1.00,1.00
2014.12.29 11:19:03.886,1.49564,1.4958,1.00,1.00
2014.12.29 11:19:08.934,1.49564,1.49583,1.00,1.00
2014.12.29 11:19:09.036,1.49569,1.49583,1.00,1.00
2014.12.29 11:19:09.137,1.49567,1.49583,1.00,1.00
2014.12.29 11:19:09.655,1.49566,1.49583,1.00,1.00
2014.12.29 11:19:11.800,1.49567,1.49583,1.00,1.01
2014.12.29 11:19:12.103,1.49564,1.49583,1.00,1.01
2014.12.29 11:19:12.154,1.49564,1.49578,1.00,1.00
2014.12.29 11:19:12.205,1.49562,1.49578,1.00,1.00
2014.12.29 11:19:12.358,1.49562,1.49576,1.00,1.00
2014.12.29 11:19:12.764,1.49563,1.49579,1.00,1.00
2014.12.29 11:19:16.420,1.49564,1.49579,1.00,1.00
2014.12.29 11:19:19.723,1.49566,1.49579,1.00,1.00
2014.12.29 11:19:20.043,1.49566,1.49581,1.00,1.00
2014.12.29 11:19:20.195,1.49566,1.49584,1.00,1.65
2014.12.29 11:19:20.348,1.49568,1.49584,1.00,1.10
2014.12.29 11:19:20.753,1.49568,1.49581,1.00,1.00
2014.12.29 11:19:20.855,1.49568,1.49583,1.00,1.00
2014.12.29 11:19:21.371,1.49566,1.49583,1.00,1.00
2014.12.29 11:19:24.504,1.49566,1.4958,1.00,1.00
2014.12.29 11:19:24.656,1.49563,1.49578,1.00,1.00
2014.12.29 11:19:25.062,1.49563,1.49576,1.00,1.00
2014.12.29 11:19:25.113,1.49561,1.49576,1.00,1.00
2014.12.29 11:19:25.987,1.49561,1.4958,1.00,1.00
2014.12.29 11:19:26.190,1.49566,1.49582,1.00,1.00
2014.12.29 11:19:26.494,1.49566,1.4958,1.00,1.00
2014.12.29 11:19:26.748,1.49563,1.4958,1.00,1.00
2014.12.29 11:19:27.263,1.49563,1.49581,2.25,1.00
2014.12.29 11:19:27.733,1.49565,1.49581,1.00,1.00
2014.12.29 11:19:31.119,1.49567,1.49581,1.00,1.00
2014.12.29 11:19:35.390,1.49567,1.49583,1.00,1.00
2014.12.29 11:19:35.728,1.49567,1.49585,1.12,1.50
2014.12.29 11:19:35.779,1.49571,1.49585,1.00,1.00
2014.12.29 11:19:35.881,1.49571,1.49587,1.00,1.20
2014.12.29 11:19:35.932,1.49571,1.49584,1.00,1.00
2014.12.29 11:19:36.640,1.4957,1.49584,1.00,1.00
2014.12.29 11:19:38.644,1.4957,1.49585,1.00,1.00
2014.12.29 11:19:39.952,1.49567,1.49582,1.00,1.00
2014.12.29 11:19:41.591,1.49565,1.49582,1.00,1.00
2014.12.29 11:19:51.040,1.49565,1.4958,1.00,1.00
2014.12.29 11:19:52.971,1.49565,1.49577,1.00,1.00
2014.12.29 11:19:53.123,1.49565,1.4958,1.00,1.00
2014.12.29 11:19:53.175,1.49565,1.49585,1.50,1.76
2014.12.29 11:19:53.378,1.49565,1.49582,1.00,1.00
2014.12.29 11:19:54.238,1.49565,1.49581,1.00,1.00
2014.12.29 11:19:54.785,1.49565,1.49582,1.00,1.00
2014.12.29 11:20:02.474,1.49565,1.49579,1.00,1.00
2014.12.29 11:20:02.782,1.49568,1.49579,1.00,1.00
2014.12.29 11:20:02.934,1.49564,1.49579,1.00,1.00
2014.12.29 11:20:05.019,1.49568,1.49579,1.00,1.00
2014.12.29 11:20:06.285,1.49568,1.49582,1.00,1.00
2014.12.29 11:20:09.781,1.49568,1.49576,1.00,1.00
2014.12.29 11:20:09.883,1.49564,1.49576,1.00,1.00
2014.12.29 11:20:09.985,1.49564,1.49579,1.00,1.00
2014.12.29 11:20:10.290,1.49566,1.4958,1.00,1.00
2014.12.29 11:20:10.493,1.49561,1.49576,1.00,1.25
2014.12.29 11:20:10.695,1.49561,1.49572,1.00,1.00
2014.12.29 11:20:10.746,1.49558,1.49572,1.00,1.00
2014.12.29 11:20:11.404,1.49555,1.49572,1.50,1.00
2014.12.29 11:20:12.882,1.49555,1.49567,1.50,1.00
2014.12.29 11:20:12.933,1.49553,1.49567,1.00,1.00
2014.12.29 11:20:13.085,1.49553,1.4957,1.00,1.00
2014.12.29 11:20:13.288,1.49555,1.49573,1.50,1.00
2014.12.29 11:20:13.815,1.49555,1.49572,1.00,1.00
2014.12.29 11:20:18.322,1.49555,1.4957,1.00,1.00
2014.12.29 11:20:18.793,1.49553,1.4957,1.00,1.00
2014.12.29 11:20:19.746,1.49555,1.4957,1.00,1.00
2014.12.29 11:20:20.266,1.49554,1.4957,1.00,1.00
2014.12.29 11:20:21.095,1.4956,1.4957,1.00,1.00
2014.12.29 11:20:21.146,1.4956,1.49576,1.00,1.25
2014.12.29 11:20:21.197,1.49565,1.49576,1.00,1.00
2014.12.29 11:20:21.299,1.49562,1.49576,1.00,1.37
2014.12.29 11:20:21.658,1.49562,1.49576,1.00,1.37
2014.12.29 11:20:21.861,1.49562,1.49576,1.00,1.00
2014.12.29 11:20:22.629,1.49553,1.49569,1.00,1.37
2014.12.29 11:20:22.731,1.49552,1.49563,1.00,1.47
2014.12.29 11:20:22.782,1.49546,1.49563,1.00,1.47
2014.12.29 11:20:22.833,1.49543,1.49563,1.50,1.95
2014.12.29 11:20:23.339,1.49542,1.4956,1.00,2.32
2014.12.29 11:20:23.874,1.49543,1.4956,1.00,2.62
2014.12.29 11:20:24.127,1.49548,1.49565,1.00,1.00
2014.12.29 11:20:24.178,1.49548,1.49567,1.00,1.00
2014.12.29 11:20:24.280,1.49547,1.49565,1.50,1.00
2014.12.29 11:20:24.583,1.49546,1.49563,1.00,1.00
2014.12.29 11:20:25.111,1.49545,1.49562,1.00,1.00
2014.12.29 11:20:25.470,1.49544,1.4956,1.50,1.00
2014.12.29 11:20:25.622,1.49545,1.49562,1.00,1.00
2014.12.29 11:20:26.122,1.49545,1.49552,1.00,1.00
2014.12.29 11:20:26.350,1.49532,1.49547,1.00,1.87
2014.12.29 11:20:27.246,1.49528,1.49544,1.00,1.37
2014.12.29 11:20:27.348,1.49528,1.49543,1.00,1.37
2014.12.29 11:20:27.449,1.49522,1.49537,1.00,1.00
2014.12.29 11:20:27.551,1.49518,1.49536,1.00,1.00
2014.12.29 11:20:27.652,1.49518,1.49538,1.00,1.00
2014.12.29 11:20:27.703,1.49518,1.49538,2.81,1.50
2014.12.29 11:20:28.007,1.49531,1.4954,1.00,1.37
2014.12.29 11:20:28.108,1.49529,1.4954,1.00,1.00
2014.12.29 11:20:28.159,1.49529,1.49546,1.00,1.95
2014.12.29 11:20:28.362,1.4953,1.49546,1.00,1.50
2014.12.29 11:20:28.464,1.49532,1.49548,1.00,1.00
2014.12.29 11:20:28.666,1.49533,1.49551,1.00,1.00
2014.12.29 11:20:29.631,1.49534,1.49551,1.00,1.00
2014.12.29 11:20:31.862,1.49534,1.49549,1.00,1.00
2014.12.29 11:20:32.199,1.49536,1.49549,1.00,1.00
2014.12.29 11:20:35.047,1.49535,1.49549,1.00,1.00
2014.12.29 11:20:35.453,1.49534,1.49551,1.00,1.00
2014.12.29 11:20:35.554,1.49531,1.4955,1.00,1.00
2014.12.29 11:20:36.163,1.49534,1.4955,1.00,1.00
2014.12.29 11:20:36.670,1.49533,1.4955,1.00,1.00
2014.12.29 11:20:37.175,1.49533,1.4955,1.00,1.37
2014.12.29 11:20:40.193,1.49532,1.4955,1.00,2.06
2014.12.29 11:20:40.396,1.49528,1.49546,1.00,1.00
2014.12.29 11:20:40.447,1.49528,1.49544,1.00,1.25
2014.12.29 11:20:40.498,1.49526,1.49544,1.50,1.69
2014.12.29 11:20:40.549,1.49526,1.49541,1.00,1.00
2014.12.29 11:20:40.600,1.49524,1.49541,1.00,1.00
2014.12.29 11:20:40.651,1.49524,1.49539,1.00,1.00
2014.12.29 11:20:40.753,1.49525,1.49543,1.00,1.00
2014.12.29 11:20:40.804,1.49522,1.49536,1.00,1.00
2014.12.29 11:20:40.905,1.49516,1.49534,1.07,1.75
2014.12.29 11:20:41.108,1.49515,1.49531,1.00,1.00
2014.12.29 11:20:41.210,1.49519,1.49531,1.00,1.00
2014.12.29 11:20:41.382,1.49515,1.49531,1.00,1.00
2014.12.29 11:20:41.888,1.49514,1.49531,1.00,1.00
2014.12.29 11:20:41.990,1.49516,1.49531,1.00,1.00
2014.12.29 11:20:42.681,1.49515,1.49531,1.00,1.00
2014.12.29 11:20:42.988,1.49514,1.49531,1.00,1.37
2014.12.29 11:20:43.393,1.49514,1.49531,1.00,1.37
2014.12.29 11:20:44.051,1.49514,1.4953,1.00,1.12
2014.12.29 11:20:44.506,1.49522,1.49533,1.00,1.12
2014.12.29 11:20:44.608,1.49522,1.49538,1.00,1.01
2014.12.29 11:20:45.114,1.49523,1.49541,1.00,2.05
2014.12.29 11:20:45.418,1.49524,1.49542,1.00,1.50
2014.12.29 11:20:45.519,1.49522,1.49542,1.50,1.12
2014.12.29 11:20:45.924,1.49521,1.49538,1.00,1.00
2014.12.29 11:20:46.025,1.49519,1.49537,1.00,1.00
2014.12.29 11:20:46.127,1.49519,1.49537,1.00,1.37
2014.12.29 11:20:46.329,1.49517,1.49535,1.00,2.25
2014.12.29 11:20:46.431,1.49514,1.49534,1.50,1.50
2014.12.29 11:20:46.735,1.49517,1.49535,1.00,2.81
2014.12.29 11:20:48.368,1.49517,1.49534,1.00,1.12
2014.12.29 11:20:48.520,1.49515,1.49533,1.00,2.32
2014.12.29 11:20:49.355,1.49515,1.49533,1.00,1.01
2014.12.29 11:20:49.827,1.49517,1.49535,1.00,2.21
2014.12.29 11:20:50.379,1.49517,1.49535,1.00,1.87
2014.12.29 11:20:54.725,1.49517,1.49537,1.00,1.01
2014.12.29 11:20:55.031,1.49517,1.49534,1.00,1.00
2014.12.29 11:20:55.540,1.49518,1.49536,1.00,1.12
2014.12.29 11:20:55.642,1.49516,1.49534,1.00,1.10
2014.12.29 11:20:56.358,1.49515,1.49537,1.00,1.69
2014.12.29 11:20:57.931,1.49517,1.49534,1.00,1.10
2014.12.29 11:21:00.382,1.49517,1.49536,1.00,1.07
2014.12.29 11:21:00.888,1.49517,1.49536,1.00,1.00
2014.12.29 11:21:01.473,1.49521,1.49536,1.00,1.00
2014.12.29 11:21:01.574,1.49519,1.49536,1.00,1.00
2014.12.29 11:21:02.090,1.49519,1.49536,1.00,1.37
2014.12.29 11:21:02.611,1.49519,1.49536,1.00,1.12
2014.12.29 11:21:06.295,1.49517,1.49535,1.00,1.25
2014.12.29 11:21:08.590,1.49517,1.49535,1.00,1.62
2014.12.29 11:21:08.793,1.49508,1.49521,1.00,1.00
2014.12.29 11:21:09.046,1.49508,1.49521,1.00,1.37
2014.12.29 11:21:09.199,1.49504,1.4952,1.00,1.37
2014.12.29 11:21:09.707,1.49503,1.49519,1.00,1.37
2014.12.29 11:21:10.366,1.49501,1.49519,1.00,1.37
2014.12.29 11:21:10.569,1.49502,1.4952,1.00,1.50
2014.12.29 11:21:10.671,1.49507,1.4952,1.00,1.00
2014.12.29 11:21:10.979,1.4951,1.49526,1.00,1.37
2014.12.29 11:21:11.757,1.49508,1.49523,1.50,1.37
2014.12.29 11:21:11.858,1.49508,1.49515,1.00,1.00
2014.12.29 11:21:12.062,1.49496,1.49514,1.00,1.37
2014.12.29 11:21:12.113,1.49496,1.49514,1.00,1.00
2014.12.29 11:21:12.619,1.49497,1.49515,1.00,1.00
2014.12.29 11:21:13.153,1.49497,1.49517,1.00,1.37
2014.12.29 11:21:13.533,1.49497,1.49517,1.00,1.37
2014.12.29 11:21:13.685,1.49495,1.49515,2.25,1.87
2014.12.29 11:21:14.554,1.49495,1.49515,1.00,1.25
2014.12.29 11:21:14.706,1.49498,1.49516,1.00,1.50
2014.12.29 11:21:15.112,1.495,1.49518,1.00,1.62
2014.12.29 11:21:17.634,1.495,1.49516,1.00,1.37
2014.12.29 11:21:17.685,1.49497,1.49516,1.00,1.37
2014.12.29 11:21:18.610,1.49497,1.49516,1.00,1.50
2014.12.29 11:21:18.713,1.49505,1.49518,1.00,1.12
2014.12.29 11:21:19.219,1.49509,1.49525,1.00,1.52
2014.12.29 11:21:19.371,1.49511,1.49525,1.00,1.37
2014.12.29 11:21:19.878,1.49512,1.49526,1.00,1.37
2014.12.29 11:21:20.131,1.49501,1.49519,1.00,1.37
2014.12.29 11:21:20.334,1.49496,1.49516,1.00,1.37
2014.12.29 11:21:20.385,1.49496,1.49516,1.00,1.00
2014.12.29 11:21:20.436,1.49498,1.49516,1.00,1.00
2014.12.29 11:21:20.739,1.495,1.49518,1.00,1.25
2014.12.29 11:21:21.245,1.49503,1.49518,1.00,1.00
2014.12.29 11:21:21.296,1.49503,1.49521,1.00,1.25
2014.12.29 11:21:21.499,1.49506,1.49521,1.00,1.25
2014.12.29 11:21:21.803,1.49506,1.4952,1.00,1.37
2014.12.29 11:21:21.854,1.49502,1.49517,1.00,1.37
2014.12.29 11:21:21.955,1.495,1.49514,1.00,1.37
2014.12.29 11:21:22.158,1.49499,1.49515,1.00,1.00
2014.12.29 11:21:22.209,1.49502,1.49515,1.00,1.00
2014.12.29 11:21:22.310,1.49502,1.49519,1.00,1.00
2014.12.29 11:21:22.614,1.49502,1.49517,1.00,1.00
2014.12.29 11:21:22.969,1.49502,1.49519,1.00,1.00
2014.12.29 11:21:23.019,1.49504,1.49519,1.00,1.00
2014.12.29 11:21:23.901,1.49504,1.49519,1.00,1.37
2014.12.29 11:21:24.053,1.49502,1.49519,1.00,1.37
2014.12.29 11:21:25.541,1.49502,1.49519,1.00,1.37
2014.12.29 11:21:25.642,1.495,1.49514,1.00,1.37
2014.12.29 11:21:25.693,1.49496,1.49514,1.00,1.37
2014.12.29 11:21:25.896,1.49496,1.49514,1.00,1.00
2014.12.29 11:21:25.947,1.49498,1.49515,1.00,1.00
2014.12.29 11:21:26.252,1.49501,1.49517,1.00,1.00
2014.12.29 11:21:28.162,1.49504,1.49517,1.00,1.00
2014.12.29 11:21:28.365,1.49501,1.49515,1.50,1.00
2014.12.29 11:21:28.618,1.495,1.49514,1.00,1.37
2014.12.29 11:21:28.771,1.49497,1.49514,1.00,1.47
2014.12.29 11:21:29.636,1.49499,1.4951,1.00,1.00
2014.12.29 11:21:29.788,1.49499,1.49513,1.00,1.12
2014.12.29 11:21:30.143,1.49502,1.49513,1.00,1.00
2014.12.29 11:21:30.194,1.49502,1.49516,1.00,1.00
2014.12.29 11:21:30.447,1.49502,1.4952,1.00,1.87
2014.12.29 11:21:32.266,1.49504,1.49519,1.00,1.12
2014.12.29 11:21:33.881,1.495,1.49519,1.00,1.37
2014.12.29 11:21:33.982,1.49502,1.49519,1.00,1.37
2014.12.29 11:21:34.033,1.49502,1.49519,1.00,1.12
2014.12.29 11:21:34.084,1.49504,1.49518,1.00,1.00
2014.12.29 11:21:34.785,1.49504,1.49518,1.00,1.37
2014.12.29 11:21:34.988,1.49501,1.49518,1.00,1.37
2014.12.29 11:21:36.560,1.49503,1.49517,1.00,1.37
2014.12.29 11:21:38.147,1.49501,1.49517,1.00,1.37
2014.12.29 11:21:38.662,1.49502,1.49517,1.00,1.37
2014.12.29 11:21:38.997,1.495,1.49517,1.00,1.37
2014.12.29 11:21:39.099,1.49503,1.49517,1.00,1.37
2014.12.29 11:21:39.201,1.49501,1.49517,1.00,1.37
2014.12.29 11:21:39.728,1.49502,1.49517,1.00,1.37
2014.12.29 11:21:40.246,1.49501,1.49517,1.00,1.37
2014.12.29 11:21:40.755,1.49499,1.49515,1.00,1.12
2014.12.29 11:21:40.958,1.49497,1.49515,1.00,1.12
2014.12.29 11:21:41.481,1.49497,1.49514,1.00,1.00
2014.12.29 11:21:42.292,1.49496,1.49512,1.12,2.10
2014.12.29 11:21:42.596,1.49491,1.495,1.00,2.14
2014.12.29 11:21:42.907,1.49482,1.49499,1.00,1.56
2014.12.29 11:21:43.010,1.49482,1.49496,1.50,1.56
2014.12.29 11:21:43.112,1.49482,1.49496,1.00,2.06
2014.12.29 11:21:43.366,1.49482,1.49493,1.00,1.37
2014.12.29 11:21:43.417,1.49484,1.49493,1.00,1.37
2014.12.29 11:21:43.822,1.49485,1.495,1.00,1.00
2014.12.29 11:21:43.874,1.49485,1.49497,1.00,1.00
2014.12.29 11:21:43.975,1.49485,1.49499,1.00,1.00
2014.12.29 11:21:44.487,1.49485,1.49502,1.00,1.37
2014.12.29 11:21:44.791,1.49483,1.49499,1.00,1.12
2014.12.29 11:21:45.391,1.49482,1.49498,1.00,1.00
2014.12.29 11:21:45.913,1.49483,1.49498,1.00,1.00
2014.12.29 11:21:46.444,1.49483,1.49499,1.00,1.00
2014.12.29 11:21:47.933,1.49485,1.49499,1.00,1.00
2014.12.29 11:21:50.349,1.49485,1.49501,1.00,1.00
2014.12.29 11:21:52.343,1.49485,1.49498,1.00,1.00
2014.12.29 11:21:52.445,1.49485,1.49501,1.00,1.00
2014.12.29 11:21:52.951,1.49485,1.49501,1.00,1.37
2014.12.29 11:21:53.478,1.49485,1.49499,1.00,1.00
2014.12.29 11:21:53.712,1.49483,1.49499,1.00,1.00
2014.12.29 11:21:53.914,1.49485,1.49499,1.00,1.00
2014.12.29 11:21:54.420,1.49483,1.49499,1.00,1.00
2014.12.29 11:21:54.725,1.49485,1.49499,1.00,1.00
2014.12.29 11:21:55.457,1.49482,1.49499,1.00,1.00
2014.12.29 11:21:56.023,1.49485,1.49499,1.00,1.00
2014.12.29 11:21:56.226,1.49483,1.49499,1.00,1.00
2014.12.29 11:21:56.732,1.49485,1.49499,1.00,1.00
2014.12.29 11:21:56.833,1.49482,1.49499,1.00,1.00
2014.12.29 11:21:57.719,1.49486,1.49499,1.00,1.00
2014.12.29 11:21:57.821,1.49487,1.49501,1.00,1.25
2014.12.29 11:21:58.024,1.49487,1.49504,1.00,1.25
2014.12.29 11:21:58.431,1.49489,1.49503,1.00,1.00
2014.12.29 11:21:58.533,1.49487,1.49503,1.00,1.00
2014.12.29 11:21:58.635,1.49485,1.49503,1.00,1.50
2014.12.29 11:21:58.686,1.49485,1.49501,1.00,1.00
2014.12.29 11:21:59.194,1.49488,1.49501,1.00,1.00
2014.12.29 11:21:59.245,1.49488,1.49504,1.00,1.10
2014.12.29 11:21:59.296,1.49485,1.49504,1.00,1.57
2014.12.29 11:21:59.347,1.49484,1.49499,1.00,1.00
2014.12.29 11:21:59.651,1.49487,1.495,1.00,1.00
2014.12.29 11:21:59.904,1.49484,1.495,1.00,1.00
2014.12.29 11:21:59.955,1.49484,1.49498,1.00,1.00
2014.12.29 11:22:00.006,1.49489,1.49507,1.00,2.81
2014.12.29 11:22:00.108,1.49489,1.49504,1.00,1.00
2014.12.29 11:22:00.158,1.49487,1.49504,1.00,1.00
2014.12.29 11:22:00.209,1.49487,1.49506,1.50,1.50
2014.12.29 11:22:00.260,1.49487,1.49501,1.00,1.00
2014.12.29 11:22:00.565,1.49487,1.49499,1.00,1.00
2014.12.29 11:22:01.325,1.49487,1.495,1.00,1.00
2014.12.29 11:22:01.730,1.4949,1.495,1.00,1.00
2014.12.29 11:22:01.832,1.49487,1.495,1.00,1.00
2014.12.29 11:22:01.933,1.4949,1.495,1.00,1.00
2014.12.29 11:22:02.086,1.49488,1.495,1.00,1.00
2014.12.29 11:22:03.394,1.49489,1.495,1.00,1.00
2014.12.29 11:22:03.597,1.49487,1.495,1.00,1.00
2014.12.29 11:22:03.908,1.4949,1.495,1.00,1.00
2014.12.29 11:22:04.215,1.49488,1.495,1.00,1.00
2014.12.29 11:22:04.843,1.4949,1.495,1.00,1.00
2014.12.29 11:22:05.198,1.49488,1.495,1.00,1.00
2014.12.29 11:22:05.299,1.49491,1.495,1.00,1.00
2014.12.29 11:22:05.401,1.49489,1.49502,1.00,1.00
2014.12.29 11:22:05.503,1.49486,1.49504,1.50,1.00
2014.12.29 11:22:05.604,1.49491,1.49504,1.00,1.00
2014.12.29 11:22:05.706,1.49486,1.49501,1.00,1.00
2014.12.29 11:22:05.908,1.49488,1.49501,1.00,1.00
2014.12.29 11:22:06.538,1.49487,1.49501,1.00,1.00
2014.12.29 11:22:07.147,1.49489,1.49501,1.00,1.00
2014.12.29 11:22:07.249,1.49487,1.49501,1.00,1.00
2014.12.29 11:22:07.351,1.49489,1.49501,1.00,1.00
2014.12.29 11:22:07.554,1.49487,1.49501,1.00,1.00
2014.12.29 11:22:07.655,1.4949,1.49501,1.00,1.00
2014.12.29 11:22:07.757,1.49487,1.49501,1.00,1.00
2014.12.29 11:22:07.859,1.4949,1.49501,1.00,1.00
2014.12.29 11:22:08.062,1.49488,1.49501,1.00,1.00
2014.12.29 11:22:09.228,1.49485,1.49501,1.00,1.00
2014.12.29 11:22:09.329,1.49487,1.49501,1.00,1.00
2014.12.29 11:22:10.039,1.49486,1.49501,1.00,1.00
2014.12.29 11:22:10.545,1.49485,1.49501,1.00,1.00
2014.12.29 11:22:11.052,1.49486,1.49501,1.00,1.00
2014.12.29 11:22:11.559,1.49486,1.495,1.00,1.00
2014.12.29 11:22:18.790,1.49487,1.495,1.00,1.00
2014.12.29 11:22:19.094,1.49485,1.495,1.00,1.00
2014.12.29 11:22:19.195,1.49487,1.495,1.00,1.00
2014.12.29 11:22:19.399,1.49485,1.495,1.00,1.00
2014.12.29 11:22:19.500,1.49494,1.49504,1.00,1.00
2014.12.29 11:22:19.602,1.49494,1.49507,1.00,1.00
2014.12.29 11:22:19.703,1.49491,1.49508,1.00,1.00
2014.12.29 11:22:19.805,1.49491,1.49506,1.00,1.00
2014.12.29 11:22:19.907,1.49488,1.49506,1.00,1.87
2014.12.29 11:22:19.957,1.49488,1.49504,1.00,1.00
2014.12.29 11:22:20.110,1.49486,1.49503,1.00,1.00
2014.12.29 11:22:20.262,1.49486,1.495,1.00,1.00
2014.12.29 11:22:20.364,1.49487,1.49505,1.00,1.50
2014.12.29 11:22:20.466,1.49488,1.49502,1.00,1.00
2014.12.29 11:22:20.619,1.49488,1.49505,1.00,1.00
2014.12.29 11:22:20.670,1.49486,1.49505,1.00,1.00
2014.12.29 11:22:20.822,1.49486,1.49503,1.00,1.00
2014.12.29 11:22:20.924,1.49488,1.49506,1.00,1.25
2014.12.29 11:22:21.025,1.49491,1.49505,1.00,1.00
2014.12.29 11:22:21.076,1.49487,1.49505,1.00,1.00
2014.12.29 11:22:21.127,1.49486,1.49502,1.00,1.00
2014.12.29 11:22:21.432,1.49489,1.49503,1.00,1.00
2014.12.29 11:22:21.483,1.49489,1.49506,1.00,1.00
2014.12.29 11:22:21.586,1.49485,1.49503,1.87,1.00
2014.12.29 11:22:21.891,1.49486,1.49501,1.00,1.00
2014.12.29 11:22:21.942,1.49486,1.49504,1.50,1.50
2014.12.29 11:22:22.045,1.49483,1.495,1.00,1.00
2014.12.29 11:22:22.247,1.49486,1.49504,1.00,1.00
2014.12.29 11:22:22.350,1.49487,1.49502,1.00,1.00
2014.12.29 11:22:22.503,1.49485,1.49502,1.00,1.00
2014.12.29 11:22:22.605,1.49489,1.49502,1.00,1.00
2014.12.29 11:22:22.707,1.49483,1.49502,1.00,1.00
2014.12.29 11:22:22.808,1.49487,1.49502,1.00,1.00
2014.12.29 11:22:23.011,1.49485,1.49502,1.00,1.00
2014.12.29 11:22:23.113,1.49489,1.49501,1.00,1.00
2014.12.29 11:22:23.214,1.49485,1.49501,1.00,1.00
2014.12.29 11:22:23.316,1.49488,1.49501,1.00,1.00
2014.12.29 11:22:23.519,1.49485,1.49501,1.00,1.00
2014.12.29 11:22:23.620,1.49489,1.49501,1.00,1.00
2014.12.29 11:22:23.671,1.49489,1.49503,1.00,1.00
2014.12.29 11:22:23.722,1.49486,1.49503,1.00,1.00
2014.12.29 11:22:23.824,1.49488,1.49504,1.00,1.00
2014.12.29 11:22:24.128,1.49488,1.495,1.00,1.00
2014.12.29 11:22:24.231,1.49484,1.49503,1.00,1.00
2014.12.29 11:22:24.333,1.49488,1.49503,1.00,1.00
2014.12.29 11:22:24.434,1.49486,1.49505,1.00,1.00
2014.12.29 11:22:24.536,1.49486,1.49501,1.00,1.00
2014.12.29 11:22:25.042,1.49484,1.49501,1.00,1.00
2014.12.29 11:22:25.144,1.49486,1.49501,1.00,1.00
2014.12.29 11:22:25.245,1.49484,1.49502,1.50,1.00
2014.12.29 11:22:25.347,1.49488,1.49505,1.00,1.00
2014.12.29 11:22:25.653,1.49488,1.49501,1.00,1.00
2014.12.29 11:22:25.757,1.49484,1.49501,1.00,1.00
2014.12.29 11:22:25.859,1.49487,1.49501,1.00,1.00
2014.12.29 11:22:26.214,1.49488,1.49504,1.00,1.00
2014.12.29 11:22:26.265,1.49486,1.49503,1.00,1.00
2014.12.29 11:22:26.367,1.49488,1.49503,1.00,1.00
2014.12.29 11:22:26.468,1.49486,1.49502,1.00,1.00
2014.12.29 11:22:26.519,1.49486,1.495,1.00,1.00
2014.12.29 11:22:26.867,1.49489,1.49504,1.00,1.00
2014.12.29 11:22:27.032,1.49485,1.49503,1.00,1.00
2014.12.29 11:22:27.083,1.49485,1.495,1.00,1.00
2014.12.29 11:22:27.235,1.49486,1.49504,1.00,1.50
2014.12.29 11:22:27.336,1.49488,1.49505,1.00,1.19
2014.12.29 11:22:27.540,1.49485,1.49502,1.00,1.00
2014.12.29 11:22:27.642,1.49488,1.49501,1.00,1.00
2014.12.29 11:22:27.744,1.49485,1.49501,1.00,1.00
2014.12.29 11:22:27.845,1.49488,1.49502,1.00,1.00
2014.12.29 11:22:28.150,1.49486,1.49501,1.00,1.00
2014.12.29 11:22:28.454,1.49488,1.49501,1.00,1.00
2014.12.29 11:22:28.556,1.49485,1.49501,1.00,1.00
2014.12.29 11:22:28.860,1.49489,1.49502,1.00,1.00
2014.12.29 11:22:28.961,1.49487,1.49502,1.00,1.00
2014.12.29 11:22:29.063,1.49484,1.495,1.00,1.00
2014.12.29 11:22:29.164,1.49487,1.495,1.00,1.00
2014.12.29 11:22:29.266,1.49484,1.495,1.00,1.00
2014.12.29 11:22:29.368,1.49487,1.495,1.00,1.00
2014.12.29 11:22:29.419,1.49487,1.49503,1.00,1.00
2014.12.29 11:22:29.520,1.49487,1.49501,1.00,1.00
2014.12.29 11:22:29.571,1.49485,1.49501,1.00,1.00
2014.12.29 11:22:29.673,1.49489,1.49501,1.00,1.00
2014.12.29 11:22:29.774,1.49485,1.49501,1.50,1.00
2014.12.29 11:22:30.180,1.49486,1.49506,1.50,1.50
2014.12.29 11:22:30.283,1.49486,1.49504,1.00,1.00
2014.12.29 11:22:30.739,1.49487,1.49501,1.00,1.00
2014.12.29 11:22:30.790,1.49484,1.49501,1.00,1.00
2014.12.29 11:22:30.841,1.49484,1.49499,1.00,1.00
2014.12.29 11:22:30.943,1.49489,1.49505,1.00,1.25
2014.12.29 11:22:30.994,1.49486,1.49505,1.00,1.25
2014.12.29 11:22:31.045,1.49486,1.49502,1.00,1.00
2014.12.29 11:22:31.248,1.49487,1.49504,1.00,1.00
2014.12.29 11:22:31.299,1.49489,1.49504,1.00,1.00
2014.12.29 11:22:31.502,1.49487,1.49506,1.00,1.00
2014.12.29 11:22:31.704,1.4949,1.49506,1.00,1.00
2014.12.29 11:22:32.009,1.49489,1.49503,1.00,1.00
2014.12.29 11:22:32.161,1.49489,1.49505,1.00,1.00
2014.12.29 11:22:32.212,1.49491,1.49505,1.00,1.00
2014.12.29 11:22:32.314,1.49489,1.49505,1.00,1.00
2014.12.29 11:22:32.365,1.49489,1.49507,1.00,1.00
2014.12.29 11:22:32.467,1.49489,1.49505,1.00,1.00
2014.12.29 11:22:32.619,1.49488,1.49507,1.37,1.00
2014.12.29 11:22:32.670,1.49488,1.49505,1.00,1.00
2014.12.29 11:22:32.976,1.49489,1.49503,1.00,1.00
2014.12.29 11:22:33.128,1.49486,1.49503,1.00,1.00
2014.12.29 11:22:33.230,1.49488,1.49503,1.00,1.00
2014.12.29 11:22:33.534,1.4949,1.49504,1.00,1.00
2014.12.29 11:22:33.635,1.49488,1.49504,1.00,1.00
2014.12.29 11:22:33.788,1.4949,1.49505,1.00,1.00
2014.12.29 11:22:33.990,1.49487,1.49503,1.00,1.00
2014.12.29 11:22:34.496,1.49488,1.49503,1.00,1.00
2014.12.29 11:22:35.003,1.49487,1.49503,1.00,1.00
2014.12.29 11:22:35.634,1.49488,1.49503,1.00,1.00
2014.12.29 11:22:35.736,1.49486,1.49503,1.12,1.00
2014.12.29 11:22:35.838,1.49489,1.49503,1.00,1.00
2014.12.29 11:22:35.939,1.49486,1.49503,1.12,1.00
2014.12.29 11:22:36.041,1.49488,1.49502,1.00,1.00
2014.12.29 11:22:36.142,1.49486,1.49502,1.12,1.00
2014.12.29 11:22:36.649,1.49488,1.49502,1.00,1.00
2014.12.29 11:22:37.171,1.49487,1.49502,1.00,1.00
2014.12.29 11:22:37.678,1.49486,1.49502,1.00,1.00
2014.12.29 11:22:38.143,1.49489,1.49502,1.00,1.00
2014.12.29 11:22:38.654,1.49488,1.49502,1.00,1.00
2014.12.29 11:22:38.960,1.495,1.49513,1.00,1.00
2014.12.29 11:22:39.061,1.495,1.49515,1.00,1.00
2014.12.29 11:22:39.581,1.495,1.49514,1.00,1.00
2014.12.29 11:22:39.632,1.49498,1.49514,1.00,1.00
2014.12.29 11:22:39.938,1.49501,1.49514,1.00,1.00
2014.12.29 11:22:40.040,1.49503,1.49517,1.00,1.50
2014.12.29 11:22:40.192,1.49503,1.49515,1.00,1.00
2014.12.29 11:22:41.342,1.49502,1.49515,1.00,1.00
2014.12.29 11:22:41.394,1.49502,1.49517,1.00,1.50
2014.12.29 11:22:42.055,1.49504,1.49517,1.00,1.50
2014.12.29 11:22:42.157,1.49501,1.49517,1.00,1.50
2014.12.29 11:22:42.925,1.49504,1.49517,1.00,1.00
2014.12.29 11:22:43.078,1.49504,1.49519,1.00,1.00
2014.12.29 11:22:43.584,1.49504,1.49522,1.00,1.50
2014.12.29 11:22:43.685,1.49504,1.4952,1.00,1.00
2014.12.29 11:22:44.444,1.49506,1.4952,1.00,1.00
2014.12.29 11:22:45.373,1.49501,1.4952,1.00,1.00
2014.12.29 11:22:45.475,1.49501,1.49517,1.00,1.00
2014.12.29 11:22:46.018,1.49501,1.49516,1.00,1.00
2014.12.29 11:22:46.789,1.49506,1.49521,1.00,1.17
2014.12.29 11:22:47.093,1.49511,1.49526,1.00,1.00
2014.12.29 11:22:47.245,1.49513,1.49526,1.00,1.00
2014.12.29 11:22:47.347,1.49513,1.49529,1.00,1.00
2014.12.29 11:22:47.449,1.49513,1.49531,1.00,1.25
2014.12.29 11:22:48.348,1.49515,1.49531,1.00,1.00
2014.12.29 11:22:48.868,1.49518,1.49534,1.00,1.25
2014.12.29 11:22:54.465,1.49519,1.49534,1.00,1.00
2014.12.29 11:22:55.474,1.49519,1.49536,1.00,1.00
2014.12.29 11:23:01.960,1.49519,1.49535,1.00,1.00
2014.12.29 11:23:03.471,1.49519,1.49536,1.00,1.00
2014.12.29 11:23:08.093,1.49518,1.49535,1.00,1.00
2014.12.29 11:23:08.237,1.49515,1.49531,1.00,1.00
2014.12.29 11:23:08.745,1.49514,1.49531,1.00,1.00
2014.12.29 11:23:14.139,1.49513,1.49526,1.00,1.12
2014.12.29 11:23:14.242,1.4951,1.49526,1.00,1.00
2014.12.29 11:23:14.293,1.49506,1.49523,1.12,1.00
2014.12.29 11:23:14.495,1.49506,1.49521,1.12,1.00
2014.12.29 11:23:14.597,1.49506,1.49524,1.12,1.00
2014.12.29 11:23:14.699,1.49506,1.49521,1.12,1.00
2014.12.29 11:23:15.003,1.49508,1.49521,1.12,1.00
2014.12.29 11:23:16.269,1.49508,1.4952,1.00,1.00
2014.12.29 11:23:16.675,1.49508,1.49523,1.00,1.00
2014.12.29 11:23:17.197,1.49508,1.49524,1.00,1.00
2014.12.29 11:23:37.611,1.49508,1.49522,1.00,1.00
2014.12.29 11:23:44.468,1.4951,1.49522,1.00,1.00
2014.12.29 11:23:44.570,1.49511,1.49527,1.00,2.81
2014.12.29 11:23:44.671,1.49507,1.49523,1.00,1.00
2014.12.29 11:23:44.772,1.49509,1.49523,1.00,1.00
2014.12.29 11:23:50.981,1.49506,1.49523,1.00,1.00
2014.12.29 11:23:51.709,1.49508,1.49523,1.00,1.00
2014.12.29 11:23:53.700,1.4951,1.49523,1.00,1.00
2014.12.29 11:23:53.898,1.49508,1.49523,1.00,1.00
2014.12.29 11:23:55.797,1.4951,1.49523,1.00,1.00
2014.12.29 11:24:00.438,1.49511,1.49523,1.00,1.00
2014.12.29 11:24:00.742,1.49507,1.49522,1.00,1.00
2014.12.29 11:24:00.962,1.4951,1.49522,1.00,1.00
2014.12.29 11:24:01.115,1.4951,1.49524,1.00,1.00
2014.12.29 11:24:01.623,1.4951,1.49523,1.00,1.00
2014.12.29 11:24:06.704,1.49508,1.49523,1.00,1.00
2014.12.29 11:24:08.859,1.49508,1.49522,1.00,1.00
2014.12.29 11:24:11.712,1.49507,1.49522,1.00,1.00
2014.12.29 11:24:12.614,1.49507,1.49522,1.37,1.00
2014.12.29 11:24:12.968,1.49509,1.49524,1.12,1.00
2014.12.29 11:24:14.962,1.49506,1.49524,1.12,1.00
2014.12.29 11:24:15.573,1.49508,1.49524,1.00,1.00
2014.12.29 11:24:16.101,1.49507,1.49524,1.00,1.25
2014.12.29 11:24:16.764,1.49508,1.49524,1.00,1.25
2014.12.29 11:24:18.446,1.49507,1.49524,1.00,1.25
2014.12.29 11:24:19.670,1.49508,1.49524,1.00,1.00
2014.12.29 11:24:20.439,1.49506,1.49524,1.00,1.00
2014.12.29 11:24:23.468,1.49505,1.49524,1.00,1.50
2014.12.29 11:24:23.735,1.49508,1.49524,1.00,1.00
2014.12.29 11:24:23.837,1.49505,1.49523,1.50,1.00
2014.12.29 11:24:24.138,1.49508,1.49523,1.00,1.00
2014.12.29 11:24:24.290,1.49505,1.49523,2.25,1.50
2014.12.29 11:24:24.357,1.49507,1.49523,1.00,1.00
2014.12.29 11:24:24.458,1.49508,1.49525,1.00,1.00
2014.12.29 11:24:26.016,1.49508,1.49524,1.00,1.00
2014.12.29 11:24:28.983,1.49508,1.49526,1.00,1.87
2014.12.29 11:24:32.499,1.49509,1.49526,1.00,1.25
2014.12.29 11:24:32.703,1.49506,1.49526,1.50,1.69
2014.12.29 11:24:32.854,1.49509,1.49526,1.00,1.25
2014.12.29 11:24:33.953,1.49509,1.49524,1.00,1.00
2014.12.29 11:24:36.961,1.49506,1.49524,1.00,1.00
2014.12.29 11:24:37.168,1.49508,1.49524,1.00,1.00
2014.12.29 11:24:41.680,1.49507,1.49524,1.00,1.00
2014.12.29 11:24:44.103,1.49511,1.49524,1.00,1.00
2014.12.29 11:24:44.205,1.49512,1.49529,1.00,1.00
2014.12.29 11:24:44.307,1.49516,1.49534,1.50,1.57
2014.12.29 11:24:44.358,1.49516,1.49534,1.50,1.00
2014.12.29 11:24:44.409,1.4952,1.49537,1.00,1.10
2014.12.29 11:24:44.561,1.49522,1.4954,1.00,1.00
2014.12.29 11:24:49.786,1.49521,1.4954,1.00,1.00
2014.12.29 11:24:52.915,1.49523,1.4954,1.00,1.00
2014.12.29 11:24:58.810,1.49521,1.49539,1.00,1.00
2014.12.29 11:24:59.336,1.49521,1.49539,1.00,1.17
2014.12.29 11:25:00.128,1.49522,1.4954,1.00,1.40
2014.12.29 11:25:00.229,1.49522,1.4954,1.00,1.01
2014.12.29 11:25:00.766,1.49523,1.49541,1.50,1.19
2014.12.29 11:25:01.273,1.49522,1.4954,1.00,1.25
2014.12.29 11:25:02.129,1.49524,1.4954,1.00,1.00
2014.12.29 11:25:03.449,1.49522,1.4954,1.00,1.50
2014.12.29 11:25:03.955,1.49523,1.4954,1.00,1.31
2014.12.29 11:25:04.461,1.49522,1.4954,1.00,1.31
2014.12.29 11:25:05.067,1.49525,1.4954,1.00,1.00
2014.12.29 11:25:06.258,1.49522,1.4954,1.00,1.00
2014.12.29 11:25:07.622,1.49522,1.49536,1.00,1.00
2014.12.29 11:25:07.726,1.49522,1.49538,1.00,1.00
2014.12.29 11:25:11.446,1.49523,1.49538,1.00,1.00
2014.12.29 11:25:11.547,1.49521,1.49538,1.00,1.00
2014.12.29 11:25:11.855,1.49523,1.49538,1.00,1.00
2014.12.29 11:25:14.468,1.49522,1.49538,1.00,1.00
2014.12.29 11:25:14.850,1.49522,1.49536,1.00,1.00
2014.12.29 11:25:15.112,1.49522,1.49538,1.00,1.25
2014.12.29 11:25:15.316,1.49522,1.49536,1.00,1.00
2014.12.29 11:25:16.987,1.49522,1.4954,1.00,2.06
2014.12.29 11:25:17.291,1.49522,1.49537,1.00,1.00
2014.12.29 11:25:17.797,1.49523,1.49537,1.00,1.00
2014.12.29 11:25:18.964,1.49523,1.49539,1.00,1.00
2014.12.29 11:25:19.163,1.49523,1.49536,1.00,1.00
2014.12.29 11:25:21.015,1.49523,1.49539,1.00,1.00
2014.12.29 11:25:21.167,1.49523,1.49537,1.00,1.00
2014.12.29 11:25:21.371,1.49523,1.49539,1.00,1.00
2014.12.29 11:25:21.860,1.49521,1.49539,1.50,1.00
2014.12.29 11:25:23.328,1.49521,1.49538,1.00,1.00
2014.12.29 11:25:23.913,1.49522,1.4954,1.00,1.00
2014.12.29 11:25:24.418,1.49523,1.49541,1.50,1.00
2014.12.29 11:25:25.867,1.49525,1.49541,1.00,1.00
2014.12.29 11:25:28.386,1.49523,1.49541,1.00,2.06
2014.12.29 11:25:28.589,1.49521,1.49541,1.50,1.62
2014.12.29 11:25:29.101,1.49521,1.49539,1.00,1.00
2014.12.29 11:25:29.881,1.49521,1.49541,1.50,1.62
2014.12.29 11:25:30.848,1.49521,1.49541,1.50,2.44
2014.12.29 11:25:31.336,1.49521,1.49541,1.50,2.44
2014.12.29 11:25:35.925,1.49521,1.49538,1.00,1.00
2014.12.29 11:25:43.464,1.49521,1.49541,1.50,3.19
2014.12.29 11:25:45.859,1.49521,1.49541,1.50,3.34
2014.12.29 11:25:47.362,1.49521,1.49541,1.50,3.19
2014.12.29 11:25:48.657,1.49521,1.49538,1.50,1.00
2014.12.29 11:25:49.163,1.49522,1.49539,1.00,1.25
2014.12.29 11:25:52.476,1.49525,1.49539,1.00,1.00
2014.12.29 11:25:52.998,1.49525,1.4954,1.50,1.00
2014.12.29 11:25:54.055,1.49525,1.49542,1.50,1.00
2014.12.29 11:25:55.867,1.49525,1.49541,1.00,1.00
2014.12.29 11:25:56.221,1.49522,1.49541,1.00,1.00
2014.12.29 11:25:57.179,1.49522,1.49541,1.00,1.19
2014.12.29 11:26:00.193,1.49522,1.49541,1.00,1.19
2014.12.29 11:26:00.720,1.49523,1.49542,1.00,1.69
2014.12.29 11:26:01.226,1.49522,1.49539,1.00,1.00
