2014.12.30 11:00:00.110,1.48876,1.48899,1.00,1.69
2014.12.30 11:00:00.686,1.48875,1.48898,1.19,1.00
2014.12.30 11:00:00.889,1.48879,1.489,1.00,1.25
2014.12.30 11:00:00.940,1.48879,1.48896,1.00,1.00
2014.12.30 11:00:01.092,1.48869,1.4889,1.17,2.44
2014.12.30 11:00:01.194,1.48866,1.48887,1.00,1.25
2014.12.30 11:00:01.295,1.48864,1.48885,1.00,1.00
2014.12.30 11:00:02.723,1.48865,1.48888,1.00,1.19
2014.12.30 11:00:03.241,1.48865,1.48888,1.00,1.25
2014.12.30 11:00:04.069,1.48867,1.4889,1.00,2.44
2014.12.30 11:00:06.082,1.48867,1.4889,1.00,1.25
2014.12.30 11:00:06.386,1.48865,1.48888,1.25,1.00
2014.12.30 11:00:07.252,1.48865,1.48888,1.25,1.62
2014.12.30 11:00:07.555,1.48865,1.48885,1.00,1.37
2014.12.30 11:00:07.707,1.48857,1.48878,1.07,1.00
2014.12.30 11:00:08.213,1.48857,1.48878,1.00,1.00
2014.12.30 11:00:10.828,1.48857,1.48878,1.00,1.50
2014.12.30 11:00:10.879,1.48854,1.48877,1.19,1.12
2014.12.30 11:00:11.395,1.48856,1.48877,1.00,1.00
2014.12.30 11:00:12.119,1.48856,1.48877,1.19,1.00
2014.12.30 11:00:12.473,1.48856,1.48873,1.00,1.00
2014.12.30 11:00:12.524,1.4885,1.48873,1.00,1.00
2014.12.30 11:00:12.626,1.48848,1.48871,1.00,1.00
2014.12.30 11:00:13.133,1.48848,1.48871,1.69,1.00
2014.12.30 11:00:13.437,1.4885,1.48873,1.25,1.00
2014.12.30 11:00:13.639,1.48854,1.48873,1.00,1.00
2014.12.30 11:00:13.741,1.48855,1.48878,1.00,1.00
2014.12.30 11:00:14.273,1.48856,1.48879,1.00,1.00
2014.12.30 11:00:14.425,1.48859,1.4888,1.00,1.25
2014.12.30 11:00:15.755,1.48859,1.4888,1.00,1.37
2014.12.30 11:00:18.148,1.48859,1.4888,1.00,1.25
2014.12.30 11:00:19.976,1.48859,1.48877,1.00,1.00
2014.12.30 11:00:27.379,1.48859,1.48874,1.00,1.00
2014.12.30 11:00:27.582,1.48856,1.48874,1.00,1.00
2014.12.30 11:00:27.734,1.48853,1.48874,1.00,1.00
2014.12.30 11:00:27.987,1.48854,1.4887,1.00,1.00
2014.12.30 11:00:28.493,1.48853,1.4887,1.00,1.00
2014.12.30 11:00:34.213,1.48849,1.48863,1.00,1.00
2014.12.30 11:00:34.315,1.48844,1.48863,1.00,1.25
2014.12.30 11:00:34.417,1.48843,1.4886,1.00,1.00
2014.12.30 11:00:35.733,1.4884,1.4886,1.00,1.00
2014.12.30 11:00:35.986,1.4884,1.48863,1.00,1.12
2014.12.30 11:00:36.037,1.48843,1.48863,1.00,1.12
2014.12.30 11:00:36.190,1.48851,1.48873,1.25,1.00
2014.12.30 11:00:36.292,1.48854,1.48875,1.19,1.00
2014.12.30 11:00:36.797,1.48856,1.48875,1.00,1.00
2014.12.30 11:00:37.406,1.48856,1.48877,1.00,1.00
2014.12.30 11:00:39.258,1.48856,1.48877,1.19,1.00
2014.12.30 11:00:39.786,1.48856,1.48877,1.19,1.75
2014.12.30 11:00:39.938,1.48852,1.48872,1.35,1.00
2014.12.30 11:00:40.394,1.48853,1.48872,1.19,1.00
2014.12.30 11:00:40.445,1.48853,1.48875,1.19,1.00
2014.12.30 11:00:40.951,1.48855,1.48876,1.00,1.00
2014.12.30 11:00:45.482,1.48855,1.48876,1.19,1.00
2014.12.30 11:00:46.511,1.48855,1.48876,1.00,1.00
2014.12.30 11:00:48.580,1.48855,1.48876,1.37,1.00
2014.12.30 11:00:52.623,1.48855,1.48876,2.06,1.00
2014.12.30 11:00:52.674,1.48859,1.4888,1.25,1.00
2014.12.30 11:00:52.826,1.48859,1.48882,1.31,1.00
2014.12.30 11:00:53.535,1.48859,1.48882,1.00,1.69
2014.12.30 11:00:53.963,1.48856,1.48872,1.00,1.00
2014.12.30 11:00:54.268,1.48848,1.4887,1.56,1.00
2014.12.30 11:00:54.819,1.48848,1.48869,1.56,1.50
2014.12.30 11:00:55.325,1.48848,1.48869,1.56,1.87
2014.12.30 11:00:55.628,1.48852,1.48869,1.37,2.06
2014.12.30 11:00:55.941,1.4885,1.48867,1.12,1.00
2014.12.30 11:00:57.600,1.4885,1.48867,1.12,1.19
2014.12.30 11:00:59.641,1.4885,1.48865,1.00,1.25
2014.12.30 11:01:00.158,1.48846,1.48865,1.37,1.25
2014.12.30 11:01:01.782,1.48846,1.48867,1.37,1.56
2014.12.30 11:01:01.833,1.48846,1.48867,1.00,1.56
2014.12.30 11:01:01.884,1.48844,1.48867,1.00,1.56
2014.12.30 11:01:01.936,1.48842,1.48865,1.50,1.19
2014.12.30 11:01:02.443,1.48842,1.48863,1.12,1.00
2014.12.30 11:01:03.152,1.48842,1.48863,1.12,1.19
2014.12.30 11:01:04.120,1.48842,1.48863,1.12,1.19
2014.12.30 11:01:05.527,1.48842,1.48863,1.12,1.25
2014.12.30 11:01:09.850,1.48842,1.48863,1.00,1.19
2014.12.30 11:01:11.852,1.48842,1.48863,1.00,1.25
2014.12.30 11:01:13.840,1.48842,1.48863,1.00,1.19
2014.12.30 11:01:16.859,1.48842,1.48863,1.00,1.31
2014.12.30 11:01:16.910,1.48839,1.48862,1.00,1.19
2014.12.30 11:01:17.344,1.4884,1.48862,1.62,1.00
2014.12.30 11:01:17.648,1.48849,1.48869,1.12,1.00
2014.12.30 11:01:17.952,1.48854,1.48875,1.00,1.19
2014.12.30 11:01:18.694,1.48854,1.48875,1.00,1.00
2014.12.30 11:01:19.806,1.48854,1.48875,1.00,1.37
2014.12.30 11:01:20.110,1.48849,1.4887,1.00,1.19
2014.12.30 11:01:20.501,1.48847,1.48868,1.00,1.19
2014.12.30 11:01:20.653,1.48847,1.48863,1.00,1.00
2014.12.30 11:01:21.169,1.48846,1.48863,1.00,1.00
2014.12.30 11:01:21.698,1.48846,1.48864,1.00,1.00
2014.12.30 11:01:23.767,1.48846,1.48862,1.00,1.00
2014.12.30 11:01:24.381,1.48846,1.48864,1.00,1.00
2014.12.30 11:01:26.034,1.48846,1.48865,1.00,1.00
2014.12.30 11:01:30.990,1.48846,1.48863,1.00,1.00
2014.12.30 11:01:37.179,1.48846,1.48863,1.37,1.00
2014.12.30 11:01:37.895,1.48847,1.48863,1.37,1.00
2014.12.30 11:01:38.401,1.48848,1.48864,1.50,1.00
2014.12.30 11:01:39.124,1.48848,1.48864,1.00,1.00
2014.12.30 11:01:39.637,1.48847,1.48864,1.00,1.00
2014.12.30 11:01:48.798,1.48847,1.48862,1.00,1.00
2014.12.30 11:01:48.900,1.48845,1.48862,1.00,1.00
2014.12.30 11:01:49.409,1.48845,1.48861,1.00,1.00
2014.12.30 11:01:56.833,1.48845,1.48859,1.00,1.00
2014.12.30 11:01:57.346,1.48844,1.48859,1.12,1.00
2014.12.30 11:01:58.261,1.48844,1.48858,1.00,1.00
2014.12.30 11:01:58.363,1.48841,1.48858,1.00,1.00
2014.12.30 11:01:58.464,1.48839,1.48858,1.00,1.00
2014.12.30 11:01:58.515,1.48839,1.48853,1.00,1.00
2014.12.30 11:01:58.669,1.48836,1.48851,1.12,1.00
2014.12.30 11:01:58.821,1.48836,1.48849,1.00,1.00
2014.12.30 11:01:59.228,1.48832,1.48849,1.50,1.00
2014.12.30 11:01:59.279,1.48832,1.48845,1.00,1.00
2014.12.30 11:01:59.381,1.48821,1.48845,1.00,1.19
2014.12.30 11:01:59.482,1.48814,1.48837,1.69,1.25
2014.12.30 11:02:00.039,1.48817,1.48837,1.00,1.25
2014.12.30 11:02:00.595,1.48817,1.48837,1.37,1.25
2014.12.30 11:02:03.731,1.48819,1.48837,1.00,1.00
2014.12.30 11:02:09.185,1.48819,1.48839,1.00,1.19
2014.12.30 11:02:09.775,1.48819,1.48839,1.00,1.25
2014.12.30 11:02:11.259,1.48819,1.48837,1.00,1.00
2014.12.30 11:02:12.019,1.48817,1.48837,1.00,1.25
2014.12.30 11:02:12.322,1.48813,1.48836,1.69,1.00
2014.12.30 11:02:15.312,1.48813,1.48836,1.50,1.19
2014.12.30 11:02:15.415,1.48813,1.48836,1.00,1.19
2014.12.30 11:02:15.465,1.48813,1.48831,1.00,1.00
2014.12.30 11:02:15.870,1.48811,1.48831,1.00,1.00
2014.12.30 11:02:16.314,1.48811,1.48834,1.25,1.25
2014.12.30 11:02:16.484,1.48811,1.48834,2.00,1.25
2014.12.30 11:02:17.416,1.48814,1.48837,1.12,1.69
2014.12.30 11:02:20.100,1.48814,1.48837,1.12,2.06
2014.12.30 11:02:20.405,1.48812,1.48835,1.00,1.69
2014.12.30 11:02:20.911,1.48812,1.48833,1.12,1.00
2014.12.30 11:02:21.696,1.48812,1.48834,1.12,1.25
2014.12.30 11:02:22.203,1.48812,1.48834,1.69,1.00
2014.12.30 11:02:24.932,1.48812,1.48834,1.31,1.00
2014.12.30 11:02:26.892,1.48812,1.48834,1.31,1.00
2014.12.30 11:02:29.942,1.48812,1.48834,1.31,1.00
2014.12.30 11:02:34.923,1.48812,1.48834,1.31,1.00
2014.12.30 11:02:37.042,1.48812,1.48834,1.31,1.00
2014.12.30 11:02:38.032,1.48812,1.48834,1.31,1.00
2014.12.30 11:02:39.060,1.48812,1.48834,1.31,1.00
2014.12.30 11:02:39.161,1.48814,1.48834,1.00,1.00
2014.12.30 11:02:45.250,1.48814,1.48835,1.00,1.25
2014.12.30 11:02:45.962,1.48816,1.48835,1.00,1.00
2014.12.30 11:02:46.013,1.48817,1.48838,1.00,1.50
2014.12.30 11:02:46.166,1.48819,1.48838,1.00,1.50
2014.12.30 11:02:46.471,1.48824,1.48841,1.00,1.00
2014.12.30 11:02:46.791,1.48826,1.48843,1.00,1.00
2014.12.30 11:02:48.084,1.48826,1.48846,1.00,1.50
2014.12.30 11:02:48.768,1.48826,1.48842,1.00,1.00
2014.12.30 11:02:48.870,1.48826,1.48844,1.00,1.00
2014.12.30 11:02:53.876,1.48825,1.48844,1.00,1.00
2014.12.30 11:02:54.440,1.48825,1.48845,1.00,1.00
2014.12.30 11:03:00.853,1.48825,1.48843,1.00,1.00
2014.12.30 11:03:00.955,1.48825,1.48846,1.00,1.00
2014.12.30 11:03:02.070,1.48825,1.48846,1.00,1.19
2014.12.30 11:03:02.172,1.48821,1.48841,1.00,1.00
2014.12.30 11:03:02.375,1.48816,1.48839,1.50,1.69
2014.12.30 11:03:02.730,1.48816,1.48835,1.50,1.00
2014.12.30 11:03:05.285,1.48816,1.48836,1.00,1.00
2014.12.30 11:03:09.206,1.48816,1.48835,1.00,1.00
2014.12.30 11:03:15.054,1.48815,1.48832,1.00,1.00
2014.12.30 11:03:16.713,1.48815,1.48833,1.00,1.00
2014.12.30 11:03:23.736,1.48815,1.48831,1.00,1.00
2014.12.30 11:03:23.837,1.48815,1.48833,1.00,1.00
2014.12.30 11:03:24.344,1.48815,1.48834,1.00,1.00
2014.12.30 11:03:25.568,1.48815,1.48834,1.37,1.00
2014.12.30 11:03:25.721,1.48816,1.48839,2.06,1.00
2014.12.30 11:03:25.822,1.48819,1.48842,1.19,1.00
2014.12.30 11:03:25.924,1.48819,1.4884,1.19,1.00
2014.12.30 11:03:26.227,1.48819,1.48838,1.00,1.00
2014.12.30 11:03:26.632,1.48819,1.48833,1.00,1.00
2014.12.30 11:03:26.937,1.48813,1.48832,1.00,1.00
2014.12.30 11:03:26.988,1.48811,1.48832,1.00,1.12
2014.12.30 11:03:27.039,1.48806,1.48826,1.50,1.00
2014.12.30 11:03:27.141,1.48804,1.48826,1.00,1.00
2014.12.30 11:03:27.242,1.48803,1.48824,1.12,1.00
2014.12.30 11:03:28.339,1.48804,1.48825,1.00,1.00
2014.12.30 11:03:29.403,1.48804,1.48825,1.00,1.37
2014.12.30 11:03:29.712,1.488,1.48819,1.00,1.00
2014.12.30 11:03:36.274,1.488,1.48821,1.00,1.19
2014.12.30 11:03:36.791,1.488,1.48821,1.00,1.00
2014.12.30 11:03:46.911,1.488,1.48821,1.62,1.00
2014.12.30 11:03:47.165,1.48807,1.48828,1.00,1.00
2014.12.30 11:03:47.317,1.48809,1.48829,1.19,1.00
2014.12.30 11:03:47.824,1.48808,1.48829,1.00,1.50
2014.12.30 11:03:49.161,1.48808,1.48827,1.00,1.00
2014.12.30 11:03:49.466,1.48805,1.48821,1.00,1.00
2014.12.30 11:03:49.567,1.48803,1.48821,1.00,1.00
2014.12.30 11:03:50.073,1.48802,1.4882,1.00,1.00
2014.12.30 11:03:56.393,1.48802,1.48819,1.00,1.00
2014.12.30 11:03:56.726,1.488,1.48819,1.00,1.00
2014.12.30 11:03:57.332,1.488,1.48818,1.00,1.00
2014.12.30 11:03:57.858,1.488,1.48819,1.00,1.00
2014.12.30 11:04:08.299,1.488,1.4882,1.00,1.00
2014.12.30 11:04:19.367,1.488,1.4882,1.69,1.00
2014.12.30 11:04:21.157,1.488,1.4882,1.69,1.00
2014.12.30 11:04:23.142,1.488,1.48821,1.69,1.00
2014.12.30 11:04:31.166,1.488,1.48821,1.19,1.00
2014.12.30 11:04:32.214,1.488,1.48821,1.25,1.00
2014.12.30 11:04:32.543,1.48802,1.48821,1.00,1.00
2014.12.30 11:04:32.695,1.48804,1.48826,1.37,1.00
2014.12.30 11:04:33.203,1.48806,1.48827,1.00,1.00
2014.12.30 11:04:35.182,1.48806,1.48828,1.25,1.00
2014.12.30 11:04:35.284,1.48806,1.48828,1.69,1.00
2014.12.30 11:04:35.387,1.48808,1.4883,1.31,1.00
2014.12.30 11:04:37.385,1.48808,1.4883,1.00,1.00
2014.12.30 11:04:37.840,1.4881,1.48831,1.00,1.50
2014.12.30 11:04:38.143,1.4881,1.48829,1.00,1.00
2014.12.30 11:04:38.432,1.4881,1.48831,1.00,1.50
2014.12.30 11:04:39.312,1.48812,1.48832,1.00,1.00
2014.12.30 11:04:47.906,1.48812,1.48832,1.37,1.00
2014.12.30 11:04:50.647,1.48812,1.48832,1.12,1.00
2014.12.30 11:04:57.626,1.48812,1.48832,1.37,1.00
2014.12.30 11:04:57.934,1.4882,1.48836,1.00,1.00
2014.12.30 11:04:58.036,1.4882,1.48841,1.00,1.50
2014.12.30 11:05:00.067,1.4882,1.48841,1.19,1.00
2014.12.30 11:05:00.627,1.48823,1.48844,1.00,1.00
2014.12.30 11:05:00.678,1.48823,1.48844,1.56,1.00
2014.12.30 11:05:00.780,1.4883,1.4885,1.19,1.00
2014.12.30 11:05:00.983,1.4883,1.4885,1.31,1.00
2014.12.30 11:05:01.084,1.48832,1.48853,1.69,1.00
2014.12.30 11:05:02.248,1.48832,1.48853,1.50,1.00
2014.12.30 11:05:04.693,1.48832,1.48853,1.00,1.69
2014.12.30 11:05:10.115,1.48828,1.48851,1.50,1.00
2014.12.30 11:05:10.795,1.48831,1.48851,1.00,1.00
2014.12.30 11:05:19.972,1.48833,1.48851,1.00,1.00
2014.12.30 11:05:20.287,1.48838,1.48858,1.00,1.00
2014.12.30 11:05:20.338,1.48841,1.48861,1.00,1.00
2014.12.30 11:05:24.420,1.48839,1.48861,1.00,1.25
2014.12.30 11:05:24.979,1.4884,1.48861,1.00,1.25
2014.12.30 11:05:25.497,1.4884,1.48861,1.00,1.19
2014.12.30 11:05:30.033,1.48842,1.48861,1.00,1.19
2014.12.30 11:05:30.546,1.48842,1.48861,1.00,1.00
2014.12.30 11:05:31.445,1.48842,1.48861,1.00,1.19
2014.12.30 11:05:32.432,1.48842,1.48861,1.00,1.19
2014.12.30 11:05:36.039,1.48842,1.48861,1.00,1.00
2014.12.30 11:05:36.545,1.48845,1.48861,1.00,1.00
2014.12.30 11:05:40.914,1.48844,1.48861,1.00,1.00
2014.12.30 11:05:46.465,1.48844,1.48861,1.00,1.19
2014.12.30 11:05:48.463,1.48844,1.48861,1.00,1.31
2014.12.30 11:05:49.388,1.48843,1.48861,1.00,1.19
2014.12.30 11:05:49.490,1.48843,1.48861,1.00,1.00
2014.12.30 11:05:49.642,1.48848,1.48861,1.00,1.00
2014.12.30 11:05:49.743,1.48843,1.48861,1.00,1.00
2014.12.30 11:05:51.328,1.48843,1.48864,1.00,1.50
2014.12.30 11:05:52.104,1.48843,1.48864,1.19,1.50
2014.12.30 11:05:54.076,1.48841,1.48864,2.81,1.50
2014.12.30 11:05:55.077,1.48841,1.48864,2.81,1.50
2014.12.30 11:05:56.093,1.48843,1.48864,1.19,1.00
2014.12.30 11:05:56.981,1.48844,1.48866,1.31,1.00
2014.12.30 11:05:57.185,1.48844,1.48866,1.69,1.00
2014.12.30 11:05:57.490,1.48845,1.48868,1.62,1.25
2014.12.30 11:05:57.744,1.4885,1.48868,1.00,1.25
2014.12.30 11:06:00.761,1.48848,1.48868,1.12,1.00
2014.12.30 11:06:03.595,1.48848,1.48867,1.12,1.00
2014.12.30 11:06:03.646,1.48848,1.48867,1.37,1.00
2014.12.30 11:06:04.006,1.48848,1.48867,1.12,1.00
2014.12.30 11:06:04.532,1.48849,1.48867,1.12,1.00
2014.12.30 11:06:12.812,1.48849,1.48868,1.12,1.50
2014.12.30 11:06:15.762,1.4885,1.48868,1.00,1.50
2014.12.30 11:06:16.883,1.48848,1.48868,1.62,1.50
2014.12.30 11:06:18.514,1.48848,1.48867,1.37,1.00
2014.12.30 11:06:19.076,1.48849,1.48868,1.12,1.00
2014.12.30 11:06:19.834,1.48849,1.48867,1.12,1.00
2014.12.30 11:06:21.580,1.48849,1.48868,1.12,1.00
2014.12.30 11:06:22.116,1.48849,1.48868,1.37,1.00
2014.12.30 11:06:24.575,1.48848,1.48867,1.62,1.00
2014.12.30 11:06:25.233,1.48848,1.48868,1.62,1.00
2014.12.30 11:06:26.280,1.48848,1.48869,1.50,1.00
2014.12.30 11:06:26.955,1.48848,1.48869,1.12,1.00
2014.12.30 11:06:27.474,1.48848,1.48869,1.31,1.00
2014.12.30 11:06:27.984,1.48848,1.4887,1.31,1.00
2014.12.30 11:06:28.785,1.4885,1.48868,1.00,1.25
2014.12.30 11:06:28.836,1.48847,1.48868,1.12,1.25
2014.12.30 11:06:28.887,1.48847,1.48865,1.12,1.19
2014.12.30 11:06:28.988,1.48843,1.48865,1.00,1.19
2014.12.30 11:06:29.555,1.48843,1.48862,1.00,1.00
2014.12.30 11:06:32.773,1.48845,1.48864,1.00,1.00
2014.12.30 11:06:32.874,1.48843,1.48864,1.00,1.50
2014.12.30 11:06:33.380,1.48843,1.48864,1.00,1.19
2014.12.30 11:06:34.874,1.48843,1.48863,1.00,1.19
2014.12.30 11:06:35.906,1.48843,1.48863,1.00,1.19
2014.12.30 11:06:36.862,1.48843,1.48863,1.00,1.19
2014.12.30 11:06:38.817,1.48843,1.4886,1.00,1.00
2014.12.30 11:06:40.407,1.48841,1.4886,1.00,1.25
2014.12.30 11:06:41.317,1.48841,1.48858,1.00,1.00
2014.12.30 11:06:41.419,1.48839,1.48858,1.00,1.19
2014.12.30 11:06:42.371,1.48838,1.48859,1.37,1.50
2014.12.30 11:06:46.462,1.48838,1.48859,1.37,1.00
2014.12.30 11:06:47.433,1.48838,1.48859,1.37,1.25
2014.12.30 11:06:50.326,1.48839,1.4886,2.06,1.00
2014.12.30 11:06:52.697,1.48839,1.4886,1.00,1.19
2014.12.30 11:06:55.492,1.4884,1.4886,1.00,1.19
2014.12.30 11:06:56.140,1.4884,1.4886,1.00,1.00
2014.12.30 11:06:56.346,1.48841,1.4886,1.69,1.00
2014.12.30 11:06:56.599,1.48842,1.48864,1.62,1.00
2014.12.30 11:06:57.105,1.48842,1.48864,1.00,1.19
2014.12.30 11:06:58.462,1.48842,1.48863,1.50,1.00
2014.12.30 11:06:58.989,1.48842,1.48863,1.50,1.19
2014.12.30 11:06:59.345,1.48845,1.48863,1.00,1.00
2014.12.30 11:06:59.649,1.48847,1.48867,1.37,1.00
2014.12.30 11:07:00.004,1.48846,1.48867,1.50,1.00
2014.12.30 11:07:02.621,1.48846,1.48867,1.87,1.19
2014.12.30 11:07:03.642,1.48846,1.48867,1.87,1.25
2014.12.30 11:07:04.130,1.48846,1.48867,1.87,1.25
2014.12.30 11:07:04.434,1.48847,1.48867,1.37,1.25
2014.12.30 11:07:04.840,1.48848,1.48867,1.00,1.00
2014.12.30 11:07:05.383,1.48846,1.48867,1.87,1.00
2014.12.30 11:07:06.340,1.48846,1.48867,1.50,1.19
2014.12.30 11:07:06.543,1.48844,1.48866,1.00,1.00
2014.12.30 11:07:06.645,1.48843,1.48864,1.31,1.00
2014.12.30 11:07:06.748,1.48845,1.48867,1.00,1.19
2014.12.30 11:07:07.051,1.48843,1.48863,1.25,1.00
2014.12.30 11:07:07.667,1.4884,1.48863,1.87,1.25
2014.12.30 11:07:08.666,1.4884,1.48863,1.37,1.19
2014.12.30 11:07:09.653,1.4884,1.48863,1.37,1.19
2014.12.30 11:07:10.604,1.4884,1.48857,1.37,1.00
2014.12.30 11:07:11.812,1.4884,1.48859,1.37,1.00
2014.12.30 11:07:16.778,1.4884,1.48861,1.37,2.44
2014.12.30 11:07:19.570,1.4884,1.48861,1.37,2.44
2014.12.30 11:07:20.685,1.4884,1.48861,1.37,2.44
2014.12.30 11:07:22.296,1.4884,1.48855,1.37,1.00
2014.12.30 11:07:23.223,1.48836,1.48855,1.37,1.50
2014.12.30 11:07:23.426,1.48833,1.48844,1.00,1.00
2014.12.30 11:07:23.477,1.4883,1.48844,1.00,1.00
2014.12.30 11:07:23.579,1.48828,1.48844,1.12,1.00
2014.12.30 11:07:23.680,1.48825,1.48844,1.00,1.00
2014.12.30 11:07:23.890,1.48825,1.48841,1.00,1.00
2014.12.30 11:07:24.746,1.48822,1.48841,1.12,1.00
2014.12.30 11:07:25.304,1.48822,1.48835,1.12,1.00
2014.12.30 11:07:25.608,1.48818,1.48833,1.00,1.00
2014.12.30 11:07:25.659,1.48815,1.48833,1.31,1.00
2014.12.30 11:07:25.710,1.48813,1.48831,1.56,1.00
2014.12.30 11:07:25.811,1.48813,1.48831,1.00,1.00
2014.12.30 11:07:25.862,1.48811,1.48831,1.00,1.00
2014.12.30 11:07:26.318,1.48811,1.48827,1.00,1.00
2014.12.30 11:07:26.419,1.48811,1.4883,1.00,1.00
2014.12.30 11:07:26.572,1.48811,1.48833,1.37,1.19
2014.12.30 11:07:26.623,1.48811,1.48833,1.56,1.00
2014.12.30 11:07:26.724,1.48811,1.48834,1.56,1.00
2014.12.30 11:07:26.775,1.48814,1.48836,2.06,1.00
2014.12.30 11:07:26.877,1.48819,1.48838,1.25,1.00
2014.12.30 11:07:33.113,1.48816,1.48838,1.00,1.00
2014.12.30 11:07:33.163,1.48816,1.48832,1.00,1.00
2014.12.30 11:07:33.316,1.48811,1.48832,1.50,1.00
2014.12.30 11:07:33.368,1.48811,1.4883,1.50,1.00
2014.12.30 11:07:33.418,1.48811,1.48832,1.50,1.00
2014.12.30 11:07:33.722,1.48811,1.48832,1.19,1.00
2014.12.30 11:07:34.026,1.48816,1.48836,1.25,1.00
2014.12.30 11:07:34.128,1.48819,1.48836,1.00,1.00
2014.12.30 11:07:34.330,1.48819,1.48838,1.00,1.00
2014.12.30 11:07:39.313,1.48821,1.48838,1.00,1.00
2014.12.30 11:07:39.364,1.48821,1.4884,1.00,1.00
2014.12.30 11:07:39.466,1.48821,1.48836,1.00,1.00
2014.12.30 11:07:39.516,1.48817,1.48836,1.00,1.00
2014.12.30 11:07:40.073,1.4882,1.4884,1.00,1.50
2014.12.30 11:07:40.623,1.4882,1.4884,1.56,1.00
2014.12.30 11:07:42.467,1.48821,1.4884,1.31,1.00
2014.12.30 11:07:42.999,1.48821,1.48842,1.31,1.00
2014.12.30 11:07:43.506,1.48821,1.48842,1.31,1.00
2014.12.30 11:07:44.958,1.48821,1.48842,1.56,1.00
2014.12.30 11:07:45.939,1.48822,1.48842,1.00,1.12
2014.12.30 11:07:45.991,1.48821,1.48839,1.00,1.00
2014.12.30 11:07:46.296,1.4882,1.48835,1.00,1.00
2014.12.30 11:07:46.651,1.48818,1.48835,1.00,1.00
2014.12.30 11:07:47.197,1.48817,1.48835,1.00,1.00
2014.12.30 11:07:49.490,1.48817,1.48838,1.00,1.25
2014.12.30 11:07:50.015,1.48818,1.48838,1.00,1.25
2014.12.30 11:07:52.031,1.48817,1.48838,1.87,1.00
2014.12.30 11:07:53.289,1.48817,1.48838,2.06,1.00
2014.12.30 11:07:53.870,1.48817,1.48837,1.19,1.00
2014.12.30 11:07:54.462,1.48817,1.48837,1.00,1.00
2014.12.30 11:07:55.246,1.48817,1.48836,1.00,1.00
2014.12.30 11:08:02.494,1.48817,1.48838,1.00,1.50
2014.12.30 11:08:04.637,1.48817,1.48827,1.00,1.00
2014.12.30 11:08:04.789,1.4881,1.48823,1.00,1.00
2014.12.30 11:08:04.891,1.48806,1.48823,1.00,1.00
2014.12.30 11:08:05.459,1.48805,1.48823,1.00,1.00
2014.12.30 11:08:06.310,1.48805,1.48813,1.00,1.00
2014.12.30 11:08:06.564,1.48792,1.48806,1.00,1.25
2014.12.30 11:08:06.615,1.48792,1.48809,1.00,1.00
2014.12.30 11:08:06.666,1.48788,1.48811,1.62,1.00
2014.12.30 11:08:06.768,1.48794,1.48811,1.00,1.00
2014.12.30 11:08:07.123,1.48794,1.48815,1.00,1.69
2014.12.30 11:08:07.541,1.48797,1.48815,1.00,1.00
2014.12.30 11:08:07.744,1.48799,1.48821,1.00,1.69
2014.12.30 11:08:08.251,1.488,1.48821,1.00,1.25
2014.12.30 11:08:08.785,1.488,1.48821,1.00,1.19
2014.12.30 11:08:09.681,1.488,1.48821,1.00,1.25
2014.12.30 11:08:10.360,1.48803,1.48822,1.00,1.19
2014.12.30 11:08:10.614,1.48804,1.48825,1.00,1.00
2014.12.30 11:08:10.817,1.48804,1.48827,1.00,1.50
2014.12.30 11:08:10.920,1.48807,1.4883,1.25,1.50
2014.12.30 11:08:11.224,1.48809,1.4883,1.00,1.00
2014.12.30 11:08:11.529,1.48817,1.48836,1.37,1.25
2014.12.30 11:08:12.137,1.48818,1.48838,1.87,1.00
2014.12.30 11:08:14.249,1.4882,1.48838,1.00,1.00
2014.12.30 11:08:14.630,1.4882,1.4883,1.00,1.00
2014.12.30 11:08:14.783,1.48815,1.4883,1.00,1.19
2014.12.30 11:08:14.884,1.48807,1.48826,1.37,1.00
2014.12.30 11:08:14.935,1.48813,1.4883,1.37,1.00
2014.12.30 11:08:15.037,1.48813,1.48832,1.37,1.00
2014.12.30 11:08:15.138,1.48815,1.48835,1.37,1.00
2014.12.30 11:08:15.891,1.48818,1.48836,1.87,1.00
2014.12.30 11:08:16.347,1.48818,1.48839,1.87,1.00
2014.12.30 11:08:16.752,1.48819,1.4884,1.87,1.00
2014.12.30 11:08:18.293,1.4882,1.4884,1.37,1.00
2014.12.30 11:08:18.881,1.48822,1.4884,1.00,1.00
2014.12.30 11:08:19.131,1.48822,1.48842,1.00,1.00
2014.12.30 11:08:19.233,1.48825,1.48842,1.00,1.00
2014.12.30 11:08:19.754,1.48824,1.48843,1.00,1.50
2014.12.30 11:08:22.467,1.48824,1.48845,1.50,1.00
2014.12.30 11:08:22.620,1.48825,1.48847,1.00,1.25
2014.12.30 11:08:23.279,1.48827,1.48848,1.00,1.31
2014.12.30 11:08:23.786,1.48827,1.48849,1.00,1.19
2014.12.30 11:08:24.292,1.48827,1.48849,1.00,1.25
2014.12.30 11:08:25.160,1.48827,1.48849,1.00,1.19
2014.12.30 11:08:25.463,1.4883,1.48849,1.00,1.19
2014.12.30 11:08:25.899,1.48827,1.48849,1.00,1.31
2014.12.30 11:08:26.253,1.48827,1.48849,1.00,1.31
2014.12.30 11:08:26.658,1.48826,1.48848,1.37,1.19
2014.12.30 11:08:27.267,1.48826,1.48848,1.37,1.19
2014.12.30 11:08:30.265,1.48826,1.48848,1.37,1.19
2014.12.30 11:08:31.275,1.48826,1.48848,1.37,1.19
2014.12.30 11:08:33.250,1.48826,1.48848,1.37,1.19
2014.12.30 11:08:34.263,1.48826,1.48848,1.37,1.19
2014.12.30 11:08:34.919,1.48826,1.48848,1.12,1.31
2014.12.30 11:08:34.970,1.48826,1.48848,1.12,1.31
2014.12.30 11:08:35.953,1.48824,1.48845,1.37,1.19
2014.12.30 11:08:37.176,1.48824,1.48842,1.37,1.50
2014.12.30 11:08:37.328,1.48822,1.48841,1.37,1.00
2014.12.30 11:08:37.916,1.48819,1.48839,1.37,1.00
2014.12.30 11:08:38.118,1.48819,1.48841,1.87,1.00
2014.12.30 11:08:38.169,1.48819,1.48841,1.87,1.19
2014.12.30 11:08:40.061,1.48821,1.48842,1.87,1.25
2014.12.30 11:08:40.645,1.48825,1.48843,1.00,1.19
2014.12.30 11:08:41.101,1.48827,1.48845,1.00,1.00
2014.12.30 11:08:41.203,1.4883,1.48845,1.00,1.00
2014.12.30 11:08:41.456,1.4883,1.4885,1.00,1.50
2014.12.30 11:08:41.507,1.48832,1.4885,1.50,1.00
2014.12.30 11:08:41.558,1.48832,1.48853,1.50,1.69
2014.12.30 11:08:41.609,1.48836,1.48853,1.12,1.19
2014.12.30 11:08:43.459,1.48836,1.48853,1.12,1.25
2014.12.30 11:08:47.497,1.48836,1.48854,1.12,1.25
2014.12.30 11:08:48.471,1.48836,1.48854,1.12,1.19
2014.12.30 11:08:49.472,1.48836,1.48854,1.12,1.25
2014.12.30 11:08:51.539,1.48833,1.48853,1.75,1.00
2014.12.30 11:08:51.883,1.48833,1.4885,1.75,1.00
2014.12.30 11:08:56.024,1.48831,1.4885,1.37,1.00
2014.12.30 11:08:56.227,1.48832,1.4885,1.87,1.00
2014.12.30 11:08:56.380,1.48837,1.48854,1.00,1.00
2014.12.30 11:08:56.589,1.48831,1.48854,1.37,1.69
2014.12.30 11:08:56.640,1.48831,1.4885,1.37,1.00
2014.12.30 11:08:57.919,1.48831,1.48851,1.50,1.00
2014.12.30 11:08:58.908,1.48831,1.48851,1.50,1.00
2014.12.30 11:08:59.010,1.48834,1.48853,1.00,1.00
2014.12.30 11:08:59.212,1.48831,1.48853,1.50,1.00
2014.12.30 11:08:59.728,1.48832,1.48852,1.37,1.00
2014.12.30 11:09:00.265,1.48832,1.48852,1.37,1.00
2014.12.30 11:09:00.417,1.48832,1.48852,1.12,1.00
2014.12.30 11:09:04.028,1.48832,1.48852,1.37,1.00
2014.12.30 11:09:04.602,1.48832,1.48852,1.37,1.00
2014.12.30 11:09:05.882,1.48832,1.48852,1.37,1.00
2014.12.30 11:09:07.577,1.48832,1.48852,1.37,1.25
2014.12.30 11:09:07.927,1.48832,1.4885,1.37,1.00
2014.12.30 11:09:10.252,1.48831,1.48852,1.75,1.00
2014.12.30 11:09:10.556,1.48837,1.48856,1.50,1.00
2014.12.30 11:09:11.062,1.48837,1.48857,1.50,1.25
2014.12.30 11:09:11.518,1.48839,1.48857,1.00,1.25
2014.12.30 11:09:12.062,1.48839,1.48857,1.00,1.19
2014.12.30 11:09:12.315,1.48837,1.48856,1.00,1.25
2014.12.30 11:09:13.375,1.48837,1.48857,1.50,1.19
2014.12.30 11:09:15.967,1.48837,1.48856,1.12,1.00
2014.12.30 11:09:16.018,1.48837,1.48856,1.37,1.00
2014.12.30 11:09:16.069,1.48837,1.48858,2.00,1.00
2014.12.30 11:09:16.120,1.48839,1.48858,1.00,1.00
2014.12.30 11:09:16.373,1.48836,1.48854,1.87,1.00
2014.12.30 11:09:20.310,1.48837,1.48854,2.06,1.00
2014.12.30 11:09:20.362,1.48837,1.48856,2.00,1.00
2014.12.30 11:09:20.463,1.48838,1.48858,1.50,1.00
2014.12.30 11:09:20.666,1.48839,1.48858,1.37,1.00
2014.12.30 11:09:20.769,1.4884,1.48858,1.37,1.00
2014.12.30 11:09:21.277,1.4884,1.48858,1.37,1.00
2014.12.30 11:09:21.586,1.4884,1.48858,1.37,1.00
2014.12.30 11:09:22.088,1.48842,1.48859,1.37,1.00
2014.12.30 11:09:23.298,1.48842,1.48861,1.50,1.00
2014.12.30 11:09:23.804,1.48844,1.48862,1.87,1.00
2014.12.30 11:09:37.688,1.48844,1.48864,1.87,1.00
2014.12.30 11:09:40.307,1.48846,1.48864,1.00,1.00
2014.12.30 11:09:40.610,1.48851,1.48864,1.00,1.00
2014.12.30 11:09:41.116,1.48852,1.48864,1.00,1.00
2014.12.30 11:09:41.632,1.48853,1.48865,1.00,1.00
2014.12.30 11:09:41.987,1.4885,1.48865,1.00,1.00
2014.12.30 11:09:42.139,1.48852,1.48865,1.00,1.00
2014.12.30 11:09:42.646,1.48851,1.48864,1.00,1.00
2014.12.30 11:09:43.445,1.48852,1.48864,1.00,1.00
2014.12.30 11:09:43.749,1.48854,1.48867,1.00,1.19
2014.12.30 11:09:43.901,1.48854,1.48867,1.00,1.00
2014.12.30 11:09:44.153,1.48854,1.48869,1.00,1.69
2014.12.30 11:09:44.305,1.48857,1.48869,1.00,1.25
2014.12.30 11:09:44.508,1.48857,1.48871,1.00,1.00
2014.12.30 11:09:44.813,1.48857,1.48869,1.00,1.00
2014.12.30 11:09:45.067,1.48855,1.48869,1.00,1.00
2014.12.30 11:09:46.131,1.48855,1.48867,1.00,1.00
2014.12.30 11:09:46.440,1.48855,1.48871,1.00,1.19
2014.12.30 11:09:46.541,1.48857,1.48871,1.00,1.00
2014.12.30 11:09:46.643,1.48854,1.48871,1.00,1.00
2014.12.30 11:09:49.552,1.48854,1.48869,1.00,1.00
2014.12.30 11:09:55.478,1.48854,1.48872,1.00,1.69
2014.12.30 11:09:55.782,1.48856,1.48872,1.00,1.69
2014.12.30 11:09:57.538,1.48856,1.48872,1.00,1.69
2014.12.30 11:09:59.533,1.48856,1.48872,1.00,1.69
2014.12.30 11:09:59.980,1.48856,1.48872,1.00,3.79
2014.12.30 11:10:00.284,1.48851,1.48863,1.00,1.00
2014.12.30 11:10:00.588,1.48851,1.48861,1.00,1.00
2014.12.30 11:10:02.385,1.48853,1.48863,1.00,1.00
2014.12.30 11:10:07.556,1.48852,1.48863,1.00,1.00
2014.12.30 11:10:08.575,1.48852,1.48864,1.00,1.00
2014.12.30 11:10:10.169,1.48852,1.48862,1.00,1.00
2014.12.30 11:10:11.156,1.48852,1.48864,1.00,1.19
2014.12.30 11:10:12.183,1.48852,1.48864,1.00,1.31
2014.12.30 11:10:12.489,1.48853,1.48864,1.37,1.00
2014.12.30 11:10:12.540,1.48853,1.4887,1.37,1.00
2014.12.30 11:10:12.641,1.48857,1.48873,1.37,1.00
2014.12.30 11:10:13.039,1.48857,1.48873,1.00,1.00
2014.12.30 11:10:14.039,1.48857,1.48875,1.00,1.00
2014.12.30 11:10:14.726,1.48857,1.48872,1.00,1.00
2014.12.30 11:10:15.052,1.48855,1.48868,1.00,1.00
2014.12.30 11:10:15.828,1.48855,1.48868,1.00,1.37
2014.12.30 11:10:15.982,1.48852,1.48866,1.00,1.00
2014.12.30 11:10:16.033,1.48852,1.48859,1.00,1.00
2014.12.30 11:10:16.135,1.48853,1.48866,1.37,1.00
2014.12.30 11:10:16.186,1.48855,1.48866,1.72,1.00
2014.12.30 11:10:16.390,1.48862,1.48875,1.00,1.00
2014.12.30 11:10:16.441,1.48862,1.48873,1.00,1.00
2014.12.30 11:10:16.492,1.48854,1.48873,1.00,1.00
2014.12.30 11:10:16.544,1.48854,1.48877,1.50,1.19
2014.12.30 11:10:16.696,1.48854,1.48874,1.00,1.25
2014.12.30 11:10:17.687,1.48854,1.48875,1.00,1.19
2014.12.30 11:10:17.991,1.48862,1.48877,1.12,1.00
2014.12.30 11:10:18.143,1.48858,1.48877,1.00,1.00
2014.12.30 11:10:18.649,1.48855,1.48877,1.37,1.50
2014.12.30 11:10:19.154,1.48861,1.48877,1.12,1.50
2014.12.30 11:10:19.459,1.48865,1.48878,1.00,1.00
2014.12.30 11:10:19.765,1.48863,1.48879,1.00,1.00
2014.12.30 11:10:20.283,1.48862,1.48879,1.00,1.00
2014.12.30 11:10:22.085,1.48864,1.48879,1.00,1.00
2014.12.30 11:10:22.136,1.48864,1.48883,1.00,1.25
2014.12.30 11:10:23.521,1.48862,1.48882,2.25,2.10
2014.12.30 11:10:25.980,1.48862,1.48883,1.50,1.19
2014.12.30 11:10:26.503,1.48862,1.48883,1.50,1.31
2014.12.30 11:10:27.197,1.48862,1.48883,1.50,1.31
2014.12.30 11:10:27.258,1.48862,1.48882,1.50,2.29
2014.12.30 11:10:29.128,1.48862,1.48879,1.00,1.00
2014.12.30 11:10:31.011,1.48861,1.48879,1.00,1.00
2014.12.30 11:10:31.213,1.48858,1.48879,1.00,3.04
2014.12.30 11:10:31.315,1.48855,1.48874,1.25,1.00
2014.12.30 11:10:32.248,1.48853,1.48874,1.00,1.25
2014.12.30 11:10:37.970,1.48853,1.48874,1.00,1.19
2014.12.30 11:10:38.021,1.48853,1.48871,1.00,1.00
2014.12.30 11:10:38.326,1.48853,1.48869,1.00,1.00
2014.12.30 11:10:38.428,1.48851,1.48869,1.00,1.00
2014.12.30 11:10:38.936,1.4885,1.48869,1.00,1.19
2014.12.30 11:10:38.987,1.48847,1.48868,1.00,1.25
2014.12.30 11:10:39.038,1.48847,1.48866,1.00,1.31
2014.12.30 11:10:39.342,1.48845,1.4886,1.00,1.00
2014.12.30 11:10:41.979,1.48844,1.4886,1.00,1.00
2014.12.30 11:10:42.131,1.48844,1.48863,1.00,1.00
2014.12.30 11:10:42.334,1.48844,1.48861,1.00,1.00
2014.12.30 11:10:43.220,1.48844,1.48864,1.00,1.00
2014.12.30 11:10:43.737,1.48844,1.48865,1.00,1.00
2014.12.30 11:10:59.667,1.48845,1.48866,1.00,1.50
2014.12.30 11:11:01.278,1.48845,1.48866,2.06,1.00
2014.12.30 11:11:01.785,1.48846,1.48869,2.06,1.00
2014.12.30 11:11:02.392,1.48848,1.48869,1.19,1.00
2014.12.30 11:11:02.967,1.48848,1.48868,1.19,1.00
2014.12.30 11:11:03.473,1.48848,1.48868,1.25,1.00
2014.12.30 11:11:03.574,1.4885,1.48868,1.00,1.00
2014.12.30 11:11:03.878,1.48848,1.48868,1.69,1.00
2014.12.30 11:11:06.080,1.48848,1.48869,1.25,1.50
2014.12.30 11:11:09.500,1.48848,1.48866,1.00,1.00
2014.12.30 11:11:12.894,1.48848,1.48862,1.00,1.00
2014.12.30 11:11:13.200,1.48846,1.48858,1.00,1.19
2014.12.30 11:11:13.251,1.48846,1.48859,1.00,1.19
2014.12.30 11:11:13.404,1.48841,1.48859,1.00,1.25
2014.12.30 11:11:13.556,1.48837,1.48858,2.25,1.00
2014.12.30 11:11:14.172,1.48837,1.48857,1.00,1.00
2014.12.30 11:11:16.413,1.48837,1.48857,1.19,1.00
2014.12.30 11:11:16.969,1.48837,1.48858,1.19,1.00
2014.12.30 11:11:17.273,1.48835,1.48857,1.00,1.25
2014.12.30 11:11:17.324,1.48835,1.48853,1.00,1.00
2014.12.30 11:11:17.831,1.48834,1.48853,1.00,1.00
2014.12.30 11:11:19.676,1.48835,1.48853,1.00,1.00
2014.12.30 11:11:20.525,1.48839,1.48853,1.00,1.00
2014.12.30 11:11:20.627,1.48838,1.48855,1.31,1.00
2014.12.30 11:11:20.729,1.48842,1.48859,1.19,1.00
2014.12.30 11:11:20.831,1.48842,1.48863,1.31,1.00
2014.12.30 11:11:20.933,1.48845,1.48866,1.00,1.00
2014.12.30 11:11:21.237,1.48847,1.48866,1.25,1.00
2014.12.30 11:11:21.490,1.48855,1.48878,1.19,1.00
2014.12.30 11:11:23.347,1.48857,1.48878,1.00,1.00
2014.12.30 11:11:24.374,1.48857,1.48877,1.00,1.25
2014.12.30 11:11:24.476,1.48856,1.48875,1.00,1.00
2014.12.30 11:11:24.527,1.48854,1.48875,1.00,1.87
2014.12.30 11:11:24.679,1.48854,1.48875,1.00,1.69
2014.12.30 11:11:24.882,1.48854,1.48875,1.00,1.00
2014.12.30 11:11:25.135,1.48854,1.48872,1.00,1.00
2014.12.30 11:11:25.641,1.48854,1.48871,1.00,1.00
2014.12.30 11:11:28.776,1.48854,1.48872,1.00,1.00
2014.12.30 11:11:46.217,1.48854,1.48875,1.00,1.69
2014.12.30 11:11:48.216,1.48854,1.48875,1.00,1.69
2014.12.30 11:11:52.341,1.4885,1.48871,1.00,1.25
2014.12.30 11:11:53.315,1.4885,1.48871,1.00,1.19
2014.12.30 11:11:54.343,1.4885,1.48871,1.00,1.25
2014.12.30 11:11:56.172,1.4885,1.48871,2.25,1.25
2014.12.30 11:11:56.223,1.48852,1.48875,1.75,1.00
2014.12.30 11:11:56.325,1.48854,1.48876,1.31,1.00
2014.12.30 11:11:56.831,1.48854,1.48877,2.06,1.00
2014.12.30 11:11:59.722,1.48854,1.48877,2.06,1.00
2014.12.30 11:12:01.930,1.48854,1.48877,1.50,1.00
2014.12.30 11:12:02.963,1.48854,1.48877,1.19,1.00
2014.12.30 11:12:03.945,1.48854,1.48877,1.00,1.00
2014.12.30 11:12:05.927,1.48854,1.48877,1.19,1.00
2014.12.30 11:12:06.942,1.48854,1.48877,1.25,1.00
2014.12.30 11:12:08.926,1.48854,1.48877,1.19,1.00
2014.12.30 11:12:11.763,1.48854,1.48877,1.00,1.62
2014.12.30 11:12:12.280,1.48854,1.48875,1.00,1.31
2014.12.30 11:12:12.618,1.48852,1.48875,1.00,2.06
2014.12.30 11:12:13.479,1.48852,1.48875,1.00,1.25
2014.12.30 11:12:14.439,1.48852,1.48875,1.00,1.19
2014.12.30 11:12:16.483,1.48852,1.48875,1.25,1.25
2014.12.30 11:12:20.188,1.48852,1.48875,1.19,1.00
2014.12.30 11:12:20.656,1.48852,1.48875,1.00,1.69
2014.12.30 11:12:21.780,1.48852,1.48873,1.00,1.19
2014.12.30 11:12:23.659,1.48852,1.48873,1.25,1.00
2014.12.30 11:12:23.999,1.48852,1.48875,1.19,1.00
2014.12.30 11:12:24.467,1.48852,1.48875,1.19,1.00
2014.12.30 11:12:25.563,1.48852,1.48875,1.00,1.25
2014.12.30 11:12:26.068,1.48852,1.48875,1.37,1.25
2014.12.30 11:12:27.175,1.48854,1.48875,1.37,1.00
2014.12.30 11:12:27.227,1.48856,1.48879,1.00,1.50
2014.12.30 11:12:27.279,1.48856,1.48879,1.19,1.50
2014.12.30 11:12:28.569,1.48856,1.48879,1.19,1.00
2014.12.30 11:12:31.803,1.48856,1.48878,1.19,1.00
2014.12.30 11:12:32.328,1.48856,1.48878,1.00,1.00
2014.12.30 11:12:38.895,1.48856,1.48879,1.25,1.25
2014.12.30 11:12:40.875,1.48856,1.48879,1.19,1.00
2014.12.30 11:12:42.234,1.48859,1.48879,1.00,1.00
2014.12.30 11:12:42.538,1.48855,1.48876,1.50,1.37
2014.12.30 11:12:42.690,1.48849,1.48872,1.00,1.31
2014.12.30 11:12:43.197,1.48849,1.48871,1.00,1.00
2014.12.30 11:12:43.298,1.48849,1.48871,1.00,1.19
2014.12.30 11:12:46.586,1.48849,1.48872,1.31,1.31
2014.12.30 11:12:46.688,1.4885,1.48872,1.31,1.00
2014.12.30 11:12:46.992,1.48856,1.48875,1.00,1.00
2014.12.30 11:12:47.299,1.48858,1.48877,1.00,1.00
2014.12.30 11:12:48.410,1.48858,1.48877,1.00,1.37
2014.12.30 11:12:48.612,1.48851,1.48874,1.37,1.31
2014.12.30 11:12:48.664,1.4885,1.48871,1.00,1.00
2014.12.30 11:12:48.968,1.4885,1.48871,1.00,1.19
2014.12.30 11:12:49.019,1.48847,1.4887,1.00,1.19
2014.12.30 11:12:49.913,1.48847,1.4887,1.00,1.19
2014.12.30 11:12:52.079,1.48846,1.48867,1.00,1.00
2014.12.30 11:12:52.130,1.48846,1.48867,1.00,1.69
2014.12.30 11:12:52.453,1.48842,1.48864,1.00,1.16
2014.12.30 11:12:52.707,1.48842,1.48863,1.00,1.05
2014.12.30 11:12:55.704,1.48842,1.48865,1.00,1.31
2014.12.30 11:12:56.543,1.48842,1.4886,1.00,1.00
2014.12.30 11:13:03.022,1.48842,1.48863,1.00,1.25
2014.12.30 11:13:03.073,1.48845,1.48863,1.37,1.25
2014.12.30 11:13:03.124,1.48848,1.48868,1.50,1.00
2014.12.30 11:13:03.328,1.4885,1.48872,1.56,1.00
2014.12.30 11:13:03.429,1.48851,1.48874,1.62,1.50
2014.12.30 11:13:05.150,1.48852,1.48874,2.06,1.00
2014.12.30 11:13:05.201,1.48855,1.48876,1.12,1.00
2014.12.30 11:13:05.252,1.48857,1.48876,1.00,1.00
2014.12.30 11:13:05.303,1.48857,1.48878,1.50,1.00
2014.12.30 11:13:05.354,1.48857,1.4888,2.81,1.00
2014.12.30 11:13:05.863,1.48858,1.4888,1.31,1.60
2014.12.30 11:13:06.632,1.48857,1.4888,1.00,1.85
2014.12.30 11:13:11.734,1.48857,1.4888,1.19,1.60
2014.12.30 11:13:12.006,1.4886,1.4888,1.00,1.60
2014.12.30 11:13:12.932,1.48858,1.4888,1.19,1.00
2014.12.30 11:13:16.856,1.48858,1.4888,1.37,3.04
2014.12.30 11:13:17.159,1.48852,1.48873,1.50,1.25
2014.12.30 11:13:17.261,1.48849,1.4887,1.00,1.00
2014.12.30 11:13:18.186,1.48849,1.4887,1.19,1.00
2014.12.30 11:13:18.692,1.48849,1.48869,1.00,1.00
2014.12.30 11:13:21.380,1.48849,1.48868,1.00,1.00
2014.12.30 11:13:25.788,1.48849,1.4887,1.19,1.50
2014.12.30 11:13:28.518,1.48849,1.4887,1.69,1.00
2014.12.30 11:13:28.822,1.48855,1.48877,1.19,1.00
2014.12.30 11:13:29.024,1.48857,1.4888,1.25,1.69
2014.12.30 11:13:30.726,1.48857,1.4888,1.19,1.50
2014.12.30 11:13:32.376,1.48857,1.4887,1.19,1.00
2014.12.30 11:13:32.478,1.48857,1.48872,1.00,1.00
2014.12.30 11:13:32.681,1.48855,1.48874,1.00,1.25
2014.12.30 11:13:33.214,1.48855,1.48875,1.00,1.00
2014.12.30 11:13:33.679,1.48856,1.48877,1.25,1.00
2014.12.30 11:13:34.088,1.48858,1.48879,1.00,1.50
2014.12.30 11:13:36.497,1.48858,1.48879,1.31,1.00
2014.12.30 11:13:38.636,1.48858,1.48879,1.31,1.00
2014.12.30 11:13:39.615,1.48858,1.48879,1.31,1.00
2014.12.30 11:13:43.616,1.48858,1.48879,1.31,1.00
2014.12.30 11:13:43.905,1.48858,1.48879,1.12,1.50
2014.12.30 11:13:46.813,1.48858,1.48879,1.31,1.50
2014.12.30 11:13:48.545,1.48858,1.48878,1.19,1.00
2014.12.30 11:13:48.851,1.48858,1.48874,1.00,1.00
2014.12.30 11:13:48.953,1.48858,1.48878,1.00,1.00
2014.12.30 11:13:50.823,1.48858,1.48878,1.19,1.00
2014.12.30 11:13:51.874,1.48858,1.48878,1.25,1.00
2014.12.30 11:14:01.955,1.48858,1.48878,1.19,1.00
2014.12.30 11:14:02.995,1.48858,1.48878,1.00,1.00
2014.12.30 11:14:03.642,1.48858,1.48879,1.00,1.00
2014.12.30 11:14:15.453,1.48858,1.48875,1.00,1.00
2014.12.30 11:14:15.656,1.48858,1.48879,1.00,1.50
2014.12.30 11:14:15.859,1.48858,1.48876,1.00,1.00
2014.12.30 11:14:15.960,1.48858,1.48879,1.00,1.50
2014.12.30 11:14:16.062,1.48858,1.48873,1.00,1.00
2014.12.30 11:14:16.366,1.48855,1.48873,1.00,1.00
2014.12.30 11:14:17.076,1.48855,1.48876,1.00,1.00
2014.12.30 11:14:20.049,1.48855,1.48876,1.37,1.00
2014.12.30 11:14:20.201,1.48856,1.48876,1.31,1.00
2014.12.30 11:14:20.593,1.48858,1.48878,1.19,1.00
2014.12.30 11:14:23.212,1.48859,1.48878,1.19,1.00
2014.12.30 11:14:24.428,1.48858,1.48878,1.00,1.00
2014.12.30 11:14:24.783,1.48858,1.48876,1.00,1.00
2014.12.30 11:14:25.246,1.48855,1.48876,1.50,1.00
2014.12.30 11:14:26.205,1.48855,1.48872,1.00,1.00
2014.12.30 11:14:27.373,1.48853,1.48872,1.00,1.00
2014.12.30 11:14:28.186,1.48853,1.48872,1.00,1.37
2014.12.30 11:14:31.596,1.48853,1.48869,1.00,1.00
2014.12.30 11:14:32.203,1.48851,1.48869,1.00,1.25
2014.12.30 11:14:32.611,1.48848,1.48869,1.00,1.25
2014.12.30 11:14:32.713,1.48846,1.48869,1.00,1.69
2014.12.30 11:14:32.814,1.48846,1.48869,1.00,1.69
2014.12.30 11:14:36.518,1.48846,1.48869,1.00,2.44
2014.12.30 11:14:42.034,1.48851,1.48869,1.00,1.69
2014.12.30 11:14:44.533,1.48851,1.48869,1.00,1.69
2014.12.30 11:14:45.535,1.48851,1.48869,1.00,1.69
2014.12.30 11:14:46.606,1.48851,1.48869,1.00,1.69
2014.12.30 11:14:50.023,1.48848,1.48869,1.00,1.69
2014.12.30 11:14:51.679,1.48848,1.48869,1.00,1.19
2014.12.30 11:14:53.659,1.48848,1.48869,1.00,1.19
2014.12.30 11:14:54.664,1.48848,1.48869,1.00,1.25
2014.12.30 11:14:59.864,1.48848,1.48869,1.00,1.19
2014.12.30 11:15:00.899,1.48848,1.48869,1.00,1.31
2014.12.30 11:15:00.950,1.48846,1.48869,1.50,1.31
2014.12.30 11:15:01.317,1.48846,1.48868,1.00,1.56
2014.12.30 11:15:01.369,1.48843,1.48864,1.00,1.56
2014.12.30 11:15:01.471,1.48839,1.4886,1.00,1.25
2014.12.30 11:15:02.377,1.48839,1.4886,1.00,1.31
2014.12.30 11:15:03.891,1.48839,1.4886,1.00,1.25
2014.12.30 11:15:14.014,1.48839,1.4886,1.37,1.00
2014.12.30 11:15:14.066,1.48839,1.4886,1.37,1.00
2014.12.30 11:15:14.118,1.48856,1.48865,1.00,1.00
2014.12.30 11:15:14.169,1.48857,1.48865,1.00,1.00
2014.12.30 11:15:14.321,1.48859,1.48867,1.00,1.00
2014.12.30 11:15:14.534,1.4886,1.4887,1.00,1.25
2014.12.30 11:15:15.063,1.48861,1.4887,1.00,1.25
2014.12.30 11:15:16.941,1.48862,1.48871,1.00,1.25
2014.12.30 11:15:20.185,1.48861,1.48871,1.00,1.25
2014.12.30 11:15:20.338,1.48861,1.48871,1.00,1.19
2014.12.30 11:15:24.012,1.48862,1.48871,1.00,1.69
2014.12.30 11:15:24.064,1.48861,1.48871,1.00,2.06
2014.12.30 11:15:24.572,1.4886,1.48868,1.00,1.00
2014.12.30 11:15:27.058,1.48861,1.48869,1.00,1.87
2014.12.30 11:15:29.788,1.48862,1.48869,1.00,1.87
2014.12.30 11:15:40.894,1.48862,1.4887,1.00,1.00
2014.12.30 11:15:41.200,1.48852,1.48874,1.19,1.00
2014.12.30 11:15:41.505,1.48872,1.48883,1.00,1.19
2014.12.30 11:15:41.658,1.48874,1.48881,1.00,1.00
2014.12.30 11:15:41.709,1.48875,1.48884,1.00,1.00
2014.12.30 11:15:42.224,1.48876,1.48886,1.00,1.19
2014.12.30 11:15:42.736,1.48875,1.48884,1.00,1.25
2014.12.30 11:15:46.166,1.48875,1.48883,1.00,1.00
2014.12.30 11:15:47.495,1.48875,1.48885,1.00,1.62
2014.12.30 11:15:53.851,1.48877,1.48885,1.00,1.00
2014.12.30 11:15:53.902,1.48877,1.48887,1.00,1.00
2014.12.30 11:15:53.953,1.48868,1.48887,1.12,1.00
2014.12.30 11:15:54.004,1.48882,1.48891,1.00,1.00
2014.12.30 11:15:54.057,1.48883,1.48891,1.00,1.00
2014.12.30 11:15:54.108,1.48883,1.48892,1.00,1.37
2014.12.30 11:15:54.311,1.48882,1.48891,1.00,1.30
2014.12.30 11:15:54.565,1.48882,1.48892,1.00,1.37
2014.12.30 11:15:54.666,1.4888,1.48892,1.00,1.62
2014.12.30 11:15:54.768,1.48876,1.48889,1.00,1.62
2014.12.30 11:15:55.275,1.48875,1.48884,1.00,1.37
2014.12.30 11:15:55.327,1.48876,1.48884,1.00,1.00
2014.12.30 11:15:55.429,1.48878,1.48887,1.00,1.25
2014.12.30 11:15:55.935,1.48879,1.48888,1.00,1.25
2014.12.30 11:16:00.250,1.48883,1.48895,1.00,1.19
2014.12.30 11:16:00.302,1.48884,1.4889,1.00,1.00
2014.12.30 11:16:00.403,1.48885,1.48893,1.00,1.00
2014.12.30 11:16:00.606,1.48886,1.48896,1.00,1.50
2014.12.30 11:16:01.155,1.48886,1.48895,1.00,1.00
2014.12.30 11:16:02.078,1.48888,1.48895,1.00,1.00
2014.12.30 11:16:02.128,1.48889,1.48898,1.00,1.00
2014.12.30 11:16:02.725,1.48889,1.489,1.00,1.19
2014.12.30 11:16:03.385,1.48889,1.489,1.00,1.25
2014.12.30 11:16:06.196,1.48893,1.489,1.00,1.00
2014.12.30 11:16:06.298,1.48892,1.489,1.00,1.00
2014.12.30 11:16:06.350,1.48892,1.48902,1.00,1.00
2014.12.30 11:16:16.237,1.48892,1.48902,1.00,1.19
2014.12.30 11:16:16.289,1.48887,1.48902,1.00,1.56
2014.12.30 11:16:16.340,1.48887,1.48891,1.00,1.00
2014.12.30 11:16:16.391,1.48882,1.48891,1.00,1.00
2014.12.30 11:16:16.492,1.48882,1.48894,1.00,1.00
2014.12.30 11:16:17.005,1.48882,1.48894,1.00,1.19
2014.12.30 11:16:17.541,1.48882,1.48894,1.00,1.25
2014.12.30 11:16:18.203,1.48886,1.48894,1.00,1.00
2014.12.30 11:16:18.256,1.48887,1.48897,1.00,1.19
2014.12.30 11:16:18.509,1.48884,1.48897,1.00,1.19
2014.12.30 11:16:19.154,1.48884,1.48897,1.00,1.25
2014.12.30 11:16:22.475,1.4888,1.48897,1.00,1.00
2014.12.30 11:16:23.235,1.4888,1.48897,1.00,1.37
2014.12.30 11:16:23.488,1.4888,1.48894,1.00,1.00
2014.12.30 11:16:23.893,1.48887,1.48894,1.00,1.00
2014.12.30 11:16:23.944,1.48887,1.48897,1.00,1.25
2014.12.30 11:16:23.995,1.48889,1.48897,1.00,1.00
2014.12.30 11:16:24.047,1.48889,1.48899,1.00,1.00
2014.12.30 11:16:24.148,1.48889,1.48902,1.00,1.25
2014.12.30 11:16:24.603,1.48889,1.48904,1.00,1.00
2014.12.30 11:16:26.590,1.48887,1.48904,1.00,1.31
2014.12.30 11:16:26.894,1.48887,1.48899,1.00,1.25
2014.12.30 11:16:29.180,1.48887,1.489,1.00,1.25
2014.12.30 11:16:29.485,1.48887,1.48899,1.00,1.56
2014.12.30 11:16:29.537,1.48884,1.48899,1.00,1.56
2014.12.30 11:16:29.689,1.48884,1.48899,1.00,1.56
2014.12.30 11:16:29.790,1.48884,1.48894,1.00,1.00
2014.12.30 11:16:30.296,1.48881,1.48894,1.00,1.37
2014.12.30 11:16:30.904,1.48881,1.48893,1.00,1.00
2014.12.30 11:16:33.204,1.48875,1.48892,1.00,1.00
2014.12.30 11:16:35.175,1.48875,1.48893,1.00,1.12
2014.12.30 11:16:35.891,1.48875,1.48893,1.00,1.37
2014.12.30 11:16:36.397,1.48875,1.48891,1.00,1.12
2014.12.30 11:16:37.502,1.48875,1.4889,1.00,1.00
2014.12.30 11:16:37.907,1.48875,1.48888,1.00,1.00
2014.12.30 11:16:40.459,1.48873,1.48888,1.00,1.00
2014.12.30 11:16:40.764,1.48869,1.48887,1.00,1.00
2014.12.30 11:16:41.695,1.48869,1.48887,1.00,1.19
2014.12.30 11:16:42.730,1.48869,1.48887,1.00,1.31
2014.12.30 11:16:44.732,1.48869,1.48887,1.00,1.31
2014.12.30 11:16:45.703,1.48869,1.48887,1.00,1.31
2014.12.30 11:16:46.701,1.48869,1.48887,1.00,1.31
2014.12.30 11:16:46.948,1.48867,1.48887,1.00,1.62
2014.12.30 11:16:47.049,1.48864,1.48883,1.00,1.56
2014.12.30 11:16:50.261,1.48866,1.48882,1.00,1.25
2014.12.30 11:16:51.865,1.48871,1.48882,1.00,1.00
2014.12.30 11:16:51.966,1.48868,1.48882,1.00,1.00
2014.12.30 11:16:52.017,1.48868,1.48884,1.00,1.00
2014.12.30 11:16:54.212,1.48867,1.48884,1.00,1.00
2014.12.30 11:17:00.745,1.48867,1.48884,1.00,1.19
2014.12.30 11:17:01.751,1.48867,1.48884,1.00,1.25
2014.12.30 11:17:05.090,1.48865,1.48884,1.00,1.25
2014.12.30 11:17:05.762,1.48865,1.48884,1.00,1.19
2014.12.30 11:17:09.374,1.48865,1.48884,1.00,1.00
2014.12.30 11:17:16.814,1.48866,1.48884,1.00,1.00
2014.12.30 11:17:24.756,1.4887,1.48884,1.00,1.00
2014.12.30 11:17:26.642,1.48873,1.48889,1.00,1.00
2014.12.30 11:17:26.743,1.48873,1.48893,1.00,1.00
2014.12.30 11:17:26.844,1.48877,1.48893,1.00,1.00
2014.12.30 11:17:27.148,1.4888,1.48896,1.00,1.00
2014.12.30 11:17:27.670,1.4888,1.48899,1.00,1.79
2014.12.30 11:17:29.000,1.4888,1.48899,1.00,1.85
2014.12.30 11:17:30.024,1.4888,1.48899,1.00,1.79
2014.12.30 11:17:30.226,1.48876,1.48897,1.50,2.66
2014.12.30 11:17:30.378,1.48876,1.48893,1.00,1.00
2014.12.30 11:17:32.375,1.48876,1.48896,1.00,1.19
2014.12.30 11:17:32.801,1.48876,1.48896,1.00,1.25
2014.12.30 11:17:33.034,1.48879,1.48896,1.00,1.25
2014.12.30 11:17:33.851,1.48879,1.48899,1.00,1.19
2014.12.30 11:17:34.155,1.48882,1.48899,1.00,1.19
2014.12.30 11:17:36.853,1.48882,1.48899,1.00,1.00
2014.12.30 11:17:37.157,1.48878,1.48896,1.00,1.42
2014.12.30 11:17:37.207,1.48876,1.48895,1.00,1.12
2014.12.30 11:17:37.309,1.48876,1.48893,1.00,1.00
2014.12.30 11:17:37.461,1.48874,1.48892,1.50,1.00
2014.12.30 11:17:37.512,1.48874,1.4889,1.50,1.00
2014.12.30 11:17:37.765,1.48869,1.4889,1.00,1.25
2014.12.30 11:17:38.737,1.48869,1.4889,1.00,1.19
2014.12.30 11:17:44.738,1.48869,1.4889,1.00,1.19
2014.12.30 11:17:45.737,1.48869,1.4889,1.00,1.19
2014.12.30 11:17:46.741,1.48869,1.4889,1.00,1.19
2014.12.30 11:17:52.079,1.48869,1.4889,1.00,1.19
2014.12.30 11:17:54.072,1.48871,1.4889,1.00,1.19
2014.12.30 11:17:54.174,1.48871,1.4889,1.00,1.00
2014.12.30 11:17:55.186,1.48871,1.4889,1.00,1.19
2014.12.30 11:17:55.490,1.48871,1.4889,1.00,1.00
2014.12.30 11:17:56.104,1.48871,1.48892,1.00,1.19
2014.12.30 11:17:56.306,1.48876,1.48892,1.00,1.00
2014.12.30 11:17:56.815,1.48875,1.48894,1.00,1.19
2014.12.30 11:17:57.574,1.48875,1.48894,1.00,1.19
2014.12.30 11:17:58.586,1.48875,1.48894,1.00,1.25
2014.12.30 11:18:00.669,1.48875,1.48894,1.00,1.56
2014.12.30 11:18:00.720,1.48871,1.48894,1.00,1.56
2014.12.30 11:18:00.771,1.4887,1.48888,1.00,1.00
2014.12.30 11:18:01.277,1.4887,1.48889,1.00,1.00
2014.12.30 11:18:02.668,1.4887,1.48889,1.00,1.19
2014.12.30 11:18:04.473,1.4887,1.4889,1.00,1.00
2014.12.30 11:18:04.524,1.48877,1.4889,1.00,1.00
2014.12.30 11:18:04.727,1.48877,1.48893,1.00,1.00
2014.12.30 11:18:05.031,1.48877,1.48898,1.00,1.19
2014.12.30 11:18:06.781,1.48877,1.48898,1.00,1.19
2014.12.30 11:18:10.037,1.48879,1.48898,1.00,1.69
2014.12.30 11:18:10.341,1.48879,1.48897,1.00,1.31
2014.12.30 11:18:11.629,1.48883,1.48898,1.00,1.19
2014.12.30 11:18:11.730,1.48883,1.48898,1.00,1.25
2014.12.30 11:18:11.933,1.48883,1.48901,1.00,1.50
2014.12.30 11:18:12.467,1.48883,1.48903,1.00,1.19
2014.12.30 11:18:14.898,1.48883,1.48903,1.00,1.25
2014.12.30 11:18:15.944,1.48887,1.48903,1.00,1.25
2014.12.30 11:18:20.958,1.48884,1.48903,1.00,1.19
2014.12.30 11:18:23.053,1.48884,1.48901,1.00,1.54
2014.12.30 11:18:23.458,1.48881,1.48901,1.00,2.29
2014.12.30 11:18:23.861,1.48881,1.48899,1.00,2.10
2014.12.30 11:18:26.591,1.48877,1.48898,1.00,1.85
2014.12.30 11:18:26.642,1.48877,1.48893,1.00,2.29
2014.12.30 11:18:26.693,1.48872,1.48892,1.00,1.85
2014.12.30 11:18:26.744,1.48874,1.48892,1.00,1.19
2014.12.30 11:18:26.845,1.48869,1.48888,1.00,1.00
2014.12.30 11:18:27.555,1.48871,1.48888,1.00,1.00
2014.12.30 11:18:28.393,1.48875,1.48888,1.00,1.00
2014.12.30 11:18:28.596,1.48875,1.48891,1.00,1.00
2014.12.30 11:18:28.799,1.48875,1.48893,1.00,1.00
2014.12.30 11:18:28.951,1.48878,1.48893,1.00,1.00
2014.12.30 11:18:30.531,1.48878,1.48896,1.00,1.19
2014.12.30 11:18:31.038,1.48878,1.48896,1.00,1.00
2014.12.30 11:18:33.630,1.48878,1.48896,1.00,2.85
2014.12.30 11:18:33.681,1.48873,1.48896,1.00,3.04
2014.12.30 11:18:33.732,1.48871,1.48893,1.00,1.60
2014.12.30 11:18:33.884,1.48874,1.48891,1.00,1.00
2014.12.30 11:18:34.400,1.48874,1.48894,1.00,1.19
2014.12.30 11:18:34.840,1.48874,1.48894,1.00,1.00
2014.12.30 11:18:34.891,1.48878,1.48894,1.00,1.00
2014.12.30 11:18:35.765,1.48873,1.48894,1.00,1.25
2014.12.30 11:18:35.867,1.48873,1.48894,1.00,1.79
2014.12.30 11:18:36.171,1.48877,1.48891,1.00,1.00
2014.12.30 11:18:36.272,1.48877,1.48894,1.00,1.00
2014.12.30 11:18:37.481,1.48872,1.48894,1.00,1.00
2014.12.30 11:18:37.583,1.48875,1.48894,1.00,1.00
2014.12.30 11:18:38.202,1.48878,1.48894,1.00,1.00
2014.12.30 11:18:38.815,1.48878,1.48896,1.00,1.19
2014.12.30 11:18:39.130,1.48878,1.48895,1.00,2.10
2014.12.30 11:18:39.182,1.48873,1.48895,1.00,2.10
2014.12.30 11:18:39.284,1.48872,1.48887,1.00,2.10
2014.12.30 11:18:39.590,1.48876,1.48893,1.00,1.60
2014.12.30 11:18:40.896,1.48873,1.48894,1.00,2.10
2014.12.30 11:18:41.048,1.48873,1.48891,1.00,2.29
2014.12.30 11:18:41.250,1.48875,1.48892,1.00,1.19
2014.12.30 11:18:41.403,1.48877,1.48892,1.00,1.00
2014.12.30 11:18:41.454,1.48877,1.48895,1.00,1.00
2014.12.30 11:18:42.187,1.48873,1.48895,1.00,1.56
2014.12.30 11:18:42.238,1.48873,1.48892,1.00,1.60
2014.12.30 11:18:42.289,1.48871,1.48892,1.00,1.60
2014.12.30 11:18:42.441,1.4887,1.48887,1.00,1.00
2014.12.30 11:18:43.537,1.4887,1.48886,1.00,2.10
2014.12.30 11:18:43.740,1.48872,1.48889,1.00,1.25
2014.12.30 11:18:44.854,1.48872,1.48888,1.00,2.10
2014.12.30 11:18:45.006,1.48872,1.48889,1.00,1.35
2014.12.30 11:18:45.107,1.48869,1.48889,1.00,1.35
2014.12.30 11:18:45.209,1.48869,1.48887,1.00,1.00
2014.12.30 11:18:47.118,1.48869,1.48887,1.00,1.19
2014.12.30 11:18:48.180,1.48869,1.48887,1.00,1.79
2014.12.30 11:18:48.695,1.48869,1.48887,1.00,1.19
2014.12.30 11:18:49.201,1.48869,1.48887,1.00,1.25
2014.12.30 11:18:53.619,1.4887,1.48887,1.00,1.25
2014.12.30 11:18:55.196,1.4887,1.48887,1.00,1.19
2014.12.30 11:18:56.187,1.4887,1.48887,1.00,1.00
2014.12.30 11:18:57.499,1.4887,1.48888,1.00,1.25
2014.12.30 11:18:58.811,1.48867,1.48888,1.00,1.25
2014.12.30 11:18:59.014,1.48865,1.48888,1.25,1.25
2014.12.30 11:18:59.065,1.48865,1.48886,1.25,1.00
2014.12.30 11:18:59.370,1.48864,1.48884,1.00,2.29
2014.12.30 11:19:00.097,1.48864,1.48884,1.00,2.29
2014.12.30 11:19:03.103,1.48864,1.48883,1.00,1.05
2014.12.30 11:19:03.737,1.48863,1.48883,1.00,1.05
2014.12.30 11:19:04.092,1.48862,1.4888,1.12,1.00
2014.12.30 11:19:04.306,1.48862,1.48882,1.12,1.00
2014.12.30 11:19:09.932,1.48862,1.4888,1.00,1.00
2014.12.30 11:19:13.816,1.48862,1.4888,1.00,1.60
2014.12.30 11:19:16.639,1.48863,1.4888,1.00,1.60
2014.12.30 11:19:17.103,1.48863,1.4888,1.00,1.00
2014.12.30 11:19:17.205,1.48863,1.48882,1.00,1.25
2014.12.30 11:19:18.080,1.48861,1.48882,1.00,1.19
2014.12.30 11:19:18.182,1.48856,1.48878,1.00,1.19
2014.12.30 11:19:18.284,1.48855,1.48875,1.00,1.00
2014.12.30 11:19:18.588,1.48854,1.48873,1.00,1.25
2014.12.30 11:19:18.639,1.48852,1.48873,1.00,1.25
2014.12.30 11:19:19.194,1.48852,1.48871,1.50,1.00
2014.12.30 11:19:21.902,1.48852,1.48873,1.50,1.00
2014.12.30 11:19:23.898,1.48854,1.48873,1.00,1.00
2014.12.30 11:19:25.791,1.48859,1.48873,1.00,1.00
2014.12.30 11:19:26.095,1.48856,1.48874,1.00,1.00
2014.12.30 11:19:29.379,1.48856,1.48876,1.00,1.19
2014.12.30 11:19:30.167,1.48856,1.48873,1.00,1.00
2014.12.30 11:19:30.941,1.48856,1.48872,1.00,1.00
2014.12.30 11:19:30.992,1.48853,1.48872,1.12,1.00
2014.12.30 11:19:31.599,1.48853,1.4887,1.12,1.00
2014.12.30 11:19:36.794,1.48854,1.4887,1.00,1.00
2014.12.30 11:19:37.177,1.48854,1.4887,1.00,1.60
2014.12.30 11:19:37.737,1.48854,1.48873,1.00,1.69
2014.12.30 11:19:38.270,1.48855,1.48872,1.00,1.00
2014.12.30 11:19:41.490,1.48854,1.48874,1.00,1.19
2014.12.30 11:19:41.692,1.48854,1.48875,1.00,1.31
2014.12.30 11:19:42.805,1.48852,1.48873,1.00,1.19
2014.12.30 11:19:43.369,1.48852,1.48867,1.00,1.00
2014.12.30 11:19:44.031,1.48852,1.48871,1.00,1.25
2014.12.30 11:19:46.436,1.48852,1.48872,1.00,1.00
2014.12.30 11:19:46.538,1.48855,1.48872,1.00,1.00
2014.12.30 11:19:47.452,1.48855,1.48874,1.00,1.19
2014.12.30 11:19:47.954,1.48855,1.48874,1.00,1.00
2014.12.30 11:19:53.965,1.48857,1.48874,1.00,1.00
2014.12.30 11:19:58.574,1.48857,1.48873,1.00,1.00
2014.12.30 11:19:58.776,1.48854,1.48873,1.00,1.00
2014.12.30 11:20:01.105,1.48854,1.48875,1.50,1.54
2014.12.30 11:20:01.471,1.48856,1.48875,1.00,1.25
2014.12.30 11:20:02.039,1.48856,1.48878,1.00,1.19
2014.12.30 11:20:03.612,1.48856,1.48876,1.37,1.25
2014.12.30 11:20:04.002,1.48856,1.48876,1.00,1.25
2014.12.30 11:20:06.052,1.48856,1.48876,1.00,1.19
2014.12.30 11:20:11.177,1.48859,1.48875,1.00,1.00
2014.12.30 11:20:11.583,1.48862,1.48876,1.00,1.00
2014.12.30 11:20:11.684,1.48859,1.48876,1.00,1.00
2014.12.30 11:20:18.301,1.48859,1.48876,1.37,1.00
2014.12.30 11:20:18.432,1.48859,1.48876,1.00,1.00
2014.12.30 11:20:18.483,1.48859,1.48879,1.00,1.25
2014.12.30 11:20:19.400,1.48856,1.48879,1.50,1.69
2014.12.30 11:20:19.552,1.48856,1.48875,1.00,1.00
2014.12.30 11:20:19.906,1.48863,1.48874,1.00,1.00
2014.12.30 11:20:20.008,1.48865,1.48879,1.00,1.00
2014.12.30 11:20:20.313,1.48865,1.48882,1.00,1.00
2014.12.30 11:20:22.125,1.48864,1.48882,1.00,1.00
2014.12.30 11:20:22.176,1.48864,1.48882,1.37,1.00
2014.12.30 11:20:22.379,1.48861,1.48882,1.37,1.31
2014.12.30 11:20:22.850,1.48859,1.48882,1.87,1.31
2014.12.30 11:20:24.374,1.48859,1.48882,1.87,1.31
2014.12.30 11:20:25.496,1.48859,1.48882,1.87,1.31
2014.12.30 11:20:29.191,1.48861,1.48882,1.37,1.31
2014.12.30 11:20:30.187,1.48861,1.48882,1.37,1.31
2014.12.30 11:20:30.490,1.48861,1.48882,1.37,1.31
2014.12.30 11:20:31.467,1.48861,1.48882,1.37,1.31
2014.12.30 11:20:33.489,1.48861,1.48882,1.37,1.31
2014.12.30 11:20:34.471,1.48862,1.48882,1.37,1.31
2014.12.30 11:20:34.977,1.48862,1.48882,1.37,1.31
2014.12.30 11:20:35.525,1.48862,1.48882,1.37,1.31
2014.12.30 11:20:39.346,1.48859,1.48881,1.12,1.16
2014.12.30 11:20:39.397,1.48859,1.4888,1.12,1.16
2014.12.30 11:20:42.124,1.48854,1.48877,1.87,1.19
2014.12.30 11:20:43.643,1.48854,1.48877,1.87,1.69
2014.12.30 11:20:43.947,1.48849,1.48864,1.00,2.66
2014.12.30 11:20:43.998,1.48841,1.48861,1.50,2.10
2014.12.30 11:20:44.101,1.48834,1.48859,1.37,1.57
2014.12.30 11:20:44.152,1.48832,1.48858,2.62,2.10
2014.12.30 11:20:45.419,1.48831,1.48854,1.87,1.54
2014.12.30 11:20:45.939,1.48831,1.48854,2.62,1.54
2014.12.30 11:20:46.444,1.48831,1.48854,2.62,1.25
2014.12.30 11:20:48.331,1.48831,1.48854,2.62,1.25
2014.12.30 11:20:49.448,1.48831,1.48854,2.62,1.19
2014.12.30 11:20:51.200,1.48831,1.48854,1.87,1.69
2014.12.30 11:20:51.252,1.4883,1.48848,1.12,1.16
2014.12.30 11:20:51.353,1.4883,1.48848,1.00,1.91
2014.12.30 11:20:51.455,1.48825,1.48843,1.00,1.05
2014.12.30 11:20:51.556,1.48822,1.48841,1.37,1.00
2014.12.30 11:20:51.658,1.48822,1.48841,1.00,1.19
2014.12.30 11:20:51.810,1.4882,1.48841,1.00,1.19
2014.12.30 11:20:52.353,1.48819,1.4884,1.50,1.25
2014.12.30 11:20:52.855,1.48819,1.4884,1.50,1.19
2014.12.30 11:20:53.535,1.4882,1.4884,1.00,1.19
2014.12.30 11:20:53.991,1.4882,1.48843,1.50,1.69
2014.12.30 11:20:54.651,1.4882,1.48843,1.50,1.69
2014.12.30 11:20:56.191,1.48823,1.48843,1.00,1.25
2014.12.30 11:20:57.731,1.48823,1.48843,1.00,1.19
2014.12.30 11:20:58.969,1.48821,1.48843,1.00,1.19
2014.12.30 11:20:59.587,1.48825,1.48843,1.00,1.19
2014.12.30 11:20:59.791,1.48823,1.48843,1.00,1.25
2014.12.30 11:21:00.761,1.48823,1.48843,1.00,1.19
2014.12.30 11:21:04.035,1.48823,1.48843,1.00,1.19
2014.12.30 11:21:06.059,1.48823,1.48843,1.00,1.25
2014.12.30 11:21:09.954,1.48822,1.48843,1.00,1.50
2014.12.30 11:21:13.472,1.48832,1.48843,1.00,1.00
2014.12.30 11:21:13.574,1.48832,1.48846,1.00,1.00
2014.12.30 11:21:13.777,1.48832,1.48854,1.00,2.06
2014.12.30 11:21:13.879,1.48835,1.48854,1.00,1.69
2014.12.30 11:21:14.386,1.48835,1.48854,1.00,1.00
2014.12.30 11:21:17.920,1.48835,1.48854,1.37,1.00
2014.12.30 11:21:36.215,1.48836,1.48856,1.12,1.00
2014.12.30 11:21:41.210,1.48836,1.48856,1.12,1.19
2014.12.30 11:21:42.144,1.48837,1.48858,1.37,1.19
2014.12.30 11:21:42.246,1.48842,1.48858,1.00,1.25
2014.12.30 11:21:43.247,1.48842,1.48861,1.00,1.69
2014.12.30 11:21:44.916,1.48842,1.48861,1.00,1.69
2014.12.30 11:21:48.136,1.48842,1.48861,1.00,1.69
2014.12.30 11:21:48.237,1.48842,1.48858,1.00,1.00
2014.12.30 11:21:48.752,1.48842,1.48857,1.00,1.00
2014.12.30 11:21:49.418,1.48842,1.48858,1.00,1.00
2014.12.30 11:21:49.873,1.48843,1.48862,1.00,1.19
2014.12.30 11:21:50.412,1.48843,1.48862,1.00,1.00
2014.12.30 11:21:51.849,1.48841,1.48862,1.00,1.00
2014.12.30 11:21:58.245,1.48842,1.48862,1.00,1.00
2014.12.30 11:21:59.761,1.48842,1.48862,1.00,1.19
2014.12.30 11:22:00.748,1.48842,1.48862,1.00,1.00
2014.12.30 11:22:01.771,1.48842,1.48862,1.00,1.19
2014.12.30 11:22:02.752,1.48842,1.48862,1.00,1.25
2014.12.30 11:22:03.866,1.48843,1.48862,1.00,1.25
2014.12.30 11:22:04.373,1.48843,1.48863,1.87,1.19
2014.12.30 11:22:04.778,1.48843,1.48866,3.00,1.69
2014.12.30 11:22:07.763,1.48843,1.48866,3.00,1.69
2014.12.30 11:22:10.014,1.48852,1.48869,1.00,1.00
2014.12.30 11:22:10.166,1.48851,1.48873,2.62,1.25
2014.12.30 11:22:12.090,1.48852,1.48874,1.12,1.25
2014.12.30 11:22:13.115,1.48851,1.48874,2.25,1.69
2014.12.30 11:22:15.080,1.48851,1.48874,2.25,1.69
2014.12.30 11:22:17.021,1.48853,1.48874,1.00,1.69
2014.12.30 11:22:17.122,1.48853,1.48874,1.00,1.69
2014.12.30 11:22:18.090,1.48853,1.48874,1.00,1.69
2014.12.30 11:22:20.176,1.48853,1.48874,1.00,2.44
2014.12.30 11:22:20.227,1.48851,1.48874,1.00,2.44
2014.12.30 11:22:20.328,1.48851,1.48868,1.00,1.56
2014.12.30 11:22:20.683,1.48846,1.48866,1.00,1.19
2014.12.30 11:22:20.784,1.48844,1.48864,1.00,1.25
2014.12.30 11:22:21.396,1.48844,1.48864,1.00,1.19
2014.12.30 11:22:22.595,1.48844,1.48864,1.00,1.00
2014.12.30 11:22:22.900,1.48844,1.48866,1.50,1.25
2014.12.30 11:22:25.534,1.48845,1.48866,1.00,1.25
2014.12.30 11:22:28.063,1.48848,1.48866,1.00,1.25
2014.12.30 11:22:30.790,1.48848,1.48866,1.00,1.31
2014.12.30 11:22:31.297,1.48847,1.48866,1.00,1.19
2014.12.30 11:22:33.650,1.48852,1.48866,1.12,1.00
2014.12.30 11:22:33.752,1.48852,1.48869,1.00,1.00
2014.12.30 11:22:33.803,1.48855,1.48869,1.00,1.00
2014.12.30 11:22:33.854,1.48855,1.48871,1.00,1.25
2014.12.30 11:22:34.369,1.48856,1.48871,1.00,1.25
2014.12.30 11:22:40.225,1.48855,1.48871,1.00,1.00
2014.12.30 11:22:40.479,1.48858,1.48873,1.00,1.00
2014.12.30 11:22:52.915,1.48858,1.48874,1.50,1.00
2014.12.30 11:22:53.269,1.48858,1.48872,1.00,1.19
2014.12.30 11:22:53.573,1.48855,1.4887,1.00,1.19
2014.12.30 11:22:53.827,1.48853,1.4887,1.00,1.19
2014.12.30 11:22:54.386,1.48853,1.48872,1.00,1.19
2014.12.30 11:22:54.488,1.48855,1.48872,1.00,1.00
2014.12.30 11:22:54.812,1.48861,1.48878,1.00,1.19
2014.12.30 11:22:55.368,1.48862,1.48878,1.00,1.00
2014.12.30 11:22:56.900,1.48862,1.4888,1.00,1.69
2014.12.30 11:22:57.001,1.48862,1.48878,1.00,1.00
2014.12.30 11:22:57.547,1.48863,1.48878,1.00,1.00
2014.12.30 11:22:57.896,1.48861,1.48878,1.50,1.00
2014.12.30 11:23:02.414,1.4886,1.48878,1.00,1.00
2014.12.30 11:23:05.228,1.48861,1.48878,1.00,1.00
2014.12.30 11:23:05.481,1.48861,1.4888,1.00,1.50
2014.12.30 11:23:05.985,1.48861,1.48879,1.00,1.00
2014.12.30 11:23:06.036,1.48861,1.48882,1.12,1.69
2014.12.30 11:23:06.188,1.48864,1.48882,1.50,1.19
2014.12.30 11:23:06.920,1.48864,1.48882,1.50,1.00
2014.12.30 11:23:07.862,1.48864,1.4888,1.50,2.10
2014.12.30 11:23:08.115,1.48862,1.4888,1.00,2.47
2014.12.30 11:23:08.317,1.48863,1.4888,1.00,1.05
2014.12.30 11:23:08.419,1.48861,1.48876,1.00,1.05
2014.12.30 11:23:08.976,1.48858,1.48878,1.00,1.19
2014.12.30 11:23:09.509,1.48858,1.48878,1.00,1.19
2014.12.30 11:23:12.390,1.48855,1.48878,1.87,1.69
2014.12.30 11:23:12.542,1.48855,1.48878,1.87,1.69
2014.12.30 11:23:12.874,1.48858,1.48878,1.00,1.69
2014.12.30 11:23:13.520,1.48858,1.48878,1.00,1.69
2014.12.30 11:23:14.521,1.48858,1.48878,1.00,1.69
2014.12.30 11:23:15.550,1.48858,1.48878,1.00,1.69
2014.12.30 11:23:17.531,1.48858,1.48878,1.00,1.69
2014.12.30 11:23:18.560,1.48858,1.48878,1.00,1.69
2014.12.30 11:23:19.531,1.48858,1.48878,1.00,2.06
2014.12.30 11:23:19.633,1.48855,1.48878,1.50,2.06
2014.12.30 11:23:20.528,1.48855,1.48878,1.50,2.06
2014.12.30 11:23:20.832,1.48855,1.48878,1.50,2.06
2014.12.30 11:23:20.934,1.4886,1.48878,1.00,1.50
2014.12.30 11:23:20.985,1.4886,1.4888,1.00,1.00
2014.12.30 11:23:21.087,1.48862,1.4888,1.00,1.19
2014.12.30 11:23:21.593,1.48863,1.48881,1.00,1.19
2014.12.30 11:23:22.141,1.48863,1.48881,1.00,1.25
2014.12.30 11:23:23.196,1.48863,1.4888,1.00,1.00
2014.12.30 11:23:23.297,1.48863,1.48876,1.00,1.00
2014.12.30 11:23:23.348,1.48861,1.48876,1.50,1.00
2014.12.30 11:23:23.660,1.48861,1.48877,1.00,1.69
2014.12.30 11:23:25.586,1.48861,1.48876,1.00,1.25
2014.12.30 11:23:25.940,1.48865,1.48879,1.00,1.25
2014.12.30 11:23:26.143,1.48865,1.48881,1.00,1.00
2014.12.30 11:23:28.129,1.48864,1.48881,1.00,1.00
2014.12.30 11:23:28.333,1.48863,1.48878,1.00,1.00
2014.12.30 11:23:28.687,1.48861,1.48878,1.00,1.50
2014.12.30 11:23:28.738,1.48863,1.48878,1.00,1.50
2014.12.30 11:23:28.890,1.48864,1.4888,1.00,1.00
2014.12.30 11:23:29.396,1.48864,1.48881,1.00,1.54
2014.12.30 11:23:42.717,1.48864,1.48882,1.00,1.00
2014.12.30 11:23:42.971,1.48874,1.48884,1.00,1.19
2014.12.30 11:23:43.022,1.48874,1.48884,1.00,1.00
2014.12.30 11:23:43.073,1.48868,1.48887,1.37,1.60
2014.12.30 11:23:43.124,1.48868,1.48887,1.00,1.60
2014.12.30 11:23:43.175,1.48868,1.48887,1.00,1.00
2014.12.30 11:23:43.226,1.48868,1.48885,1.00,1.00
2014.12.30 11:23:43.740,1.48867,1.48885,1.87,1.00
2014.12.30 11:23:45.926,1.48867,1.48883,1.87,1.00
2014.12.30 11:23:46.433,1.48867,1.48885,1.00,1.19
2014.12.30 11:23:47.000,1.48868,1.48887,1.00,1.69
2014.12.30 11:23:47.189,1.48868,1.48885,1.00,1.19
2014.12.30 11:23:47.719,1.48868,1.48883,1.00,1.00
2014.12.30 11:23:48.486,1.48868,1.48881,1.00,1.00
2014.12.30 11:23:54.703,1.48867,1.48881,1.50,1.00
2014.12.30 11:23:58.828,1.48867,1.48883,1.50,1.00
2014.12.30 11:23:59.043,1.48867,1.48884,1.00,3.41
2014.12.30 11:23:59.144,1.48863,1.48884,1.50,1.69
2014.12.30 11:23:59.246,1.48864,1.48879,1.00,1.00
2014.12.30 11:23:59.499,1.48864,1.48881,1.00,1.25
2014.12.30 11:24:00.121,1.48864,1.48882,1.00,1.25
2014.12.30 11:24:00.627,1.48865,1.48882,1.00,1.25
2014.12.30 11:24:02.429,1.48865,1.48881,1.00,1.00
2014.12.30 11:24:06.618,1.48865,1.48882,1.00,1.00
2014.12.30 11:24:09.922,1.48866,1.48882,1.00,1.00
2014.12.30 11:24:12.988,1.48866,1.4888,1.00,1.00
2014.12.30 11:24:17.325,1.48866,1.48882,1.00,1.00
2014.12.30 11:24:21.229,1.48867,1.48882,1.00,1.00
2014.12.30 11:24:21.768,1.48865,1.4888,1.00,2.29
2014.12.30 11:24:22.124,1.48862,1.48878,1.50,1.60
2014.12.30 11:24:22.568,1.48862,1.48881,1.87,1.54
2014.12.30 11:24:23.074,1.48864,1.48882,1.00,2.29
2014.12.30 11:24:28.086,1.48865,1.48881,1.00,1.00
2014.12.30 11:24:28.289,1.48868,1.48883,1.00,1.19
2014.12.30 11:24:28.800,1.48868,1.48883,1.00,1.25
2014.12.30 11:24:28.952,1.48866,1.48883,1.00,1.25
2014.12.30 11:24:31.257,1.48866,1.48884,1.00,1.00
2014.12.30 11:24:31.359,1.48868,1.48883,1.00,1.00
2014.12.30 11:24:31.612,1.48866,1.48885,1.00,1.25
2014.12.30 11:24:32.876,1.48869,1.48885,1.00,1.00
2014.12.30 11:24:33.181,1.48875,1.48888,1.00,1.19
2014.12.30 11:24:33.232,1.48875,1.4889,1.00,1.00
2014.12.30 11:24:33.384,1.48876,1.48894,1.00,1.10
2014.12.30 11:24:33.891,1.48877,1.48895,1.00,1.25
2014.12.30 11:24:34.895,1.48877,1.48894,1.00,1.00
2014.12.30 11:24:35.897,1.48877,1.48894,1.00,1.19
2014.12.30 11:24:36.938,1.48877,1.48895,1.00,1.19
2014.12.30 11:24:37.906,1.48877,1.48895,1.00,1.25
2014.12.30 11:24:39.015,1.48877,1.48895,1.00,1.19
2014.12.30 11:24:40.011,1.48877,1.48895,1.00,1.25
2014.12.30 11:24:40.218,1.4888,1.48895,1.00,1.25
2014.12.30 11:24:43.925,1.4888,1.48896,1.00,1.00
2014.12.30 11:24:45.734,1.48878,1.48896,1.00,1.00
2014.12.30 11:24:45.784,1.48878,1.48893,1.00,1.00
2014.12.30 11:24:47.667,1.48878,1.48895,1.00,1.00
2014.12.30 11:24:48.932,1.48878,1.48895,1.00,1.19
2014.12.30 11:24:50.922,1.48878,1.48895,1.00,1.25
2014.12.30 11:24:51.700,1.48879,1.48895,1.00,1.25
2014.12.30 11:24:51.901,1.48876,1.48895,1.87,1.25
2014.12.30 11:24:51.952,1.48876,1.48894,1.87,1.19
2014.12.30 11:24:52.256,1.48876,1.48891,1.00,1.00
2014.12.30 11:24:52.813,1.48876,1.48893,1.87,1.00
2014.12.30 11:24:53.346,1.48876,1.48894,1.87,1.00
2014.12.30 11:25:01.985,1.48876,1.48894,1.87,1.00
2014.12.30 11:25:05.004,1.48876,1.48894,1.87,1.00
2014.12.30 11:25:05.598,1.48876,1.48895,1.87,1.25
2014.12.30 11:25:11.895,1.48876,1.48895,1.87,1.25
2014.12.30 11:25:12.098,1.48881,1.48901,1.12,1.19
2014.12.30 11:25:16.076,1.48881,1.48901,1.00,1.19
2014.12.30 11:25:17.101,1.48881,1.48901,1.00,1.19
2014.12.30 11:25:18.116,1.48881,1.48901,1.00,1.25
2014.12.30 11:25:19.697,1.48881,1.48901,1.87,1.00
2014.12.30 11:25:19.900,1.48887,1.48908,1.00,1.91
2014.12.30 11:25:20.153,1.48887,1.48907,1.37,1.19
2014.12.30 11:25:20.457,1.48888,1.48911,1.50,1.69
2014.12.30 11:25:20.508,1.48892,1.48911,1.50,1.69
2014.12.30 11:25:20.610,1.48894,1.48916,1.75,1.84
2014.12.30 11:25:22.209,1.48897,1.48917,1.12,1.56
2014.12.30 11:25:22.722,1.48897,1.48917,1.37,1.56
2014.12.30 11:25:23.428,1.48897,1.48917,1.37,1.56
2014.12.30 11:25:25.120,1.48897,1.48917,1.37,1.31
2014.12.30 11:25:26.129,1.48897,1.48917,1.87,1.31
2014.12.30 11:25:28.150,1.48897,1.48917,1.87,1.31
2014.12.30 11:25:30.090,1.489,1.48917,1.00,1.31
2014.12.30 11:25:30.141,1.489,1.48917,1.00,1.31
2014.12.30 11:25:31.125,1.489,1.48921,1.00,1.56
2014.12.30 11:25:32.157,1.489,1.48921,1.87,1.31
2014.12.30 11:25:34.856,1.489,1.48921,1.87,1.56
2014.12.30 11:25:36.132,1.489,1.48921,1.87,1.56
2014.12.30 11:25:36.849,1.489,1.48921,1.50,1.56
2014.12.30 11:25:37.361,1.48899,1.48922,2.25,1.56
2014.12.30 11:25:38.130,1.48899,1.48922,2.25,1.56
2014.12.30 11:25:39.146,1.48901,1.48922,1.00,1.56
2014.12.30 11:25:40.165,1.48901,1.48922,1.00,2.06
2014.12.30 11:25:42.149,1.48901,1.48922,1.12,2.06
2014.12.30 11:25:43.253,1.48901,1.48922,2.25,1.56
2014.12.30 11:25:44.276,1.48903,1.48922,1.37,1.62
2014.12.30 11:25:44.809,1.48903,1.48922,1.37,1.25
2014.12.30 11:25:44.962,1.48906,1.48924,1.12,1.25
2014.12.30 11:25:45.013,1.48906,1.48924,1.75,1.25
2014.12.30 11:25:45.166,1.48909,1.48929,1.00,1.31
2014.12.30 11:25:45.217,1.48909,1.48929,1.87,1.31
2014.12.30 11:25:47.266,1.48912,1.48935,1.50,2.06
2014.12.30 11:25:48.300,1.48912,1.48935,2.25,2.06
2014.12.30 11:25:49.292,1.48912,1.48935,2.25,2.06
2014.12.30 11:25:50.295,1.48912,1.48935,2.25,2.06
2014.12.30 11:25:51.267,1.48912,1.48935,2.25,2.06
2014.12.30 11:25:52.280,1.48912,1.48935,2.25,2.06
2014.12.30 11:25:53.266,1.48912,1.48935,2.25,2.06
2014.12.30 11:25:56.315,1.48912,1.48935,2.25,2.06
2014.12.30 11:25:57.308,1.48912,1.48935,2.25,2.06
2014.12.30 11:25:59.146,1.48914,1.48936,1.00,1.56
2014.12.30 11:26:00.296,1.48914,1.48936,1.00,1.56
2014.12.30 11:26:00.582,1.48914,1.48936,1.87,1.19
2014.12.30 11:26:00.684,1.48919,1.48936,1.37,1.00
2014.12.30 11:26:00.887,1.48927,1.48944,1.00,1.29
2014.12.30 11:26:01.812,1.48927,1.48948,1.50,1.19
2014.12.30 11:26:02.796,1.48927,1.48948,1.87,1.56
2014.12.30 11:26:03.152,1.48927,1.48948,1.50,1.19
2014.12.30 11:26:03.828,1.48927,1.48948,1.50,1.56
2014.12.30 11:26:04.798,1.48927,1.48948,1.50,1.56
2014.12.30 11:26:06.064,1.48928,1.48948,1.00,1.56
2014.12.30 11:26:08.222,1.48928,1.48948,1.00,1.56
2014.12.30 11:26:08.732,1.48928,1.48948,1.00,1.69
2014.12.30 11:26:11.310,1.48928,1.48948,1.00,1.56
2014.12.30 11:26:13.302,1.48928,1.48948,1.00,1.56
2014.12.30 11:26:15.306,1.48928,1.48948,1.00,1.19
2014.12.30 11:26:15.840,1.48927,1.48948,1.00,1.31
2014.12.30 11:26:16.861,1.48927,1.48945,1.00,1.19
2014.12.30 11:26:17.621,1.48927,1.48947,1.00,1.19
2014.12.30 11:26:17.824,1.4893,1.48947,1.00,1.19
2014.12.30 11:26:18.634,1.4893,1.4895,1.00,1.31
2014.12.30 11:26:19.648,1.4893,1.4895,1.37,1.31
2014.12.30 11:26:20.627,1.4893,1.4895,1.37,1.31
2014.12.30 11:26:21.629,1.4893,1.48951,1.00,1.56
2014.12.30 11:26:22.179,1.4893,1.48951,1.37,1.31
2014.12.30 11:26:22.657,1.4893,1.48951,1.37,1.31
2014.12.30 11:26:22.708,1.4893,1.48951,1.37,1.19
2014.12.30 11:26:23.468,1.48931,1.48954,1.37,2.06
2014.12.30 11:26:23.519,1.48931,1.48954,1.37,2.06
2014.12.30 11:26:24.435,1.48933,1.48954,1.37,1.19
2014.12.30 11:26:24.486,1.48933,1.48954,1.12,1.19
2014.12.30 11:26:30.579,1.48933,1.48954,1.12,1.56
2014.12.30 11:26:35.580,1.48933,1.48954,1.12,1.56
2014.12.30 11:26:36.558,1.48933,1.48954,1.00,1.56
2014.12.30 11:26:37.581,1.48933,1.48954,1.00,1.56
2014.12.30 11:26:38.572,1.48933,1.48954,1.12,1.56
2014.12.30 11:26:39.406,1.48931,1.48952,1.00,2.06
2014.12.30 11:26:39.811,1.4893,1.48951,1.00,1.56
2014.12.30 11:26:40.794,1.4893,1.48949,1.00,1.19
2014.12.30 11:26:41.780,1.4893,1.4895,1.00,1.31
2014.12.30 11:26:42.084,1.48927,1.48947,1.00,1.69
2014.12.30 11:26:42.237,1.48925,1.48942,1.00,1.31
2014.12.30 11:26:42.599,1.48922,1.48942,1.12,1.31
2014.12.30 11:26:42.701,1.48922,1.4894,1.12,1.00
2014.12.30 11:26:43.206,1.48922,1.4894,1.12,1.19
2014.12.30 11:26:44.212,1.48922,1.4894,1.00,1.25
2014.12.30 11:26:45.366,1.48922,1.48942,1.37,1.19
2014.12.30 11:26:45.417,1.48922,1.48942,1.37,1.00
2014.12.30 11:26:45.934,1.48927,1.48946,1.00,1.31
2014.12.30 11:26:46.409,1.48927,1.48946,1.00,1.25
2014.12.30 11:26:47.162,1.48927,1.48948,1.37,1.19
2014.12.30 11:26:47.517,1.48927,1.48948,1.00,1.25
2014.12.30 11:26:48.489,1.48928,1.48948,1.00,1.25
2014.12.30 11:26:49.417,1.48928,1.48948,1.00,1.62
2014.12.30 11:26:52.498,1.4893,1.48948,1.00,1.62
2014.12.30 11:26:58.019,1.4893,1.48949,1.00,1.31
2014.12.30 11:26:58.584,1.4893,1.48949,1.00,1.31
2014.12.30 11:27:00.785,1.4893,1.48949,1.00,1.91
2014.12.30 11:27:00.836,1.4893,1.48947,1.00,1.49
2014.12.30 11:27:00.938,1.48928,1.48947,1.00,1.16
2014.12.30 11:27:01.039,1.48925,1.48946,1.00,1.31
2014.12.30 11:27:01.090,1.48925,1.48942,1.00,1.00
2014.12.30 11:27:01.191,1.48922,1.48941,1.12,1.00
2014.12.30 11:27:02.212,1.48922,1.48941,1.37,1.00
2014.12.30 11:27:06.846,1.4892,1.48941,2.62,1.00
2014.12.30 11:27:06.897,1.48925,1.48943,1.37,1.00
2014.12.30 11:27:07.049,1.48924,1.48943,1.00,1.00
2014.12.30 11:27:07.100,1.48921,1.48943,1.50,1.00
2014.12.30 11:27:07.607,1.4892,1.48942,1.00,1.35
2014.12.30 11:27:08.034,1.4892,1.48942,1.37,1.54
2014.12.30 11:27:08.136,1.48917,1.48936,1.50,1.16
2014.12.30 11:27:08.238,1.48914,1.48937,2.62,1.56
2014.12.30 11:27:08.391,1.48913,1.48934,1.37,1.31
2014.12.30 11:27:08.897,1.48913,1.48934,1.87,1.00
2014.12.30 11:27:10.799,1.48913,1.48934,1.87,1.00
2014.12.30 11:27:11.002,1.48913,1.48936,1.87,1.69
2014.12.30 11:27:15.285,1.48914,1.48936,1.50,1.69
2014.12.30 11:27:15.992,1.48914,1.48936,1.50,1.69
2014.12.30 11:27:16.943,1.48913,1.48936,2.62,1.69
2014.12.30 11:27:17.486,1.48913,1.48936,2.62,1.69
2014.12.30 11:27:17.955,1.48913,1.48936,2.62,1.69
2014.12.30 11:27:18.259,1.48913,1.48936,2.62,1.69
2014.12.30 11:27:20.075,1.48913,1.48936,2.62,2.06
2014.12.30 11:27:21.088,1.48913,1.48936,2.62,2.06
2014.12.30 11:27:22.052,1.48913,1.48936,2.62,2.06
2014.12.30 11:27:23.078,1.48913,1.48936,2.62,2.06
2014.12.30 11:27:23.130,1.48913,1.48936,1.50,2.06
2014.12.30 11:27:23.180,1.48913,1.4893,1.37,1.19
2014.12.30 11:27:23.484,1.4891,1.48927,1.37,1.00
2014.12.30 11:27:24.523,1.4891,1.48927,1.37,1.00
2014.12.30 11:27:25.100,1.48909,1.48927,1.37,1.00
2014.12.30 11:27:26.473,1.48909,1.48928,1.37,1.00
2014.12.30 11:27:26.726,1.48909,1.48926,1.37,1.00
2014.12.30 11:27:26.828,1.48909,1.4893,1.37,1.69
2014.12.30 11:27:26.879,1.48909,1.4893,1.62,1.50
2014.12.30 11:27:27.031,1.48913,1.48932,1.37,1.69
2014.12.30 11:27:27.582,1.48913,1.48934,1.87,1.50
2014.12.30 11:27:31.690,1.48913,1.48934,1.87,1.69
2014.12.30 11:27:32.712,1.48916,1.48934,1.37,1.00
2014.12.30 11:27:40.699,1.48915,1.48934,1.50,1.00
2014.12.30 11:27:41.729,1.48915,1.48934,1.12,1.25
2014.12.30 11:27:43.642,1.48915,1.48934,1.00,1.19
2014.12.30 11:27:44.948,1.48913,1.48934,1.00,1.19
2014.12.30 11:27:45.050,1.48918,1.48934,1.00,1.00
2014.12.30 11:27:45.101,1.48918,1.48936,1.12,1.50
2014.12.30 11:27:45.152,1.48922,1.48936,1.00,1.00
2014.12.30 11:27:45.203,1.48922,1.48943,1.12,1.19
2014.12.30 11:27:45.557,1.48934,1.48943,1.00,1.19
2014.12.30 11:27:45.608,1.48934,1.48945,1.00,1.00
2014.12.30 11:27:45.660,1.48926,1.48946,2.06,1.00
2014.12.30 11:27:45.711,1.48929,1.48946,1.75,1.00
2014.12.30 11:27:45.812,1.48926,1.48949,1.87,1.69
2014.12.30 11:27:46.000,1.48924,1.48944,1.37,1.19
2014.12.30 11:27:46.051,1.48923,1.48944,1.00,1.19
2014.12.30 11:27:52.244,1.48923,1.48943,1.37,1.00
2014.12.30 11:27:52.396,1.48923,1.48943,1.12,1.00
2014.12.30 11:27:52.908,1.48924,1.48943,1.00,1.00
2014.12.30 11:27:55.278,1.48928,1.48943,1.00,1.00
2014.12.30 11:27:55.380,1.48925,1.48944,1.00,1.00
2014.12.30 11:27:55.532,1.48925,1.48947,1.00,1.50
2014.12.30 11:27:56.277,1.48925,1.48947,1.00,1.69
2014.12.30 11:28:04.343,1.48925,1.48945,1.00,1.19
2014.12.30 11:28:10.955,1.48925,1.48945,1.00,1.25
2014.12.30 11:28:12.020,1.48925,1.48944,1.00,1.00
2014.12.30 11:28:17.615,1.48924,1.48944,1.00,1.25
2014.12.30 11:28:17.919,1.48922,1.48938,1.37,1.25
2014.12.30 11:28:18.023,1.4892,1.48939,1.00,1.00
2014.12.30 11:28:18.329,1.48924,1.48941,1.00,1.00
2014.12.30 11:28:18.633,1.48924,1.48944,1.00,1.19
2014.12.30 11:28:19.292,1.48924,1.48944,1.00,1.00
2014.12.30 11:28:19.748,1.48922,1.48944,1.00,1.00
2014.12.30 11:28:19.799,1.48921,1.48942,1.00,1.19
2014.12.30 11:28:20.102,1.48918,1.48937,1.00,1.00
2014.12.30 11:28:22.573,1.48918,1.48935,1.00,1.00
2014.12.30 11:28:22.776,1.48918,1.48937,1.12,1.00
2014.12.30 11:28:23.960,1.48924,1.48937,1.00,1.00
2014.12.30 11:28:24.011,1.48924,1.48942,1.12,1.00
2014.12.30 11:28:24.113,1.48924,1.48946,1.87,1.00
2014.12.30 11:28:24.163,1.48927,1.48946,1.00,1.00
2014.12.30 11:28:24.669,1.48927,1.48947,1.00,1.50
2014.12.30 11:28:24.923,1.48929,1.4895,1.00,1.69
2014.12.30 11:28:25.159,1.48931,1.4895,1.00,1.25
2014.12.30 11:28:28.088,1.48932,1.4895,1.00,1.00
2014.12.30 11:28:29.316,1.48932,1.48954,1.50,1.25
2014.12.30 11:28:34.374,1.48932,1.48952,1.50,1.00
2014.12.30 11:28:34.678,1.4893,1.48949,1.00,1.00
2014.12.30 11:28:35.472,1.48932,1.48949,1.00,1.00
2014.12.30 11:28:35.992,1.48932,1.4895,1.00,1.00
2014.12.30 11:28:36.786,1.4893,1.48948,1.00,1.00
2014.12.30 11:28:36.924,1.48927,1.48947,1.00,1.50
2014.12.30 11:28:37.083,1.48927,1.48945,1.00,1.00
2014.12.30 11:28:38.763,1.4893,1.48945,1.00,1.00
2014.12.30 11:28:38.865,1.4893,1.4895,1.00,1.00
2014.12.30 11:28:39.068,1.48933,1.4895,1.00,1.00
2014.12.30 11:28:39.593,1.48933,1.48951,1.00,1.00
2014.12.30 11:28:40.155,1.48933,1.48953,1.00,1.00
2014.12.30 11:28:45.465,1.48933,1.48948,1.00,1.00
2014.12.30 11:28:45.567,1.48931,1.48948,1.00,1.12
2014.12.30 11:28:45.669,1.48926,1.48947,1.12,1.37
2014.12.30 11:28:45.720,1.48926,1.48944,1.00,1.00
2014.12.30 11:28:45.770,1.48923,1.48944,1.50,1.69
2014.12.30 11:28:46.293,1.48923,1.48942,1.50,1.00
2014.12.30 11:28:47.554,1.48925,1.48942,1.00,1.00
2014.12.30 11:28:54.733,1.48925,1.48943,1.00,1.25
2014.12.30 11:28:58.219,1.48927,1.48943,1.00,1.25
2014.12.30 11:29:08.681,1.48927,1.48946,1.00,1.19
2014.12.30 11:29:09.877,1.48927,1.48946,1.00,1.25
2014.12.30 11:29:10.787,1.48927,1.48944,1.00,1.00
2014.12.30 11:29:11.337,1.48927,1.48944,1.00,1.19
2014.12.30 11:29:11.889,1.48927,1.48944,1.00,1.25
2014.12.30 11:29:15.835,1.48924,1.48945,1.00,3.04
2014.12.30 11:29:15.938,1.48922,1.48942,1.00,1.79
2014.12.30 11:29:16.242,1.4892,1.48939,1.00,1.00
2014.12.30 11:29:16.394,1.4892,1.48939,1.00,1.60
2014.12.30 11:29:16.597,1.48917,1.48939,1.87,2.10
2014.12.30 11:29:19.085,1.48918,1.48939,1.00,1.79
2014.12.30 11:29:24.401,1.48918,1.48937,1.00,1.00
2014.12.30 11:29:25.727,1.48917,1.48937,1.87,1.00
2014.12.30 11:29:26.299,1.48917,1.48936,1.87,1.25
2014.12.30 11:29:27.055,1.48917,1.48934,1.87,1.00
2014.12.30 11:29:27.359,1.48921,1.48934,1.00,1.00
2014.12.30 11:29:34.768,1.48921,1.48936,1.00,1.79
2014.12.30 11:29:34.819,1.48915,1.48936,1.27,1.79
2014.12.30 11:29:34.870,1.48917,1.48932,1.00,2.85
2014.12.30 11:29:35.073,1.48917,1.48934,1.00,1.00
2014.12.30 11:29:35.175,1.48917,1.48931,1.00,1.00
2014.12.30 11:29:35.840,1.48917,1.48932,1.00,1.00
2014.12.30 11:29:39.352,1.48917,1.48934,1.00,1.00
2014.12.30 11:29:44.466,1.48919,1.48934,1.00,1.00
2014.12.30 11:29:49.832,1.48919,1.48934,1.37,1.00
2014.12.30 11:29:50.035,1.48926,1.48944,1.50,1.00
2014.12.30 11:29:50.137,1.48929,1.48944,1.00,1.00
2014.12.30 11:29:50.188,1.48929,1.48946,1.00,1.00
2014.12.30 11:29:52.225,1.48929,1.48945,1.00,1.00
2014.12.30 11:29:54.134,1.48929,1.48947,1.00,2.10
2014.12.30 11:29:54.347,1.48928,1.48944,1.00,1.60
2014.12.30 11:30:01.236,1.48928,1.48945,1.12,1.00
2014.12.30 11:30:01.287,1.48928,1.48947,1.12,1.00
2014.12.30 11:30:01.811,1.48929,1.48949,1.00,1.60
2014.12.30 11:30:03.544,1.48929,1.48947,1.00,2.10
2014.12.30 11:30:03.797,1.48923,1.4894,1.50,2.10
2014.12.30 11:30:03.899,1.48923,1.48941,1.00,1.25
2014.12.30 11:30:04.405,1.48922,1.48942,1.00,1.56
2014.12.30 11:30:05.697,1.48922,1.48942,1.00,1.00
2014.12.30 11:30:12.714,1.48922,1.48943,1.50,1.00
2014.12.30 11:30:13.612,1.48926,1.48943,1.00,1.00
2014.12.30 11:30:13.815,1.48927,1.48947,1.37,1.00
2014.12.30 11:30:14.353,1.48929,1.48947,1.12,1.00
2014.12.30 11:30:14.917,1.48929,1.48945,1.12,1.00
2014.12.30 11:30:15.491,1.48929,1.48944,1.12,1.00
2014.12.30 11:30:22.583,1.48929,1.48949,2.25,1.00
2014.12.30 11:30:22.633,1.48935,1.48949,1.00,1.00
2014.12.30 11:30:26.871,1.48935,1.48951,1.00,1.00
2014.12.30 11:30:26.972,1.48933,1.48951,1.12,1.19
2014.12.30 11:30:27.073,1.48935,1.48951,1.00,1.56
2014.12.30 11:30:27.428,1.48929,1.48946,1.00,1.00
2014.12.30 11:30:27.860,1.48929,1.48948,1.00,1.25
2014.12.30 11:30:28.379,1.48929,1.48948,1.00,1.19
2014.12.30 11:30:30.290,1.48931,1.48948,1.00,1.19
2014.12.30 11:30:30.594,1.48934,1.48949,1.00,1.19
2014.12.30 11:30:31.092,1.48934,1.48949,1.00,1.25
2014.12.30 11:30:32.053,1.48934,1.48949,1.00,1.19
2014.12.30 11:30:32.568,1.48934,1.4895,1.00,1.00
2014.12.30 11:30:34.992,1.48932,1.4895,1.00,1.19
2014.12.30 11:30:36.065,1.48932,1.48949,1.00,1.25
2014.12.30 11:30:37.079,1.48932,1.48949,1.00,1.19
2014.12.30 11:30:37.233,1.48928,1.48945,1.00,1.19
2014.12.30 11:30:37.334,1.48924,1.48945,1.00,1.19
2014.12.30 11:30:37.386,1.48924,1.48945,1.00,1.19
2014.12.30 11:30:38.409,1.48924,1.48944,1.00,1.19
2014.12.30 11:30:38.932,1.48924,1.48945,1.37,1.69
2014.12.30 11:30:39.438,1.48924,1.48945,1.37,1.19
2014.12.30 11:30:41.751,1.48924,1.48945,1.37,1.19
2014.12.30 11:30:42.408,1.48924,1.48945,1.37,1.19
2014.12.30 11:30:42.929,1.48924,1.48943,1.37,1.00
2014.12.30 11:30:43.738,1.48924,1.48933,1.00,2.10
2014.12.30 11:30:43.790,1.48918,1.48933,1.00,2.10
2014.12.30 11:30:43.841,1.48917,1.48931,1.50,1.00
2014.12.30 11:30:44.145,1.48915,1.48928,1.37,1.00
2014.12.30 11:30:44.815,1.48915,1.48931,1.37,1.00
2014.12.30 11:30:44.866,1.48915,1.48931,1.37,1.00
2014.12.30 11:30:44.917,1.48915,1.48934,1.37,1.00
2014.12.30 11:30:45.726,1.48919,1.48933,1.37,1.00
2014.12.30 11:30:46.670,1.48919,1.48935,1.37,1.00
2014.12.30 11:30:46.822,1.48921,1.48938,2.25,1.00
2014.12.30 11:30:46.923,1.48926,1.4894,1.37,1.00
2014.12.30 11:30:47.429,1.48928,1.48941,1.00,1.00
2014.12.30 11:30:47.683,1.48928,1.48943,1.00,1.00
2014.12.30 11:30:47.991,1.48928,1.48941,1.00,1.00
2014.12.30 11:30:52.016,1.48928,1.48943,1.00,1.00
2014.12.30 11:30:55.573,1.48928,1.48943,1.75,1.00
2014.12.30 11:30:57.905,1.48928,1.48951,1.75,1.74
2014.12.30 11:30:58.453,1.48928,1.48951,1.75,1.74
2014.12.30 11:31:04.831,1.48931,1.48954,1.00,1.76
2014.12.30 11:31:06.046,1.48931,1.48953,1.00,1.71
2014.12.30 11:31:07.036,1.48931,1.48952,1.00,1.71
2014.12.30 11:31:09.326,1.48933,1.48952,1.00,1.71
2014.12.30 11:31:09.630,1.48949,1.4896,1.37,1.00
2014.12.30 11:31:09.681,1.48954,1.48969,1.00,1.00
2014.12.30 11:31:09.732,1.48954,1.48969,1.37,1.00
2014.12.30 11:31:09.784,1.48956,1.48978,1.75,2.44
2014.12.30 11:31:09.937,1.48956,1.4898,1.75,1.39
2014.12.30 11:31:11.865,1.48958,1.48979,1.50,1.66
2014.12.30 11:31:14.711,1.48958,1.48979,1.00,1.66
2014.12.30 11:31:14.813,1.4896,1.48981,1.00,1.71
2014.12.30 11:31:15.320,1.4896,1.48981,1.00,1.71
2014.12.30 11:31:15.845,1.4896,1.48981,1.00,1.71
2014.12.30 11:31:16.870,1.4896,1.48981,1.00,1.71
2014.12.30 11:31:17.849,1.4896,1.48981,1.00,1.71
2014.12.30 11:31:18.865,1.4896,1.48981,1.00,1.71
2014.12.30 11:31:19.852,1.4896,1.48981,1.00,1.71
2014.12.30 11:31:24.260,1.4896,1.48981,1.00,1.19
2014.12.30 11:31:25.293,1.4896,1.48981,1.00,1.56
2014.12.30 11:31:29.280,1.4896,1.48981,1.00,1.56
2014.12.30 11:31:29.790,1.4896,1.48981,1.50,1.19
2014.12.30 11:31:30.785,1.4896,1.48981,1.50,1.19
2014.12.30 11:31:32.297,1.48962,1.48985,1.00,1.56
2014.12.30 11:31:32.830,1.48962,1.48985,1.00,1.56
2014.12.30 11:31:33.780,1.48962,1.48985,1.00,1.31
2014.12.30 11:31:35.800,1.48962,1.48985,1.00,1.31
2014.12.30 11:31:36.802,1.48962,1.48985,1.00,1.31
2014.12.30 11:31:37.822,1.48962,1.48985,1.00,1.56
2014.12.30 11:31:41.877,1.48962,1.48985,1.00,1.56
2014.12.30 11:31:43.803,1.48962,1.48985,1.00,2.06
2014.12.30 11:31:46.015,1.48965,1.48983,1.00,1.56
2014.12.30 11:31:46.117,1.48959,1.4898,1.00,1.56
2014.12.30 11:31:46.218,1.48959,1.48977,1.00,1.56
2014.12.30 11:31:46.270,1.48957,1.48975,1.00,1.25
2014.12.30 11:31:46.321,1.48954,1.48975,1.12,1.25
2014.12.30 11:31:46.372,1.48954,1.48973,1.12,1.00
2014.12.30 11:31:46.576,1.48956,1.48979,1.00,2.44
2014.12.30 11:31:46.677,1.48955,1.48976,2.62,1.00
2014.12.30 11:31:48.096,1.48961,1.48982,1.00,1.46
2014.12.30 11:31:48.248,1.48961,1.48982,1.00,1.19
2014.12.30 11:31:50.233,1.48961,1.48982,1.00,1.25
2014.12.30 11:31:51.628,1.48961,1.48983,1.00,2.44
2014.12.30 11:31:51.730,1.48957,1.48976,1.00,1.56
2014.12.30 11:31:51.831,1.48953,1.48976,1.37,1.56
2014.12.30 11:31:52.339,1.48952,1.48973,1.37,1.00
2014.12.30 11:31:55.464,1.48952,1.48973,1.37,1.00
2014.12.30 11:31:56.331,1.48952,1.48973,1.00,1.12
2014.12.30 11:31:56.584,1.4895,1.48971,2.06,1.00
2014.12.30 11:31:57.127,1.4895,1.48971,1.87,1.00
2014.12.30 11:31:59.553,1.48948,1.48968,1.12,1.31
2014.12.30 11:31:59.806,1.48945,1.48965,1.37,1.00
2014.12.30 11:31:59.908,1.48944,1.48963,1.87,1.00
2014.12.30 11:32:00.329,1.4894,1.48962,1.00,1.00
2014.12.30 11:32:00.851,1.48939,1.48962,2.81,1.00
2014.12.30 11:32:02.692,1.48939,1.48962,1.87,1.62
2014.12.30 11:32:02.794,1.48939,1.48962,1.00,2.06
2014.12.30 11:32:03.300,1.48938,1.48959,1.00,1.25
2014.12.30 11:32:05.974,1.48938,1.48959,1.00,1.31
2014.12.30 11:32:07.002,1.48938,1.48959,1.00,1.25
2014.12.30 11:32:08.968,1.48938,1.48959,1.00,1.19
2014.12.30 11:32:10.016,1.48938,1.48959,1.00,1.25
2014.12.30 11:32:12.354,1.48938,1.48959,1.50,1.62
2014.12.30 11:32:17.690,1.48938,1.48959,1.69,1.37
2014.12.30 11:32:18.027,1.4894,1.48959,1.00,1.00
2014.12.30 11:32:18.129,1.48941,1.48962,1.00,1.56
2014.12.30 11:32:20.949,1.4894,1.48962,1.00,1.37
2014.12.30 11:32:21.481,1.4894,1.48962,1.00,1.37
2014.12.30 11:32:22.601,1.4894,1.48962,1.00,1.62
2014.12.30 11:32:23.174,1.4894,1.4896,1.00,1.37
2014.12.30 11:32:32.488,1.48938,1.48958,1.00,1.12
2014.12.30 11:32:50.404,1.48938,1.4896,1.37,1.56
2014.12.30 11:32:54.385,1.4894,1.48962,2.25,1.56
2014.12.30 11:32:55.722,1.48941,1.48964,1.00,1.76
2014.12.30 11:32:56.223,1.4894,1.48963,1.87,1.56
2014.12.30 11:32:56.814,1.4894,1.48963,1.87,1.56
2014.12.30 11:33:04.237,1.4894,1.48963,1.87,1.56
2014.12.30 11:33:09.570,1.4894,1.4896,1.12,1.12
2014.12.30 11:33:09.722,1.4894,1.4896,1.50,1.12
2014.12.30 11:33:10.546,1.4894,1.4896,1.50,1.37
2014.12.30 11:33:11.719,1.4894,1.4896,1.50,1.37
2014.12.30 11:33:11.871,1.48942,1.4896,1.37,1.00
2014.12.30 11:33:12.469,1.48942,1.48962,1.37,1.62
2014.12.30 11:33:13.577,1.48942,1.48962,1.37,1.62
2014.12.30 11:33:15.719,1.48943,1.48963,1.37,1.37
2014.12.30 11:33:16.264,1.48943,1.48963,1.37,1.37
2014.12.30 11:33:18.167,1.48943,1.48964,1.87,1.37
2014.12.30 11:33:24.593,1.48943,1.48964,1.87,1.37
2014.12.30 11:33:24.695,1.48943,1.48964,1.87,1.37
2014.12.30 11:33:33.486,1.48943,1.48964,1.50,1.62
2014.12.30 11:33:34.756,1.48943,1.48964,1.50,1.31
2014.12.30 11:33:39.575,1.48944,1.48964,1.00,1.31
2014.12.30 11:33:41.853,1.48945,1.48968,1.00,1.66
2014.12.30 11:33:44.708,1.48945,1.48968,1.00,1.29
2014.12.30 11:33:45.315,1.48945,1.48968,1.00,1.01
2014.12.30 11:33:58.285,1.48945,1.48968,1.50,1.29
2014.12.30 11:33:59.397,1.48945,1.48968,1.87,1.29
2014.12.30 11:34:00.389,1.48945,1.48968,1.87,1.29
2014.12.30 11:34:01.391,1.48945,1.48968,1.87,1.01
2014.12.30 11:34:06.400,1.48945,1.48968,1.87,1.29
2014.12.30 11:34:07.402,1.48945,1.48968,1.87,1.29
2014.12.30 11:34:08.417,1.48945,1.48968,1.87,1.29
2014.12.30 11:34:09.092,1.48945,1.48968,2.25,1.29
2014.12.30 11:34:09.405,1.48945,1.48968,2.25,1.29
2014.12.30 11:34:10.407,1.48945,1.48968,2.25,1.29
2014.12.30 11:34:10.911,1.48945,1.48965,1.50,1.00
2014.12.30 11:34:17.098,1.48947,1.48965,1.00,1.00
2014.12.30 11:34:26.543,1.48947,1.48965,1.00,1.19
2014.12.30 11:34:27.076,1.48946,1.48965,1.12,1.19
2014.12.30 11:34:27.619,1.48946,1.48965,1.12,1.19
2014.12.30 11:34:29.544,1.48946,1.48965,1.00,1.25
2014.12.30 11:34:31.125,1.48946,1.48964,1.00,1.00
2014.12.30 11:34:31.648,1.48946,1.48964,1.00,1.19
2014.12.30 11:34:34.554,1.48946,1.48964,1.00,1.25
2014.12.30 11:34:38.560,1.48946,1.48964,1.00,1.19
2014.12.30 11:34:39.562,1.48946,1.48964,1.00,1.25
2014.12.30 11:34:40.564,1.48946,1.48964,1.00,1.19
2014.12.30 11:34:41.615,1.48946,1.48964,1.00,1.25
2014.12.30 11:34:48.612,1.48946,1.48964,1.12,1.19
2014.12.30 11:34:57.586,1.48944,1.48963,1.50,1.00
2014.12.30 11:34:57.637,1.48944,1.48963,1.50,1.19
2014.12.30 11:34:57.687,1.48942,1.48963,1.12,1.19
2014.12.30 11:34:57.738,1.48944,1.48965,1.00,1.19
2014.12.30 11:34:58.042,1.48944,1.4896,1.37,1.00
2014.12.30 11:34:58.587,1.48944,1.48963,1.37,1.19
2014.12.30 11:34:58.943,1.48944,1.48963,1.37,1.25
2014.12.30 11:35:01.939,1.48944,1.48965,1.37,1.69
2014.12.30 11:35:04.618,1.48944,1.48965,1.37,1.69
2014.12.30 11:35:05.856,1.48944,1.48965,1.37,1.25
2014.12.30 11:35:06.423,1.48945,1.48966,1.37,1.25
2014.12.30 11:35:06.930,1.48945,1.48966,1.37,1.19
2014.12.30 11:35:07.440,1.48945,1.48966,1.62,1.00
2014.12.30 11:35:07.491,1.48945,1.48966,1.62,1.00
2014.12.30 11:35:07.745,1.48947,1.4897,1.37,1.19
2014.12.30 11:35:09.328,1.48947,1.4897,1.37,1.19
2014.12.30 11:35:10.382,1.48947,1.4897,1.37,1.19
2014.12.30 11:35:11.130,1.48947,1.48964,1.37,1.00
2014.12.30 11:35:13.134,1.48947,1.48964,1.37,1.00
2014.12.30 11:35:13.899,1.48946,1.48964,1.37,1.00
2014.12.30 11:35:18.498,1.48945,1.48964,1.37,1.00
2014.12.30 11:35:18.801,1.48945,1.48958,1.37,1.00
2014.12.30 11:35:18.852,1.48945,1.48958,1.00,1.00
2014.12.30 11:35:18.903,1.48941,1.48958,1.37,1.00
2014.12.30 11:35:19.158,1.48938,1.48958,1.37,1.00
2014.12.30 11:35:21.931,1.48939,1.48958,1.87,1.00
2014.12.30 11:35:23.856,1.48942,1.48956,1.37,1.00
2014.12.30 11:35:23.907,1.48942,1.48956,1.37,1.00
2014.12.30 11:35:24.659,1.4894,1.48961,1.87,1.00
2014.12.30 11:35:25.236,1.4894,1.48961,1.87,1.19
2014.12.30 11:35:29.993,1.4894,1.48963,1.87,1.19
2014.12.30 11:35:30.975,1.4894,1.48963,1.87,1.25
2014.12.30 11:35:31.587,1.48942,1.48963,1.12,1.25
2014.12.30 11:35:43.257,1.48944,1.48963,1.00,1.00
2014.12.30 11:35:43.852,1.48944,1.48962,1.00,1.00
2014.12.30 11:35:44.004,1.4894,1.48961,1.00,1.00
2014.12.30 11:35:44.106,1.4894,1.4896,1.00,1.19
2014.12.30 11:35:44.157,1.48938,1.4896,1.00,1.19
2014.12.30 11:35:44.208,1.48938,1.48956,1.00,1.19
2014.12.30 11:35:44.411,1.48934,1.48955,1.00,1.19
2014.12.30 11:35:45.402,1.48934,1.48955,1.37,1.19
2014.12.30 11:35:45.452,1.48934,1.48955,1.37,1.00
2014.12.30 11:35:45.503,1.48939,1.48956,1.00,1.00
2014.12.30 11:35:45.554,1.48939,1.4896,1.00,1.00
2014.12.30 11:35:45.605,1.48942,1.48963,1.00,2.44
2014.12.30 11:35:45.909,1.48944,1.48966,1.50,1.19
2014.12.30 11:35:46.939,1.48944,1.48966,1.00,1.19
2014.12.30 11:35:47.913,1.48944,1.48966,1.00,1.19
2014.12.30 11:35:50.919,1.48944,1.48967,1.00,1.69
2014.12.30 11:35:51.924,1.48944,1.48967,1.00,1.69
2014.12.30 11:35:53.957,1.48944,1.48967,1.00,2.44
2014.12.30 11:35:55.964,1.48944,1.48967,1.00,2.25
2014.12.30 11:35:57.090,1.48944,1.48965,1.00,1.00
2014.12.30 11:35:57.394,1.48939,1.48962,1.00,1.19
2014.12.30 11:35:57.898,1.48939,1.48959,1.00,1.00
2014.12.30 11:35:58.203,1.48937,1.48957,1.00,1.25
2014.12.30 11:35:58.507,1.48935,1.48956,1.50,1.19
2014.12.30 11:35:59.059,1.48935,1.48954,1.00,1.00
2014.12.30 11:35:59.565,1.48934,1.48953,1.00,1.00
2014.12.30 11:36:00.114,1.48934,1.48954,1.00,1.25
2014.12.30 11:36:00.436,1.48934,1.48954,1.00,1.19
2014.12.30 11:36:01.657,1.48934,1.48954,1.00,1.19
2014.12.30 11:36:02.788,1.48934,1.48954,1.00,1.00
2014.12.30 11:36:03.093,1.48933,1.48953,1.00,1.31
2014.12.30 11:36:03.397,1.48931,1.48951,1.00,1.19
2014.12.30 11:36:03.448,1.48927,1.48948,1.00,1.19
2014.12.30 11:36:05.023,1.48929,1.48946,1.00,1.25
2014.12.30 11:36:05.378,1.48931,1.48947,1.00,1.00
2014.12.30 11:36:11.955,1.4893,1.48943,1.00,1.00
2014.12.30 11:36:12.159,1.48927,1.48943,1.19,1.00
2014.12.30 11:36:12.210,1.48925,1.48943,1.00,1.00
2014.12.30 11:36:13.439,1.48925,1.48947,1.00,1.00
2014.12.30 11:36:13.908,1.48927,1.48947,1.50,1.00
2014.12.30 11:36:14.213,1.48931,1.48949,1.00,1.00
2014.12.30 11:36:14.415,1.4893,1.48951,1.12,1.00
2014.12.30 11:36:14.568,1.4893,1.48948,1.00,1.00
2014.12.30 11:36:14.720,1.48926,1.48947,1.00,1.25
2014.12.30 11:36:15.524,1.48924,1.48945,2.25,1.00
2014.12.30 11:36:16.089,1.48924,1.48945,2.25,1.19
2014.12.30 11:36:16.549,1.48924,1.48945,1.00,2.44
2014.12.30 11:36:16.802,1.48921,1.4894,1.50,1.00
2014.12.30 11:36:18.445,1.48919,1.4894,2.14,1.00
2014.12.30 11:36:18.839,1.48917,1.48937,1.54,1.25
2014.12.30 11:36:18.942,1.48916,1.48937,1.50,1.69
2014.12.30 11:36:19.044,1.48913,1.48933,1.00,1.00
2014.12.30 11:36:19.247,1.48911,1.48933,1.00,1.19
2014.12.30 11:36:19.451,1.4891,1.48933,1.50,1.19
2014.12.30 11:36:19.957,1.48909,1.4893,1.12,1.25
2014.12.30 11:36:21.515,1.4891,1.4893,1.00,1.25
2014.12.30 11:36:22.677,1.4891,1.48929,1.00,1.00
2014.12.30 11:36:26.632,1.4891,1.48931,1.00,1.00
2014.12.30 11:36:27.140,1.48911,1.48932,1.50,1.50
2014.12.30 11:36:27.935,1.48909,1.48931,1.00,1.25
2014.12.30 11:36:28.442,1.48907,1.4893,2.25,1.00
2014.12.30 11:36:28.996,1.48907,1.4893,2.25,1.19
2014.12.30 11:36:31.936,1.48907,1.4893,2.44,1.25
2014.12.30 11:36:34.994,1.48907,1.48923,2.44,1.00
2014.12.30 11:36:35.570,1.48908,1.48923,1.87,1.00
2014.12.30 11:36:40.032,1.48908,1.48923,1.31,1.00
2014.12.30 11:36:40.134,1.4892,1.48924,1.00,1.00
2014.12.30 11:36:40.345,1.48916,1.48924,1.00,1.00
2014.12.30 11:36:40.603,1.48914,1.48924,1.00,1.00
2014.12.30 11:36:41.143,1.48912,1.48924,1.00,1.00
2014.12.30 11:36:41.678,1.48913,1.48924,1.00,1.00
2014.12.30 11:36:43.095,1.48909,1.48924,1.00,1.00
2014.12.30 11:36:48.424,1.48908,1.48924,1.87,1.00
2014.12.30 11:36:50.009,1.48908,1.48924,1.87,1.00
2014.12.30 11:36:50.523,1.48908,1.48928,2.06,1.00
2014.12.30 11:36:50.932,1.48909,1.48925,1.12,1.00
2014.12.30 11:36:51.033,1.48909,1.48928,1.12,1.00
2014.12.30 11:36:51.752,1.48909,1.48927,1.87,1.00
2014.12.30 11:36:56.754,1.48909,1.48928,1.87,1.00
2014.12.30 11:36:56.957,1.48909,1.4893,1.12,1.69
2014.12.30 11:36:57.008,1.48912,1.4893,1.75,1.50
2014.12.30 11:36:57.160,1.48912,1.48931,1.37,1.00
2014.12.30 11:36:57.362,1.48917,1.48931,1.00,1.00
2014.12.30 11:36:57.717,1.48913,1.48931,1.37,1.00
2014.12.30 11:36:59.646,1.48913,1.48929,1.00,1.00
2014.12.30 11:37:00.158,1.48912,1.48929,1.00,1.00
2014.12.30 11:37:00.668,1.48912,1.48929,1.50,1.00
2014.12.30 11:37:02.610,1.48911,1.48929,1.87,1.00
2014.12.30 11:37:04.393,1.48908,1.48922,1.75,1.00
2014.12.30 11:37:04.647,1.48907,1.48922,1.00,1.00
2014.12.30 11:37:04.698,1.48907,1.48925,1.00,1.00
2014.12.30 11:37:05.305,1.48909,1.48925,1.00,1.00
2014.12.30 11:37:05.608,1.48911,1.48925,1.00,1.00
2014.12.30 11:37:06.235,1.48909,1.48925,1.00,1.00
2014.12.30 11:37:06.353,1.48907,1.48925,1.00,1.00
2014.12.30 11:37:06.875,1.48906,1.48925,1.50,1.00
2014.12.30 11:37:08.517,1.48909,1.48925,1.00,1.00
2014.12.30 11:37:08.619,1.48907,1.48925,1.00,1.00
2014.12.30 11:37:09.691,1.48907,1.48926,1.00,1.00
2014.12.30 11:37:09.792,1.48907,1.48923,1.00,1.00
2014.12.30 11:37:10.203,1.48905,1.4892,1.37,1.00
2014.12.30 11:37:19.713,1.48904,1.48922,1.37,1.00
2014.12.30 11:37:23.016,1.48904,1.48922,1.37,1.00
2014.12.30 11:37:25.017,1.48904,1.4892,1.37,1.00
2014.12.30 11:37:32.245,1.48905,1.48921,1.12,1.00
2014.12.30 11:37:39.747,1.48904,1.48922,1.37,1.50
2014.12.30 11:37:43.707,1.48905,1.48922,1.50,1.50
2014.12.30 11:37:43.861,1.4891,1.48929,1.37,1.50
2014.12.30 11:37:43.912,1.4891,1.48929,1.37,1.19
2014.12.30 11:37:44.215,1.48906,1.48923,1.00,1.00
2014.12.30 11:37:49.715,1.48904,1.48922,1.37,1.00
2014.12.30 11:37:51.533,1.48904,1.48921,1.37,1.00
2014.12.30 11:37:52.165,1.48904,1.48922,1.37,1.00
2014.12.30 11:37:53.334,1.48904,1.48924,1.37,1.25
2014.12.30 11:38:00.235,1.48904,1.48924,1.87,1.00
2014.12.30 11:38:00.540,1.48967,1.48981,1.56,1.50
2014.12.30 11:38:00.730,1.48976,1.48999,1.19,2.10
2014.12.30 11:38:00.785,1.48976,1.49,1.19,1.60
2014.12.30 11:38:00.836,1.48976,1.49,1.31,1.00
2014.12.30 11:38:00.888,1.48976,1.49002,2.06,1.00
2014.12.30 11:38:00.989,1.4898,1.49006,1.37,1.00
2014.12.30 11:38:01.293,1.48984,1.4901,1.56,1.00
2014.12.30 11:38:01.547,1.48989,1.49013,1.37,1.76
2014.12.30 11:38:01.648,1.48986,1.49013,1.37,1.76
2014.12.30 11:38:01.750,1.48986,1.49013,1.37,1.76
2014.12.30 11:38:02.054,1.48983,1.49008,1.37,1.19
2014.12.30 11:38:02.814,1.48983,1.49008,1.37,1.19
2014.12.30 11:38:02.967,1.48983,1.49008,1.37,1.19
2014.12.30 11:38:03.119,1.48983,1.49002,1.37,1.00
2014.12.30 11:38:03.422,1.48983,1.49002,1.37,1.00
2014.12.30 11:38:03.962,1.48987,1.49002,1.87,1.00
2014.12.30 11:38:04.013,1.48987,1.49007,1.87,1.00
2014.12.30 11:38:04.368,1.4899,1.49008,1.37,1.00
2014.12.30 11:38:04.724,1.48984,1.49004,1.37,1.00
2014.12.30 11:38:04.826,1.4899,1.49003,1.00,1.00
2014.12.30 11:38:04.877,1.48984,1.49007,1.00,1.19
2014.12.30 11:38:05.130,1.48982,1.49008,2.00,1.69
2014.12.30 11:38:05.334,1.48988,1.49007,1.37,1.00
2014.12.30 11:38:05.385,1.48989,1.49007,1.37,1.00
2014.12.30 11:38:05.537,1.48989,1.49009,1.37,1.00
2014.12.30 11:38:06.113,1.48989,1.49011,1.37,1.26
2014.12.30 11:38:06.647,1.4899,1.49011,1.37,1.25
2014.12.30 11:38:07.118,1.4899,1.49011,1.37,1.25
2014.12.30 11:38:07.220,1.4899,1.49011,1.37,1.25
2014.12.30 11:38:08.419,1.48991,1.49013,1.12,1.00
2014.12.30 11:38:08.469,1.48994,1.49013,1.50,1.00
2014.12.30 11:38:08.571,1.48994,1.49016,1.00,1.69
2014.12.30 11:38:08.673,1.48992,1.49015,1.00,1.19
2014.12.30 11:38:09.677,1.48992,1.49015,1.00,1.19
2014.12.30 11:38:10.446,1.48992,1.49015,1.00,1.19
2014.12.30 11:38:10.548,1.48993,1.49015,1.75,1.00
2014.12.30 11:38:10.599,1.48995,1.49017,1.94,1.00
2014.12.30 11:38:10.650,1.48998,1.49019,1.94,1.00
2014.12.30 11:38:10.752,1.49003,1.49025,2.81,1.07
2014.12.30 11:38:10.803,1.49004,1.49027,2.00,1.00
2014.12.30 11:38:10.904,1.49006,1.49033,1.87,1.19
2014.12.30 11:38:11.746,1.49007,1.49033,1.00,1.19
2014.12.30 11:38:12.277,1.49007,1.49033,1.25,1.19
2014.12.30 11:38:12.659,1.49007,1.49033,1.62,1.19
2014.12.30 11:38:13.486,1.49007,1.49032,1.31,1.19
2014.12.30 11:38:13.905,1.49006,1.49024,1.19,1.00
2014.12.30 11:38:14.008,1.49002,1.49024,1.00,1.31
2014.12.30 11:38:14.059,1.49,1.4902,1.00,1.00
2014.12.30 11:38:14.110,1.48996,1.4902,1.87,1.00
2014.12.30 11:38:14.161,1.48996,1.4902,1.00,1.19
2014.12.30 11:38:14.313,1.48994,1.49014,1.00,1.00
2014.12.30 11:38:14.465,1.48991,1.49014,1.19,1.00
2014.12.30 11:38:14.566,1.48988,1.49013,2.44,1.00
2014.12.30 11:38:15.960,1.48988,1.49013,1.69,1.19
2014.12.30 11:38:18.978,1.48988,1.49013,2.06,1.00
2014.12.30 11:38:21.015,1.48986,1.4901,2.44,1.00
2014.12.30 11:38:24.009,1.48986,1.4901,2.44,1.00
2014.12.30 11:38:24.720,1.48986,1.4901,2.06,1.37
2014.12.30 11:38:24.822,1.48986,1.49004,1.00,1.12
2014.12.30 11:38:24.873,1.48983,1.49004,1.00,1.12
2014.12.30 11:38:24.924,1.48983,1.49004,1.00,1.56
2014.12.30 11:38:24.974,1.48975,1.48998,2.06,1.00
2014.12.30 11:38:25.025,1.48975,1.48998,1.25,1.00
2014.12.30 11:38:27.847,1.48979,1.48999,1.00,1.19
2014.12.30 11:38:28.364,1.48976,1.48999,1.00,1.19
2014.12.30 11:38:28.887,1.48976,1.48999,1.00,1.25
2014.12.30 11:38:31.555,1.48974,1.48999,2.06,1.12
2014.12.30 11:38:32.092,1.48974,1.48998,1.19,1.00
2014.12.30 11:38:32.616,1.48974,1.48999,1.19,1.12
2014.12.30 11:38:33.161,1.48976,1.49001,2.25,1.19
2014.12.30 11:38:33.928,1.48976,1.49001,2.44,1.25
2014.12.30 11:38:37.002,1.48976,1.49001,2.44,1.25
2014.12.30 11:38:38.004,1.48976,1.49001,1.69,1.00
2014.12.30 11:38:39.013,1.48976,1.49001,1.69,1.19
2014.12.30 11:38:41.016,1.48976,1.49001,1.69,1.25
2014.12.30 11:38:41.380,1.48977,1.49001,2.06,1.25
2014.12.30 11:38:54.870,1.48979,1.48998,1.37,1.25
2014.12.30 11:38:54.922,1.48976,1.48998,1.00,1.25
2014.12.30 11:38:55.125,1.48973,1.48993,1.12,1.00
2014.12.30 11:38:55.226,1.48973,1.48996,1.12,1.00
2014.12.30 11:38:55.277,1.48975,1.48996,1.00,1.00
2014.12.30 11:38:55.581,1.48977,1.49001,1.50,1.19
2014.12.30 11:38:55.935,1.48977,1.49001,2.25,1.19
2014.12.30 11:38:56.243,1.48977,1.49001,2.25,1.25
2014.12.30 11:38:57.242,1.48977,1.49001,2.25,1.25
2014.12.30 11:38:57.751,1.48977,1.49001,2.44,1.25
2014.12.30 11:39:00.071,1.48979,1.49001,1.00,1.00
2014.12.30 11:39:01.523,1.48977,1.49001,1.12,1.25
2014.12.30 11:39:01.574,1.48976,1.48999,1.62,1.00
2014.12.30 11:39:02.254,1.48976,1.48999,1.37,1.19
2014.12.30 11:39:03.257,1.48976,1.48999,1.37,1.00
2014.12.30 11:39:04.276,1.48976,1.48999,1.37,1.19
2014.12.30 11:39:05.279,1.48976,1.48999,1.37,1.25
2014.12.30 11:39:13.015,1.48976,1.48999,2.00,1.25
2014.12.30 11:39:13.354,1.48976,1.48999,2.44,1.00
2014.12.30 11:39:15.446,1.48976,1.48997,2.25,1.00
2014.12.30 11:39:15.752,1.48974,1.48996,1.00,1.19
2014.12.30 11:39:16.277,1.48973,1.48991,1.00,1.19
2014.12.30 11:39:16.656,1.48973,1.48988,1.00,1.00
2014.12.30 11:39:23.429,1.4897,1.48988,1.00,1.00
2014.12.30 11:39:23.905,1.48968,1.48986,1.37,1.00
2014.12.30 11:39:24.424,1.48968,1.48986,1.00,1.00
2014.12.30 11:39:25.242,1.48968,1.48987,1.00,1.00
2014.12.30 11:39:25.708,1.48966,1.48986,1.87,1.00
2014.12.30 11:39:30.176,1.48966,1.48984,1.12,1.00
2014.12.30 11:39:35.221,1.48966,1.48984,1.37,1.00
2014.12.30 11:39:35.531,1.48966,1.48984,1.37,1.00
2014.12.30 11:39:36.449,1.48966,1.48984,1.37,1.00
2014.12.30 11:39:45.506,1.48966,1.48987,1.62,1.50
2014.12.30 11:39:50.512,1.48967,1.48987,1.31,1.00
2014.12.30 11:39:50.664,1.48973,1.48993,1.62,1.00
2014.12.30 11:39:50.867,1.48973,1.48993,2.06,1.00
2014.12.30 11:39:51.411,1.48973,1.48994,1.69,1.00
2014.12.30 11:39:52.934,1.48973,1.48994,1.62,1.00
2014.12.30 11:39:53.701,1.48974,1.48994,1.56,1.00
2014.12.30 11:39:55.377,1.48973,1.48994,1.56,1.00
2014.12.30 11:40:05.022,1.48973,1.48994,1.69,1.00
2014.12.30 11:40:05.528,1.48973,1.48994,1.69,1.00
2014.12.30 11:40:05.902,1.48973,1.48994,2.06,1.00
2014.12.30 11:40:06.893,1.48973,1.48994,2.81,1.00
2014.12.30 11:40:07.490,1.48973,1.48994,2.81,1.00
2014.12.30 11:40:11.859,1.48973,1.48994,2.06,1.00
2014.12.30 11:40:12.062,1.48983,1.48996,1.37,1.00
2014.12.30 11:40:12.164,1.48984,1.49001,1.00,1.12
2014.12.30 11:40:12.215,1.48982,1.49001,1.00,1.00
2014.12.30 11:40:12.316,1.48982,1.48999,1.00,1.00
2014.12.30 11:40:12.635,1.4898,1.49003,1.00,1.00
2014.12.30 11:40:12.788,1.48984,1.49003,1.00,1.00
2014.12.30 11:40:13.143,1.48984,1.49007,1.50,1.00
2014.12.30 11:40:13.750,1.48984,1.49007,1.50,2.44
2014.12.30 11:40:14.256,1.48982,1.49004,1.00,1.19
2014.12.30 11:40:16.252,1.48982,1.49001,1.00,1.25
2014.12.30 11:40:17.219,1.48982,1.49001,1.00,1.19
2014.12.30 11:40:20.254,1.48982,1.49002,1.12,1.25
2014.12.30 11:40:20.570,1.48981,1.49002,1.56,1.00
2014.12.30 11:40:20.824,1.48982,1.49004,2.06,1.00
2014.12.30 11:40:21.331,1.48984,1.49005,1.37,1.25
2014.12.30 11:40:24.632,1.48985,1.49005,1.12,1.19
2014.12.30 11:40:25.062,1.48984,1.49004,1.50,1.19
2014.12.30 11:40:25.164,1.4898,1.49001,1.00,1.69
2014.12.30 11:40:25.669,1.48978,1.49001,1.37,2.44
2014.12.30 11:40:26.236,1.48978,1.49001,1.37,2.44
2014.12.30 11:40:27.259,1.48978,1.49001,1.00,2.44
2014.12.30 11:40:27.766,1.48978,1.48997,1.00,1.00
