2015.11.11 13:00:00.422,1.51833,1.51853,1.37,1.00
2015.11.11 13:00:00.929,1.51833,1.51847,1.12,1.00
2015.11.11 13:00:01.133,1.51824,1.51844,1.00,1.50
2015.11.11 13:00:01.285,1.51822,1.51844,1.12,1.50
2015.11.11 13:00:01.614,1.51827,1.51846,1.00,1.00
2015.11.11 13:00:02.527,1.51827,1.51846,1.00,1.37
2015.11.11 13:00:03.442,1.51827,1.51845,1.00,1.75
2015.11.11 13:00:03.697,1.51818,1.51842,1.12,1.12
2015.11.11 13:00:03.799,1.51818,1.51839,1.87,1.00
2015.11.11 13:00:04.579,1.51819,1.51834,1.00,1.50
2015.11.11 13:00:04.634,1.51808,1.5183,1.10,2.25
2015.11.11 13:00:04.736,1.51807,1.51823,1.00,1.00
2015.11.11 13:00:05.244,1.51806,1.51823,1.00,1.00
2015.11.11 13:00:05.894,1.51806,1.5182,1.00,1.00
2015.11.11 13:00:05.946,1.51806,1.51822,1.00,1.00
2015.11.11 13:00:06.048,1.51805,1.51823,1.00,1.75
2015.11.11 13:00:06.251,1.51805,1.51823,1.00,1.37
2015.11.11 13:00:06.303,1.51807,1.51823,1.00,1.37
2015.11.11 13:00:06.827,1.51807,1.51825,1.00,1.87
2015.11.11 13:00:07.132,1.51807,1.51821,1.00,1.37
2015.11.11 13:00:07.528,1.51809,1.5182,1.12,1.00
2015.11.11 13:00:07.629,1.51809,1.51829,1.00,1.75
2015.11.11 13:00:07.680,1.51807,1.51829,1.12,1.75
2015.11.11 13:00:07.731,1.51812,1.51829,1.00,1.75
2015.11.11 13:00:07.833,1.51808,1.51829,1.00,1.75
2015.11.11 13:00:08.418,1.51807,1.51829,1.12,1.75
2015.11.11 13:00:09.120,1.51807,1.51825,1.12,1.00
2015.11.11 13:00:09.426,1.51803,1.51826,1.00,1.12
2015.11.11 13:00:09.527,1.51801,1.51826,1.50,1.12
2015.11.11 13:00:09.578,1.51802,1.51826,1.37,1.12
2015.11.11 13:00:10.108,1.51803,1.51826,1.37,1.87
2015.11.11 13:00:11.139,1.51805,1.51827,1.00,1.50
2015.11.11 13:00:11.758,1.51807,1.51827,1.12,1.00
2015.11.11 13:00:12.134,1.51805,1.51827,1.12,1.00
2015.11.11 13:00:12.185,1.51809,1.51827,1.00,1.00
2015.11.11 13:00:12.490,1.51812,1.51833,1.37,1.12
2015.11.11 13:00:15.495,1.51815,1.51833,1.00,1.12
2015.11.11 13:00:15.546,1.5182,1.51839,1.37,1.75
2015.11.11 13:00:15.648,1.5182,1.51839,1.37,1.00
2015.11.11 13:00:18.374,1.5182,1.5184,1.37,1.00
2015.11.11 13:00:18.764,1.5182,1.51842,1.37,1.87
2015.11.11 13:00:19.068,1.5182,1.51842,1.37,1.75
2015.11.11 13:00:19.677,1.51818,1.51836,1.37,1.75
2015.11.11 13:00:20.404,1.51812,1.51833,1.37,2.25
2015.11.11 13:00:21.936,1.51809,1.51833,1.37,2.25
2015.11.11 13:00:22.517,1.51811,1.51829,1.00,1.12
2015.11.11 13:00:22.568,1.51813,1.5183,1.00,1.50
2015.11.11 13:00:22.773,1.51816,1.51836,1.00,1.37
2015.11.11 13:00:23.357,1.51816,1.51839,1.00,2.25
2015.11.11 13:00:24.972,1.51814,1.51835,1.00,1.00
2015.11.11 13:00:25.451,1.51814,1.51835,1.00,1.37
2015.11.11 13:00:25.706,1.51812,1.51835,1.00,1.87
2015.11.11 13:00:25.858,1.51815,1.51835,1.00,1.75
2015.11.11 13:00:25.960,1.51815,1.51835,1.00,1.12
2015.11.11 13:00:26.324,1.51813,1.51836,1.00,1.50
2015.11.11 13:00:26.853,1.51814,1.51836,1.00,1.50
2015.11.11 13:00:27.421,1.51814,1.51836,1.37,1.50
2015.11.11 13:00:28.366,1.51814,1.51834,1.37,1.00
2015.11.11 13:00:28.671,1.51813,1.51832,1.37,1.00
2015.11.11 13:00:32.709,1.51813,1.51833,1.37,1.00
2015.11.11 13:00:32.763,1.51813,1.51835,1.37,1.12
2015.11.11 13:00:35.076,1.51813,1.51833,1.37,1.00
2015.11.11 13:00:35.596,1.51813,1.51831,1.37,1.00
2015.11.11 13:00:36.097,1.51812,1.5183,1.37,1.00
2015.11.11 13:00:36.301,1.51808,1.51827,1.37,1.00
2015.11.11 13:00:36.664,1.51806,1.51829,2.25,1.50
2015.11.11 13:00:36.716,1.51806,1.51829,1.12,1.50
2015.11.11 13:00:37.020,1.51808,1.51829,1.00,1.00
2015.11.11 13:00:37.645,1.51808,1.51827,1.00,1.00
2015.11.11 13:00:38.721,1.51808,1.51827,1.87,1.00
2015.11.11 13:00:39.612,1.51808,1.5183,1.87,1.00
2015.11.11 13:00:39.714,1.51808,1.51828,1.87,1.00
2015.11.11 13:00:44.278,1.5181,1.51828,1.00,1.00
2015.11.11 13:00:45.464,1.51811,1.51828,1.00,1.00
2015.11.11 13:00:45.787,1.51813,1.51828,1.00,1.00
2015.11.11 13:00:46.288,1.51812,1.51828,1.00,1.00
2015.11.11 13:00:47.138,1.5181,1.51828,1.00,1.00
2015.11.11 13:00:47.645,1.51808,1.51828,2.62,1.00
2015.11.11 13:00:51.929,1.51808,1.51825,1.87,1.00
2015.11.11 13:00:51.980,1.51808,1.51827,1.87,1.00
2015.11.11 13:00:52.031,1.51808,1.51823,1.87,1.00
2015.11.11 13:00:52.082,1.51808,1.51829,1.87,1.00
2015.11.11 13:00:52.133,1.51806,1.51829,1.12,1.00
2015.11.11 13:00:52.286,1.51808,1.51829,1.00,1.00
2015.11.11 13:00:52.600,1.51807,1.51831,3.00,1.00
2015.11.11 13:00:53.112,1.51808,1.51831,1.50,1.00
2015.11.11 13:00:53.740,1.51808,1.51828,1.50,1.00
2015.11.11 13:01:02.167,1.51808,1.51828,1.00,1.00
2015.11.11 13:01:02.696,1.51808,1.51825,1.12,1.00
2015.11.11 13:01:02.749,1.51809,1.51829,1.00,1.00
2015.11.11 13:01:02.800,1.51809,1.51827,1.00,1.00
2015.11.11 13:01:06.875,1.51809,1.5183,1.00,1.12
2015.11.11 13:01:08.703,1.51808,1.51828,1.50,1.00
2015.11.11 13:01:09.045,1.51808,1.51826,1.00,1.00
2015.11.11 13:01:09.400,1.5181,1.51828,1.00,1.00
2015.11.11 13:01:09.862,1.51815,1.51831,1.12,1.37
2015.11.11 13:01:10.209,1.51817,1.51837,1.00,2.25
2015.11.11 13:01:10.261,1.51817,1.51833,1.00,1.50
2015.11.11 13:01:10.364,1.51813,1.51833,1.00,1.50
2015.11.11 13:01:10.875,1.51812,1.51833,1.00,1.37
2015.11.11 13:01:11.460,1.51812,1.51831,1.50,1.00
2015.11.11 13:01:11.664,1.51812,1.51833,1.50,1.00
2015.11.11 13:01:11.715,1.51815,1.51835,1.00,1.50
2015.11.11 13:01:12.097,1.51811,1.51833,1.50,1.00
2015.11.11 13:01:12.199,1.51812,1.51831,1.00,1.00
2015.11.11 13:01:14.509,1.51812,1.51833,1.50,1.00
2015.11.11 13:01:15.426,1.51815,1.51833,1.00,1.00
2015.11.11 13:01:18.064,1.51812,1.51834,2.25,1.00
2015.11.11 13:01:18.166,1.51815,1.51836,1.00,1.00
2015.11.11 13:01:18.796,1.51826,1.51837,1.00,1.00
2015.11.11 13:01:18.847,1.51826,1.51843,1.00,1.00
2015.11.11 13:01:19.863,1.51826,1.51841,1.00,1.00
2015.11.11 13:01:21.358,1.51826,1.51845,1.00,1.00
2015.11.11 13:01:24.951,1.51826,1.51847,1.00,1.12
2015.11.11 13:01:25.743,1.51826,1.51846,1.00,1.00
2015.11.11 13:01:26.309,1.51826,1.51846,1.00,1.50
2015.11.11 13:01:26.685,1.51826,1.51842,1.00,1.00
2015.11.11 13:01:27.292,1.51826,1.5184,1.00,1.00
2015.11.11 13:01:27.344,1.51824,1.5184,1.12,1.00
2015.11.11 13:01:27.662,1.51817,1.51833,1.75,1.00
2015.11.11 13:01:27.714,1.51817,1.51833,1.00,1.00
2015.11.11 13:01:27.917,1.51817,1.5183,1.00,1.00
2015.11.11 13:01:28.085,1.51817,1.51833,1.00,1.00
2015.11.11 13:01:28.593,1.51817,1.51829,1.00,1.00
2015.11.11 13:01:28.745,1.51813,1.51828,1.37,1.00
2015.11.11 13:01:28.796,1.51812,1.51828,1.00,1.00
2015.11.11 13:01:29.770,1.51812,1.51831,1.00,1.00
2015.11.11 13:01:30.072,1.51813,1.51834,1.00,1.50
2015.11.11 13:01:31.307,1.51812,1.51833,1.00,1.50
2015.11.11 13:01:31.358,1.51812,1.51831,1.00,1.12
2015.11.11 13:01:31.663,1.51808,1.51827,1.00,1.75
2015.11.11 13:01:31.969,1.51812,1.51833,1.00,1.50
2015.11.11 13:01:32.070,1.51815,1.51833,1.00,1.00
2015.11.11 13:01:34.129,1.51816,1.51835,1.00,1.37
2015.11.11 13:01:34.556,1.51817,1.51836,1.00,1.00
2015.11.11 13:01:34.910,1.51818,1.5184,1.00,4.50
2015.11.11 13:01:36.635,1.51818,1.51839,1.00,2.25
2015.11.11 13:01:37.159,1.51818,1.51838,1.00,1.12
2015.11.11 13:01:41.748,1.51819,1.51838,1.00,1.12
2015.11.11 13:01:42.268,1.51819,1.5184,1.00,1.50
2015.11.11 13:01:43.031,1.51819,1.51832,1.00,1.00
2015.11.11 13:01:43.406,1.51819,1.51834,1.00,1.00
2015.11.11 13:01:44.683,1.51819,1.51833,1.00,1.00
2015.11.11 13:01:44.734,1.51816,1.51833,1.00,1.00
2015.11.11 13:01:44.785,1.51816,1.51831,1.00,1.00
2015.11.11 13:01:45.610,1.51816,1.51834,1.00,1.00
2015.11.11 13:01:46.880,1.51816,1.51836,1.00,1.12
2015.11.11 13:01:49.559,1.51816,1.51838,1.00,1.87
2015.11.11 13:01:49.610,1.51816,1.51838,1.00,3.75
2015.11.11 13:01:49.915,1.51816,1.51833,1.00,1.00
2015.11.11 13:01:50.222,1.51816,1.5183,1.00,1.00
2015.11.11 13:01:50.618,1.51816,1.51833,1.00,1.00
2015.11.11 13:01:52.198,1.51816,1.51831,1.00,1.00
2015.11.11 13:01:52.820,1.51816,1.51829,1.00,1.00
2015.11.11 13:01:53.349,1.51816,1.5183,1.00,1.00
2015.11.11 13:01:53.853,1.51816,1.51831,1.00,1.00
2015.11.11 13:01:54.366,1.51816,1.51836,1.00,1.12
2015.11.11 13:01:54.598,1.51816,1.51834,1.00,1.00
2015.11.11 13:01:55.191,1.51817,1.51834,1.00,1.00
2015.11.11 13:01:55.242,1.51817,1.51837,1.00,1.12
2015.11.11 13:01:55.597,1.5182,1.51836,1.00,1.00
2015.11.11 13:01:55.983,1.5182,1.51838,1.00,1.00
2015.11.11 13:01:56.591,1.51819,1.51838,1.00,1.50
2015.11.11 13:01:57.098,1.5182,1.51838,1.00,1.50
2015.11.11 13:01:57.848,1.51825,1.51843,1.00,1.00
2015.11.11 13:01:58.355,1.51825,1.51844,1.00,1.00
2015.11.11 13:02:00.091,1.51825,1.51847,1.12,1.12
2015.11.11 13:02:00.142,1.51827,1.51847,1.37,1.00
2015.11.11 13:02:00.447,1.51841,1.51857,1.00,1.12
2015.11.11 13:02:00.928,1.51846,1.51864,1.00,1.00
2015.11.11 13:02:00.980,1.51848,1.51864,1.00,1.00
2015.11.11 13:02:01.284,1.51848,1.51866,1.00,1.00
2015.11.11 13:02:01.793,1.51847,1.51866,1.00,1.00
2015.11.11 13:02:11.070,1.51847,1.51866,1.87,1.00
2015.11.11 13:02:11.121,1.51848,1.51868,1.37,1.00
2015.11.11 13:02:11.649,1.5185,1.51868,1.00,1.00
2015.11.11 13:02:11.853,1.5185,1.51872,1.00,1.50
2015.11.11 13:02:11.904,1.51847,1.51871,1.50,1.00
2015.11.11 13:02:12.412,1.51847,1.51871,2.25,1.00
2015.11.11 13:02:13.560,1.51849,1.51868,1.00,1.00
2015.11.11 13:02:14.308,1.51848,1.5187,1.37,1.00
2015.11.11 13:02:15.055,1.51851,1.5187,1.00,1.00
2015.11.11 13:02:16.365,1.51851,1.51871,1.00,1.00
2015.11.11 13:02:16.517,1.51849,1.51871,1.12,1.50
2015.11.11 13:02:19.106,1.51848,1.51869,1.37,1.00
2015.11.11 13:02:19.824,1.51848,1.51869,1.00,1.00
2015.11.11 13:02:20.333,1.51847,1.51868,1.50,1.00
2015.11.11 13:02:21.310,1.51847,1.51868,1.12,1.00
2015.11.11 13:02:21.869,1.51849,1.51872,1.00,1.37
2015.11.11 13:02:23.074,1.51848,1.5187,1.12,1.00
2015.11.11 13:02:24.177,1.51847,1.51871,1.87,1.12
2015.11.11 13:02:27.100,1.51847,1.51869,1.12,1.00
2015.11.11 13:02:27.405,1.51845,1.51864,1.00,1.00
2015.11.11 13:02:27.456,1.51843,1.51864,1.87,1.00
2015.11.11 13:02:28.149,1.51844,1.51867,1.00,1.12
2015.11.11 13:02:28.302,1.51843,1.51864,1.12,1.00
2015.11.11 13:02:28.809,1.51844,1.51864,1.50,1.00
2015.11.11 13:02:30.065,1.51844,1.51865,1.50,1.00
2015.11.11 13:02:30.725,1.51847,1.51869,1.00,1.50
2015.11.11 13:02:30.827,1.51848,1.51869,1.00,1.50
2015.11.11 13:02:30.878,1.51849,1.51871,1.00,1.00
2015.11.11 13:02:31.580,1.5185,1.51871,1.12,1.00
2015.11.11 13:02:32.087,1.5185,1.5187,1.12,1.00
2015.11.11 13:02:32.615,1.5185,1.5187,1.50,1.00
2015.11.11 13:02:33.039,1.5185,1.51872,1.50,1.50
2015.11.11 13:02:33.141,1.5185,1.51868,1.87,1.00
2015.11.11 13:02:33.192,1.51851,1.51872,1.00,1.12
2015.11.11 13:02:33.704,1.51848,1.51871,2.25,1.00
2015.11.11 13:02:33.806,1.51848,1.51871,1.12,1.00
2015.11.11 13:02:35.259,1.51849,1.51871,1.00,1.00
2015.11.11 13:02:36.385,1.51848,1.51871,1.12,1.00
2015.11.11 13:02:37.170,1.51846,1.51869,4.12,1.00
2015.11.11 13:02:37.373,1.51845,1.51868,1.87,1.00
2015.11.11 13:02:37.425,1.51848,1.51869,1.00,1.12
2015.11.11 13:02:37.476,1.51846,1.51868,1.00,1.00
2015.11.11 13:02:37.578,1.51848,1.51869,1.00,1.50
2015.11.11 13:02:37.679,1.51846,1.51868,1.00,1.00
2015.11.11 13:02:37.983,1.51845,1.51866,3.37,1.00
2015.11.11 13:02:38.839,1.51845,1.51867,1.87,1.00
2015.11.11 13:02:38.942,1.51845,1.51865,1.00,1.00
2015.11.11 13:02:39.451,1.51845,1.51863,1.00,1.00
2015.11.11 13:02:40.446,1.51836,1.51851,1.00,1.00
2015.11.11 13:02:40.497,1.51831,1.51851,1.37,1.00
2015.11.11 13:02:40.600,1.5183,1.51851,1.00,1.00
2015.11.11 13:02:40.701,1.51828,1.5185,1.12,1.00
2015.11.11 13:02:40.920,1.51828,1.51847,1.12,1.00
2015.11.11 13:02:43.031,1.51827,1.5185,1.87,1.00
2015.11.11 13:02:43.184,1.51831,1.51852,1.00,1.50
2015.11.11 13:02:43.489,1.51835,1.51856,1.00,1.00
2015.11.11 13:02:43.873,1.51837,1.51856,1.00,1.00
2015.11.11 13:02:43.924,1.51833,1.51855,1.87,1.00
2015.11.11 13:02:44.390,1.51833,1.51853,1.87,1.00
2015.11.11 13:02:44.898,1.51833,1.51851,1.87,1.00
2015.11.11 13:02:45.479,1.51846,1.51852,1.00,1.00
2015.11.11 13:02:45.843,1.51838,1.51851,1.10,1.00
2015.11.11 13:02:46.045,1.51838,1.51854,1.10,1.00
2015.11.11 13:02:46.147,1.51838,1.51851,1.10,1.00
2015.11.11 13:02:46.451,1.51842,1.51847,1.00,1.00
2015.11.11 13:02:47.351,1.51828,1.51841,1.20,1.00
2015.11.11 13:02:48.117,1.51835,1.51841,1.00,1.00
2015.11.11 13:02:48.321,1.51831,1.5184,1.00,1.00
2015.11.11 13:02:48.373,1.51831,1.51837,1.00,1.00
2015.11.11 13:02:49.456,1.51822,1.51836,1.30,1.00
2015.11.11 13:02:49.558,1.51827,1.51836,1.00,1.00
2015.11.11 13:02:49.863,1.51827,1.51842,1.00,1.87
2015.11.11 13:02:49.965,1.5183,1.51848,1.87,1.00
2015.11.11 13:02:50.307,1.51833,1.51853,1.00,1.50
2015.11.11 13:02:50.724,1.51834,1.51854,1.37,1.00
2015.11.11 13:02:50.826,1.51834,1.51856,1.87,1.50
2015.11.11 13:02:51.486,1.51835,1.51855,1.12,1.00
2015.11.11 13:02:52.093,1.51835,1.51856,1.12,1.50
2015.11.11 13:02:54.954,1.51835,1.51854,1.00,1.00
2015.11.11 13:02:55.504,1.51835,1.51855,1.00,1.00
2015.11.11 13:02:56.111,1.51835,1.51857,2.25,1.50
2015.11.11 13:02:56.163,1.51836,1.51857,1.50,1.50
2015.11.11 13:02:56.970,1.51836,1.51848,1.37,1.00
2015.11.11 13:02:57.072,1.51835,1.51847,1.00,1.00
2015.11.11 13:02:57.124,1.51835,1.51841,1.00,1.00
2015.11.11 13:02:57.175,1.51827,1.51839,1.37,1.00
2015.11.11 13:02:57.277,1.51826,1.51839,1.00,1.00
2015.11.11 13:02:58.047,1.51826,1.51838,1.00,1.00
2015.11.11 13:02:58.866,1.51832,1.51839,1.00,1.00
2015.11.11 13:02:59.685,1.51832,1.51836,1.00,1.00
2015.11.11 13:03:00.144,1.51832,1.51839,1.00,1.00
2015.11.11 13:03:00.518,1.51832,1.51836,1.00,1.00
2015.11.11 13:03:01.506,1.51824,1.51836,1.42,1.00
2015.11.11 13:03:01.558,1.51825,1.51834,1.12,1.00
2015.11.11 13:03:01.761,1.51818,1.51834,1.30,1.00
2015.11.11 13:03:01.812,1.51818,1.51832,1.30,1.00
2015.11.11 13:03:03.317,1.51818,1.5183,1.30,1.00
2015.11.11 13:03:03.470,1.51812,1.51827,2.10,1.00
2015.11.11 13:03:03.572,1.51811,1.51827,1.50,1.00
2015.11.11 13:03:04.312,1.51811,1.51825,1.50,1.00
2015.11.11 13:03:04.618,1.51817,1.51825,1.00,1.00
2015.11.11 13:03:05.130,1.51817,1.51824,1.00,1.00
2015.11.11 13:03:05.181,1.51811,1.51824,1.00,1.00
2015.11.11 13:03:05.283,1.51811,1.51822,1.00,1.00
2015.11.11 13:03:05.334,1.51811,1.51824,1.00,1.00
2015.11.11 13:03:05.385,1.5181,1.5182,1.00,1.00
2015.11.11 13:03:05.863,1.51809,1.51824,1.00,1.00
2015.11.11 13:03:06.067,1.51809,1.51826,1.00,1.00
2015.11.11 13:03:06.574,1.51809,1.51825,1.00,1.00
2015.11.11 13:03:06.778,1.5181,1.51828,1.00,1.00
2015.11.11 13:03:06.880,1.51817,1.51828,1.00,1.00
2015.11.11 13:03:07.459,1.51817,1.51831,1.00,1.00
2015.11.11 13:03:07.662,1.51817,1.51829,1.00,1.00
2015.11.11 13:03:07.917,1.5181,1.51827,1.12,1.00
2015.11.11 13:03:08.611,1.51808,1.51827,1.12,1.00
2015.11.11 13:03:09.041,1.51808,1.51833,1.87,1.12
2015.11.11 13:03:09.093,1.51811,1.5183,1.00,1.00
2015.11.11 13:03:09.562,1.51812,1.51827,1.00,1.00
2015.11.11 13:03:09.716,1.51809,1.51827,1.87,1.00
2015.11.11 13:03:09.768,1.51807,1.51827,1.50,1.00
2015.11.11 13:03:10.755,1.51812,1.51829,1.12,1.00
2015.11.11 13:03:11.272,1.5181,1.51828,1.37,1.00
2015.11.11 13:03:12.548,1.51809,1.51828,1.37,1.00
2015.11.11 13:03:13.090,1.51809,1.51827,1.37,1.00
2015.11.11 13:03:13.583,1.51809,1.51831,1.37,1.00
2015.11.11 13:03:13.634,1.51823,1.51832,1.00,1.00
2015.11.11 13:03:14.076,1.51814,1.51829,1.00,1.00
2015.11.11 13:03:14.588,1.51815,1.51828,1.00,1.00
2015.11.11 13:03:15.097,1.51815,1.51832,1.00,1.00
2015.11.11 13:03:15.856,1.51814,1.51832,1.00,1.00
2015.11.11 13:03:18.429,1.51815,1.51832,1.00,1.00
2015.11.11 13:03:19.503,1.51808,1.5183,1.00,1.00
2015.11.11 13:03:20.455,1.51807,1.51831,1.87,1.12
2015.11.11 13:03:20.709,1.51809,1.51832,1.00,1.37
2015.11.11 13:03:22.362,1.51807,1.51831,1.87,1.12
2015.11.11 13:03:22.413,1.51807,1.51821,1.12,1.00
2015.11.11 13:03:22.464,1.51807,1.51823,1.12,1.00
2015.11.11 13:03:22.515,1.51805,1.51815,1.00,1.00
2015.11.11 13:03:22.719,1.51798,1.51812,1.37,1.12
2015.11.11 13:03:22.771,1.51798,1.5181,1.37,1.00
2015.11.11 13:03:22.822,1.51787,1.51809,1.00,1.37
2015.11.11 13:03:22.974,1.51785,1.5181,1.50,4.12
2015.11.11 13:03:23.025,1.51787,1.5181,1.50,3.37
2015.11.11 13:03:23.369,1.51791,1.51809,1.00,1.37
2015.11.11 13:03:23.420,1.51791,1.5181,1.00,1.00
2015.11.11 13:03:23.471,1.51791,1.51813,1.00,1.37
2015.11.11 13:03:23.522,1.51794,1.51812,1.00,1.12
2015.11.11 13:03:24.029,1.51794,1.51813,1.00,1.12
2015.11.11 13:03:24.333,1.51795,1.51816,1.00,1.12
2015.11.11 13:03:24.434,1.51798,1.51816,1.00,1.12
2015.11.11 13:03:24.770,1.51798,1.51817,1.00,1.37
2015.11.11 13:03:25.734,1.51798,1.51817,1.00,1.87
2015.11.11 13:03:27.182,1.51791,1.51814,1.87,1.00
2015.11.11 13:03:27.234,1.51791,1.51812,1.37,1.00
2015.11.11 13:03:27.285,1.51789,1.51812,2.25,1.50
2015.11.11 13:03:27.336,1.51787,1.5181,1.50,1.00
2015.11.11 13:03:28.141,1.51788,1.51809,1.37,1.00
2015.11.11 13:03:28.649,1.51788,1.51809,1.00,1.00
2015.11.11 13:03:30.205,1.5179,1.51809,1.00,1.00
2015.11.11 13:03:32.080,1.5179,1.51811,1.12,1.00
2015.11.11 13:03:32.283,1.5179,1.51813,1.00,1.12
2015.11.11 13:03:32.334,1.51788,1.5181,1.12,1.37
2015.11.11 13:03:32.639,1.51787,1.51807,1.00,1.37
2015.11.11 13:03:33.145,1.51787,1.51808,1.00,1.37
2015.11.11 13:03:34.479,1.51782,1.51805,1.87,1.00
2015.11.11 13:03:35.087,1.51783,1.51805,1.75,1.00
2015.11.11 13:03:35.189,1.51783,1.51805,1.50,1.00
2015.11.11 13:03:35.290,1.51785,1.51805,1.00,1.00
2015.11.11 13:03:35.994,1.51786,1.51808,1.50,1.12
2015.11.11 13:03:38.139,1.51786,1.51807,1.50,1.00
2015.11.11 13:03:38.292,1.51784,1.51804,1.00,1.00
2015.11.11 13:03:38.444,1.51784,1.51807,1.50,1.12
2015.11.11 13:03:38.496,1.51786,1.51808,1.00,1.37
2015.11.11 13:03:39.061,1.51786,1.51808,1.50,1.00
2015.11.11 13:03:40.093,1.51786,1.51811,1.00,2.62
2015.11.11 13:03:43.488,1.51785,1.51809,1.12,1.12
2015.11.11 13:03:44.798,1.51784,1.51804,1.37,1.00
2015.11.11 13:03:45.564,1.51792,1.51812,1.00,1.00
2015.11.11 13:03:46.084,1.51793,1.51813,1.12,1.00
2015.11.11 13:03:46.644,1.51793,1.5181,1.12,1.00
2015.11.11 13:03:47.888,1.51793,1.51806,1.12,1.00
2015.11.11 13:03:47.940,1.51791,1.51806,1.00,1.00
2015.11.11 13:03:48.042,1.51788,1.51806,1.12,1.00
2015.11.11 13:03:48.093,1.51786,1.51803,2.25,1.00
2015.11.11 13:03:48.145,1.51784,1.51803,2.25,1.00
2015.11.11 13:03:48.702,1.51784,1.51802,1.50,1.00
2015.11.11 13:03:49.140,1.51784,1.51804,1.50,1.00
2015.11.11 13:03:49.952,1.51784,1.51803,1.37,1.00
2015.11.11 13:03:51.004,1.51784,1.51799,1.37,1.00
2015.11.11 13:03:51.158,1.51783,1.51799,1.12,1.00
2015.11.11 13:03:52.374,1.5178,1.51799,2.62,1.00
2015.11.11 13:03:53.907,1.5178,1.51798,2.62,1.00
2015.11.11 13:03:59.360,1.5178,1.51798,1.87,1.00
2015.11.11 13:04:00.340,1.5178,1.51798,1.87,1.00
2015.11.11 13:04:00.878,1.5178,1.51799,1.87,1.00
2015.11.11 13:04:01.393,1.5178,1.51799,1.87,1.00
2015.11.11 13:04:03.161,1.5178,1.518,1.87,1.00
2015.11.11 13:04:03.460,1.5178,1.51799,1.87,1.00
2015.11.11 13:04:04.244,1.5178,1.51797,1.87,1.00
2015.11.11 13:04:05.454,1.5178,1.51795,1.87,1.00
2015.11.11 13:04:05.505,1.5178,1.51797,1.87,1.00
2015.11.11 13:04:05.556,1.5178,1.51795,1.37,1.00
2015.11.11 13:04:05.658,1.51778,1.51795,1.37,1.00
2015.11.11 13:04:05.862,1.51777,1.51792,1.00,1.00
2015.11.11 13:04:06.753,1.51775,1.51791,1.50,1.00
2015.11.11 13:04:06.906,1.51774,1.5179,1.37,1.00
2015.11.11 13:04:07.059,1.51773,1.51788,1.50,1.00
2015.11.11 13:04:07.567,1.51771,1.51788,2.25,1.00
2015.11.11 13:04:08.554,1.51771,1.51788,2.25,1.00
2015.11.11 13:04:10.397,1.5177,1.51788,1.87,1.00
2015.11.11 13:04:10.906,1.5177,1.51788,1.00,1.00
2015.11.11 13:04:11.210,1.51768,1.51785,1.12,1.00
2015.11.11 13:04:11.515,1.51767,1.51781,1.12,1.00
2015.11.11 13:04:11.867,1.51764,1.51778,1.50,1.37
2015.11.11 13:04:11.918,1.51764,1.5178,1.50,1.00
2015.11.11 13:04:12.431,1.51765,1.51779,1.00,1.00
2015.11.11 13:04:16.396,1.51765,1.51779,1.87,1.00
2015.11.11 13:04:16.642,1.51765,1.51777,1.87,1.00
2015.11.11 13:04:16.796,1.5176,1.51778,1.37,1.00
2015.11.11 13:04:17.169,1.51759,1.51777,1.37,1.37
2015.11.11 13:04:17.221,1.51751,1.51767,1.12,1.00
2015.11.11 13:04:17.374,1.5175,1.51769,1.00,1.00
2015.11.11 13:04:17.476,1.51753,1.51768,1.00,1.00
2015.11.11 13:04:17.579,1.51751,1.51769,1.00,1.00
2015.11.11 13:04:18.086,1.51748,1.51769,3.75,1.00
2015.11.11 13:04:18.484,1.51748,1.51765,1.50,1.00
2015.11.11 13:04:19.159,1.51748,1.51766,1.37,1.00
2015.11.11 13:04:19.743,1.51748,1.51762,1.37,1.00
2015.11.11 13:04:20.016,1.51748,1.51765,1.37,1.12
2015.11.11 13:04:20.421,1.51752,1.51765,1.37,1.12
2015.11.11 13:04:21.331,1.51749,1.51765,1.37,1.00
2015.11.11 13:04:21.383,1.51748,1.5177,1.12,1.75
2015.11.11 13:04:22.045,1.51747,1.51765,1.50,1.00
2015.11.11 13:04:22.562,1.51747,1.51762,1.50,1.00
2015.11.11 13:04:23.224,1.51748,1.51767,1.00,1.00
2015.11.11 13:04:23.539,1.5176,1.51769,1.00,1.50
2015.11.11 13:04:24.018,1.51781,1.51788,1.37,1.30
2015.11.11 13:04:24.070,1.51781,1.51802,1.50,1.37
2015.11.11 13:04:24.224,1.51784,1.51801,1.37,1.00
2015.11.11 13:04:24.276,1.51784,1.51804,1.37,1.50
2015.11.11 13:04:24.377,1.51784,1.51802,1.37,1.00
2015.11.11 13:04:24.626,1.5178,1.51802,1.87,1.00
2015.11.11 13:04:24.832,1.5178,1.51798,3.00,1.00
2015.11.11 13:04:24.934,1.5178,1.51801,3.75,1.00
2015.11.11 13:04:25.769,1.5178,1.518,2.25,1.00
2015.11.11 13:04:26.707,1.5178,1.518,2.25,1.00
2015.11.11 13:04:27.234,1.5178,1.51801,2.25,1.00
2015.11.11 13:04:27.285,1.51783,1.51801,1.00,1.00
2015.11.11 13:04:27.940,1.51783,1.51802,1.00,1.00
2015.11.11 13:04:28.577,1.51789,1.51802,1.00,1.00
2015.11.11 13:04:29.065,1.51782,1.51791,1.00,1.00
2015.11.11 13:04:29.827,1.51779,1.51791,2.02,1.00
2015.11.11 13:04:29.878,1.51781,1.51791,1.00,1.00
2015.11.11 13:04:30.335,1.51781,1.51794,1.00,1.00
2015.11.11 13:04:30.386,1.51781,1.5179,1.00,1.00
2015.11.11 13:04:31.058,1.51781,1.51791,1.00,1.00
2015.11.11 13:04:31.379,1.51781,1.51788,1.00,1.00
2015.11.11 13:04:32.562,1.51781,1.51797,1.00,1.00
2015.11.11 13:04:32.614,1.51781,1.51791,1.00,1.00
2015.11.11 13:04:32.665,1.51781,1.51797,1.00,1.00
2015.11.11 13:04:32.943,1.51794,1.51799,1.00,1.50
2015.11.11 13:04:32.995,1.51797,1.51817,1.12,1.43
2015.11.11 13:04:33.097,1.51807,1.51814,1.00,1.00
2015.11.11 13:04:33.199,1.51796,1.51814,1.00,1.00
2015.11.11 13:04:33.250,1.51796,1.51812,1.00,1.00
2015.11.11 13:04:33.759,1.51796,1.51814,1.37,1.00
2015.11.11 13:04:34.510,1.51796,1.51811,1.37,1.00
2015.11.11 13:04:35.026,1.51795,1.51811,2.62,1.00
2015.11.11 13:04:35.888,1.51795,1.51806,2.25,1.00
2015.11.11 13:04:36.000,1.51796,1.51808,1.00,1.00
2015.11.11 13:04:36.203,1.51796,1.51812,1.00,1.00
2015.11.11 13:04:36.456,1.51796,1.51815,1.50,1.00
2015.11.11 13:04:36.609,1.51796,1.51818,1.00,1.87
2015.11.11 13:04:37.406,1.51796,1.51816,1.00,1.00
2015.11.11 13:04:37.713,1.51796,1.51813,1.00,1.00
2015.11.11 13:04:37.764,1.51796,1.51815,1.00,1.00
2015.11.11 13:04:38.290,1.51796,1.51815,2.25,1.00
2015.11.11 13:04:41.863,1.51796,1.51813,1.87,1.00
2015.11.11 13:04:42.608,1.51797,1.51816,1.00,1.00
2015.11.11 13:04:42.659,1.51801,1.51816,1.87,1.00
2015.11.11 13:04:43.198,1.518,1.51817,1.37,1.00
2015.11.11 13:04:43.710,1.51799,1.51817,1.37,1.00
2015.11.11 13:04:44.824,1.51799,1.51813,1.37,1.00
2015.11.11 13:04:44.876,1.51796,1.51813,1.37,1.00
2015.11.11 13:04:46.975,1.51796,1.51812,1.37,1.00
2015.11.11 13:04:47.684,1.51796,1.51811,1.37,1.00
2015.11.11 13:04:50.553,1.51796,1.51814,1.37,1.00
2015.11.11 13:04:51.483,1.51796,1.51817,1.37,1.00
2015.11.11 13:04:51.586,1.51796,1.51815,1.37,1.00
2015.11.11 13:04:51.688,1.51799,1.51818,1.00,1.00
2015.11.11 13:04:51.739,1.51796,1.51816,1.12,1.00
2015.11.11 13:04:51.790,1.51798,1.51816,1.37,1.00
2015.11.11 13:04:52.171,1.51792,1.51815,2.62,1.50
2015.11.11 13:04:52.374,1.51794,1.51816,1.12,1.00
2015.11.11 13:04:52.578,1.51796,1.51815,1.37,1.00
2015.11.11 13:04:53.233,1.51796,1.51816,1.37,1.00
2015.11.11 13:04:54.478,1.51797,1.51817,1.12,1.00
2015.11.11 13:04:54.782,1.51804,1.51825,1.00,3.00
2015.11.11 13:04:55.328,1.51803,1.51822,1.00,1.50
2015.11.11 13:04:55.380,1.51801,1.51822,1.00,1.50
2015.11.11 13:04:55.684,1.51801,1.51819,1.00,1.00
2015.11.11 13:04:55.786,1.51798,1.5182,1.12,1.00
2015.11.11 13:04:55.888,1.51798,1.51816,1.00,1.00
2015.11.11 13:04:56.090,1.51798,1.51818,1.00,1.12
2015.11.11 13:04:56.940,1.51795,1.51817,1.37,1.00
2015.11.11 13:04:57.448,1.51797,1.5182,1.00,1.12
2015.11.11 13:04:57.600,1.51795,1.51817,2.25,1.00
2015.11.11 13:04:58.972,1.51795,1.51816,1.50,1.00
2015.11.11 13:04:59.512,1.51795,1.51818,1.37,1.50
2015.11.11 13:04:59.613,1.51797,1.5182,1.12,2.25
2015.11.11 13:04:59.868,1.51799,1.5182,1.37,1.00
2015.11.11 13:05:00.193,1.51798,1.51816,1.37,1.00
2015.11.11 13:05:00.499,1.51797,1.51813,1.50,1.00
2015.11.11 13:05:00.603,1.51795,1.51813,1.37,1.00
2015.11.11 13:05:00.705,1.51792,1.51813,1.00,1.00
2015.11.11 13:05:00.919,1.51792,1.51811,1.00,1.00
2015.11.11 13:05:01.224,1.51787,1.518,1.00,1.00
2015.11.11 13:05:01.573,1.51777,1.51796,1.37,1.00
2015.11.11 13:05:01.624,1.51777,1.51791,1.37,1.00
2015.11.11 13:05:01.879,1.51777,1.51793,1.37,1.00
2015.11.11 13:05:02.333,1.51782,1.518,1.12,1.00
2015.11.11 13:05:02.537,1.51783,1.51793,1.00,1.00
2015.11.11 13:05:02.860,1.51781,1.51795,1.37,1.00
2015.11.11 13:05:02.911,1.51777,1.51795,1.37,1.00
2015.11.11 13:05:03.064,1.51777,1.51797,1.37,1.00
2015.11.11 13:05:03.116,1.51777,1.51799,1.37,1.00
2015.11.11 13:05:03.167,1.51777,1.51796,1.37,1.00
2015.11.11 13:05:03.372,1.51777,1.518,1.87,1.00
2015.11.11 13:05:03.424,1.51781,1.51797,1.00,1.00
2015.11.11 13:05:03.728,1.51775,1.51792,1.37,1.00
2015.11.11 13:05:04.270,1.51776,1.51794,1.37,1.00
2015.11.11 13:05:04.777,1.51776,1.51795,1.37,1.00
2015.11.11 13:05:04.930,1.51778,1.51795,1.37,1.00
2015.11.11 13:05:05.474,1.51779,1.51796,1.37,1.00
2015.11.11 13:05:05.831,1.51779,1.51798,1.37,1.00
2015.11.11 13:05:05.933,1.51779,1.51795,1.37,1.00
2015.11.11 13:05:06.035,1.51777,1.51795,1.00,1.00
2015.11.11 13:05:06.086,1.51776,1.51792,1.00,1.00
2015.11.11 13:05:06.341,1.51772,1.51793,1.00,1.00
2015.11.11 13:05:06.906,1.51769,1.5179,2.62,1.00
2015.11.11 13:05:07.211,1.51769,1.51788,1.87,1.00
2015.11.11 13:05:07.313,1.51769,1.51791,1.87,1.00
2015.11.11 13:05:07.620,1.51769,1.51788,1.87,1.00
2015.11.11 13:05:08.076,1.5177,1.51786,1.00,1.00
2015.11.11 13:05:08.393,1.51769,1.51793,1.87,1.37
2015.11.11 13:05:08.445,1.51774,1.51793,1.00,1.00
2015.11.11 13:05:08.952,1.51774,1.51795,1.12,1.37
2015.11.11 13:05:09.313,1.51774,1.51791,1.12,1.00
2015.11.11 13:05:09.365,1.51774,1.51793,1.12,1.00
2015.11.11 13:05:09.882,1.51774,1.51796,1.12,1.37
2015.11.11 13:05:11.565,1.51775,1.51796,1.00,1.37
2015.11.11 13:05:11.846,1.51782,1.51796,1.00,1.37
2015.11.11 13:05:11.897,1.51789,1.51805,1.00,1.37
2015.11.11 13:05:11.948,1.51791,1.51803,1.00,1.00
2015.11.11 13:05:11.999,1.51791,1.51806,1.00,1.00
2015.11.11 13:05:12.506,1.51789,1.51806,1.50,1.00
2015.11.11 13:05:13.156,1.51789,1.51797,1.50,1.00
2015.11.11 13:05:13.310,1.51782,1.51795,1.00,1.00
2015.11.11 13:05:13.362,1.51777,1.51795,1.87,1.00
2015.11.11 13:05:13.464,1.51784,1.51795,1.00,1.00
2015.11.11 13:05:13.617,1.51784,1.51802,1.00,1.00
2015.11.11 13:05:13.719,1.51784,1.51793,1.37,1.00
2015.11.11 13:05:13.770,1.51784,1.51795,1.00,1.00
2015.11.11 13:05:13.872,1.51787,1.51791,1.00,1.00
2015.11.11 13:05:13.975,1.51776,1.51784,1.00,1.00
2015.11.11 13:05:14.264,1.51771,1.5178,1.00,1.00
2015.11.11 13:05:14.316,1.51768,1.51775,1.00,1.00
2015.11.11 13:05:14.368,1.51763,1.5178,1.00,1.00
2015.11.11 13:05:14.420,1.51763,1.51782,1.50,1.00
2015.11.11 13:05:14.471,1.51765,1.51784,1.37,1.00
2015.11.11 13:05:14.776,1.51767,1.51782,1.12,1.00
2015.11.11 13:05:15.560,1.51764,1.51783,1.75,1.00
2015.11.11 13:05:15.866,1.51764,1.51781,1.37,1.00
2015.11.11 13:05:16.171,1.51764,1.51783,1.37,1.00
2015.11.11 13:05:16.324,1.51764,1.51785,1.37,1.00
2015.11.11 13:05:16.428,1.51764,1.51786,2.25,1.00
2015.11.11 13:05:16.633,1.51768,1.51789,1.37,1.00
2015.11.11 13:05:16.963,1.51769,1.51787,1.00,1.00
2015.11.11 13:05:17.167,1.51768,1.51789,1.12,1.00
2015.11.11 13:05:17.676,1.51767,1.5179,2.25,1.00
2015.11.11 13:05:17.930,1.51767,1.51788,2.25,1.00
2015.11.11 13:05:18.332,1.51769,1.51793,1.00,1.00
2015.11.11 13:05:18.434,1.51779,1.51796,1.00,1.12
2015.11.11 13:05:18.536,1.51777,1.51799,1.12,1.12
2015.11.11 13:05:18.690,1.5178,1.518,1.00,2.25
2015.11.11 13:05:18.742,1.51776,1.51798,1.87,1.00
2015.11.11 13:05:18.935,1.51776,1.51793,1.00,1.00
2015.11.11 13:05:19.454,1.51774,1.5179,1.00,1.37
2015.11.11 13:05:19.505,1.51769,1.5179,2.25,1.00
2015.11.11 13:05:19.556,1.51769,1.51792,2.25,1.00
2015.11.11 13:05:19.658,1.51769,1.51788,2.25,1.00
2015.11.11 13:05:19.762,1.51772,1.51791,1.00,1.00
2015.11.11 13:05:19.864,1.5177,1.51792,1.12,1.50
2015.11.11 13:05:19.965,1.51772,1.51795,1.37,1.00
2015.11.11 13:05:20.270,1.5177,1.51789,1.37,1.00
2015.11.11 13:05:20.322,1.51768,1.51789,1.87,1.00
2015.11.11 13:05:20.373,1.51767,1.51789,1.12,1.12
2015.11.11 13:05:20.748,1.51768,1.51787,1.00,1.00
2015.11.11 13:05:21.357,1.51768,1.51789,1.00,1.12
2015.11.11 13:05:21.408,1.51768,1.51784,1.00,1.00
2015.11.11 13:05:21.612,1.51768,1.51787,1.00,1.12
2015.11.11 13:05:22.181,1.51764,1.51789,1.00,2.25
2015.11.11 13:05:22.232,1.51765,1.51787,1.00,1.12
2015.11.11 13:05:22.283,1.51763,1.51787,1.00,1.87
2015.11.11 13:05:22.334,1.51762,1.51785,1.00,1.50
2015.11.11 13:05:22.850,1.51761,1.51783,1.00,1.12
2015.11.11 13:05:23.155,1.51763,1.51781,1.00,1.87
2015.11.11 13:05:23.206,1.5176,1.51781,1.00,1.87
2015.11.11 13:05:23.257,1.51762,1.51778,1.00,1.00
2015.11.11 13:05:23.359,1.51762,1.51781,1.00,1.37
2015.11.11 13:05:24.125,1.51745,1.5177,3.00,1.87
2015.11.11 13:05:24.177,1.51745,1.51766,2.62,1.00
2015.11.11 13:05:24.684,1.51745,1.51766,1.12,1.00
2015.11.11 13:05:25.200,1.51746,1.51766,1.00,1.00
2015.11.11 13:05:25.353,1.51746,1.5177,1.00,3.37
2015.11.11 13:05:25.636,1.51745,1.51769,1.00,1.37
2015.11.11 13:05:25.943,1.51748,1.51769,1.00,1.00
2015.11.11 13:05:26.247,1.51759,1.51776,1.00,1.00
2015.11.11 13:05:26.350,1.5176,1.51784,1.00,4.12
2015.11.11 13:05:26.401,1.51762,1.51784,1.00,3.37
2015.11.11 13:05:26.453,1.51762,1.51785,1.87,1.37
2015.11.11 13:05:27.111,1.51764,1.51787,1.00,1.50
2015.11.11 13:05:27.614,1.51764,1.51787,1.37,1.37
2015.11.11 13:05:27.936,1.51764,1.51787,1.37,1.12
2015.11.11 13:05:28.418,1.51764,1.51787,1.00,1.87
2015.11.11 13:05:28.948,1.51765,1.51785,1.50,1.37
2015.11.11 13:05:29.489,1.51766,1.51785,1.00,1.37
2015.11.11 13:05:31.374,1.51763,1.51786,1.00,1.87
2015.11.11 13:05:31.861,1.51761,1.51785,1.50,1.87
2015.11.11 13:05:32.368,1.51763,1.51784,1.00,1.00
2015.11.11 13:05:32.673,1.5177,1.51787,1.00,1.87
2015.11.11 13:05:32.977,1.5177,1.51779,1.00,1.00
2015.11.11 13:05:33.671,1.51772,1.51784,1.00,1.00
2015.11.11 13:05:34.178,1.51772,1.51785,1.00,1.00
2015.11.11 13:05:36.730,1.51772,1.51784,1.00,1.00
2015.11.11 13:05:37.353,1.51772,1.51785,1.00,1.00
2015.11.11 13:05:38.124,1.51772,1.51784,1.00,1.00
2015.11.11 13:05:39.274,1.51772,1.51787,1.00,1.00
2015.11.11 13:05:39.325,1.51772,1.51789,1.00,1.00
2015.11.11 13:05:39.376,1.51771,1.51792,1.37,1.12
2015.11.11 13:05:39.427,1.51772,1.51792,1.50,1.12
2015.11.11 13:05:39.733,1.51777,1.51793,1.00,1.00
2015.11.11 13:05:40.244,1.51776,1.51793,1.00,1.00
2015.11.11 13:05:40.619,1.51776,1.51789,1.00,1.00
2015.11.11 13:05:40.670,1.51776,1.51791,1.00,1.00
2015.11.11 13:05:41.812,1.51776,1.51794,1.00,1.00
2015.11.11 13:05:41.864,1.51782,1.51794,1.00,1.00
2015.11.11 13:05:43.270,1.51781,1.51794,1.00,1.00
2015.11.11 13:05:43.372,1.51779,1.51794,1.00,1.00
2015.11.11 13:05:43.570,1.51779,1.51791,1.00,1.00
2015.11.11 13:05:43.672,1.51778,1.51793,1.00,1.00
2015.11.11 13:05:43.774,1.51778,1.51791,1.00,1.00
2015.11.11 13:05:43.876,1.51772,1.51789,1.87,1.00
2015.11.11 13:05:43.978,1.51772,1.51789,1.00,1.00
2015.11.11 13:05:44.281,1.51771,1.51787,1.50,1.00
2015.11.11 13:05:44.590,1.5177,1.51783,1.00,1.00
2015.11.11 13:05:44.924,1.5177,1.51781,1.00,1.00
2015.11.11 13:05:45.592,1.51769,1.51781,1.00,1.00
2015.11.11 13:05:47.498,1.5177,1.51781,1.00,1.00
2015.11.11 13:05:48.789,1.51763,1.51779,2.62,1.00
2015.11.11 13:05:49.297,1.51762,1.51779,1.00,1.00
2015.11.11 13:05:49.808,1.51762,1.51777,1.00,1.00
2015.11.11 13:05:50.011,1.5176,1.51777,1.00,1.00
2015.11.11 13:05:54.412,1.5176,1.51779,1.50,1.00
2015.11.11 13:05:56.289,1.5176,1.51779,2.25,1.00
2015.11.11 13:05:58.787,1.5176,1.51779,1.87,1.00
2015.11.11 13:05:58.888,1.5176,1.51779,1.87,1.00
2015.11.11 13:05:58.939,1.5176,1.51777,1.87,1.00
2015.11.11 13:06:00.482,1.5176,1.51776,1.87,1.00
2015.11.11 13:06:00.786,1.51758,1.51774,1.00,1.00
2015.11.11 13:06:00.888,1.51756,1.51774,1.00,1.00
2015.11.11 13:06:02.159,1.51756,1.51772,1.00,1.00
2015.11.11 13:06:02.210,1.51756,1.51775,1.00,1.12
2015.11.11 13:06:02.413,1.51759,1.51779,1.50,1.00
2015.11.11 13:06:03.000,1.51764,1.51779,1.00,1.00
2015.11.11 13:06:03.309,1.51753,1.51771,1.00,2.25
2015.11.11 13:06:03.816,1.51753,1.51771,1.00,1.50
2015.11.11 13:06:04.341,1.5175,1.51761,1.00,1.00
2015.11.11 13:06:05.063,1.5175,1.5176,1.00,1.00
2015.11.11 13:06:05.124,1.51748,1.51759,1.00,1.00
2015.11.11 13:06:05.175,1.5174,1.51759,1.00,1.00
2015.11.11 13:06:05.226,1.5174,1.51757,1.00,1.00
2015.11.11 13:06:05.738,1.5174,1.51755,1.12,1.00
2015.11.11 13:06:05.897,1.51735,1.51754,2.25,1.00
2015.11.11 13:06:06.310,1.51736,1.51756,1.50,1.00
2015.11.11 13:06:07.154,1.51736,1.51754,1.50,1.00
2015.11.11 13:06:07.458,1.51735,1.51749,1.50,1.00
2015.11.11 13:06:07.559,1.51733,1.51749,1.37,1.00
2015.11.11 13:06:07.610,1.51732,1.51753,1.37,1.12
2015.11.11 13:06:07.661,1.51731,1.51753,1.00,1.12
2015.11.11 13:06:07.712,1.51731,1.5175,1.00,1.00
2015.11.11 13:06:07.814,1.51734,1.51757,1.37,1.00
2015.11.11 13:06:08.017,1.51736,1.51757,1.37,1.00
2015.11.11 13:06:08.364,1.51733,1.51752,1.37,1.00
2015.11.11 13:06:08.416,1.51732,1.51752,1.00,1.00
2015.11.11 13:06:08.933,1.51731,1.51751,1.37,1.00
2015.11.11 13:06:09.339,1.51731,1.51753,1.37,1.00
2015.11.11 13:06:09.441,1.51735,1.51754,1.37,1.00
2015.11.11 13:06:10.032,1.51735,1.51758,1.87,1.12
2015.11.11 13:06:10.867,1.51738,1.5176,1.00,1.87
2015.11.11 13:06:11.886,1.51735,1.5176,2.62,2.25
2015.11.11 13:06:12.395,1.51737,1.5176,1.00,2.25
2015.11.11 13:06:15.347,1.5174,1.5176,1.00,2.25
2015.11.11 13:06:15.449,1.51737,1.5176,1.00,2.25
2015.11.11 13:06:15.831,1.51739,1.5176,1.00,2.25
2015.11.11 13:06:16.144,1.51736,1.51758,1.00,1.12
2015.11.11 13:06:16.195,1.51736,1.51756,1.00,1.87
2015.11.11 13:06:16.499,1.51736,1.51753,1.00,1.50
2015.11.11 13:06:16.651,1.51736,1.51755,1.00,1.00
2015.11.11 13:06:17.194,1.51737,1.51755,1.50,1.00
2015.11.11 13:06:17.700,1.51738,1.51757,1.00,1.00
2015.11.11 13:06:17.853,1.5174,1.51759,1.00,1.37
2015.11.11 13:06:18.005,1.51744,1.51763,1.00,1.00
2015.11.11 13:06:18.856,1.51745,1.51764,1.00,1.00
2015.11.11 13:06:18.908,1.51746,1.51767,1.00,1.50
2015.11.11 13:06:20.381,1.51748,1.51767,1.00,1.12
2015.11.11 13:06:20.888,1.51747,1.51767,1.00,1.12
2015.11.11 13:06:21.652,1.51744,1.51767,1.50,2.25
2015.11.11 13:06:21.754,1.51743,1.51764,1.75,1.00
2015.11.11 13:06:22.373,1.51747,1.51767,1.12,1.00
2015.11.11 13:06:22.475,1.51744,1.51765,1.87,1.00
2015.11.11 13:06:22.680,1.51744,1.51764,1.00,1.12
2015.11.11 13:06:22.782,1.51748,1.51765,1.00,1.50
2015.11.11 13:06:23.036,1.51748,1.51767,1.00,1.12
2015.11.11 13:06:23.290,1.51752,1.51767,1.00,1.12
2015.11.11 13:06:23.667,1.51754,1.51771,1.00,1.00
2015.11.11 13:06:23.718,1.51752,1.51772,1.00,1.00
2015.11.11 13:06:23.769,1.5175,1.51771,1.00,1.00
2015.11.11 13:06:23.820,1.51752,1.51771,1.00,1.37
2015.11.11 13:06:24.075,1.51754,1.51775,1.00,4.50
2015.11.11 13:06:24.582,1.51755,1.51775,1.00,1.87
2015.11.11 13:06:25.118,1.51755,1.51775,1.00,1.50
2015.11.11 13:06:26.998,1.51757,1.51775,1.00,1.50
2015.11.11 13:06:30.011,1.51755,1.51775,1.00,1.12
2015.11.11 13:06:30.895,1.51758,1.51775,1.00,2.25
2015.11.11 13:06:31.403,1.51758,1.51776,1.12,1.00
2015.11.11 13:06:31.454,1.51764,1.51776,1.00,1.00
2015.11.11 13:06:31.505,1.51764,1.51779,1.00,1.37
2015.11.11 13:06:31.556,1.51764,1.51782,1.00,1.00
2015.11.11 13:06:31.658,1.51767,1.51785,1.00,1.00
2015.11.11 13:06:31.760,1.51767,1.51789,1.00,1.12
2015.11.11 13:06:32.190,1.5177,1.51786,2.17,1.37
2015.11.11 13:06:32.294,1.51767,1.51786,1.50,1.37
2015.11.11 13:06:32.598,1.51768,1.51789,1.00,1.37
2015.11.11 13:06:33.055,1.51764,1.51788,1.00,2.25
2015.11.11 13:06:33.447,1.51767,1.51785,1.00,1.00
2015.11.11 13:06:33.498,1.51767,1.51789,1.00,1.75
2015.11.11 13:06:34.309,1.51769,1.51789,1.00,1.75
2015.11.11 13:06:35.013,1.51769,1.51789,1.00,1.37
2015.11.11 13:06:36.293,1.51769,1.51789,1.00,1.12
2015.11.11 13:06:36.817,1.51768,1.51789,1.00,1.12
2015.11.11 13:06:37.173,1.5177,1.51789,1.00,1.50
2015.11.11 13:06:37.480,1.51776,1.51796,1.00,1.87
2015.11.11 13:06:37.531,1.51773,1.51796,1.00,1.87
2015.11.11 13:06:38.187,1.51773,1.51795,1.00,1.87
2015.11.11 13:06:38.657,1.51771,1.51791,1.50,1.00
2015.11.11 13:06:38.963,1.51767,1.51786,1.00,1.37
2015.11.11 13:06:39.320,1.5177,1.51787,1.00,1.37
2015.11.11 13:06:39.846,1.51769,1.51788,1.00,1.50
2015.11.11 13:06:39.898,1.51767,1.51788,1.00,1.50
2015.11.11 13:06:40.151,1.51769,1.51788,1.00,1.50
2015.11.11 13:06:40.458,1.51777,1.51791,1.00,1.12
2015.11.11 13:06:40.563,1.51774,1.51796,1.00,1.75
2015.11.11 13:06:40.614,1.51774,1.51791,1.00,1.37
2015.11.11 13:06:40.945,1.51774,1.51795,1.00,3.00
2015.11.11 13:06:41.047,1.51774,1.51791,1.00,1.00
2015.11.11 13:06:41.620,1.51776,1.51791,1.00,1.00
2015.11.11 13:06:41.671,1.51776,1.51793,1.00,1.12
2015.11.11 13:06:42.449,1.51779,1.51795,1.00,2.62
2015.11.11 13:06:42.957,1.5178,1.51794,1.00,1.00
2015.11.11 13:06:43.443,1.51783,1.51797,1.00,1.12
2015.11.11 13:06:43.545,1.51779,1.51797,1.00,1.12
2015.11.11 13:06:44.144,1.51776,1.51797,1.00,1.75
2015.11.11 13:06:44.905,1.51777,1.51795,1.00,1.00
2015.11.11 13:06:45.435,1.51776,1.51795,1.00,1.00
2015.11.11 13:06:45.487,1.51778,1.51798,1.00,2.25
2015.11.11 13:06:45.795,1.5178,1.51798,1.00,1.37
2015.11.11 13:06:46.558,1.51776,1.51798,1.00,1.37
2015.11.11 13:06:46.610,1.51778,1.51798,1.00,1.37
2015.11.11 13:06:46.865,1.51773,1.51798,1.87,1.87
2015.11.11 13:06:47.404,1.51772,1.51795,1.87,1.37
2015.11.11 13:06:47.911,1.51772,1.51795,1.00,1.37
2015.11.11 13:06:48.427,1.51772,1.51794,1.00,1.75
2015.11.11 13:06:49.472,1.51769,1.51793,1.37,1.50
2015.11.11 13:06:49.948,1.51772,1.51793,1.00,1.50
2015.11.11 13:06:50.467,1.51773,1.51795,1.00,1.50
2015.11.11 13:06:50.619,1.51777,1.51795,1.00,1.12
2015.11.11 13:06:50.822,1.51779,1.518,1.37,1.37
2015.11.11 13:06:50.924,1.51777,1.51798,1.37,1.37
2015.11.11 13:06:51.076,1.51776,1.51798,1.37,1.87
2015.11.11 13:06:51.127,1.51774,1.51798,1.00,3.00
2015.11.11 13:06:51.178,1.51777,1.51798,1.00,3.00
2015.11.11 13:06:51.797,1.51778,1.51798,1.00,3.00
2015.11.11 13:06:52.153,1.51778,1.51798,1.00,2.25
2015.11.11 13:06:53.331,1.51778,1.51798,1.00,1.12
2015.11.11 13:06:53.881,1.51775,1.51798,1.00,1.12
2015.11.11 13:06:54.402,1.51774,1.51798,1.00,1.12
2015.11.11 13:06:55.290,1.51774,1.51798,1.00,1.50
2015.11.11 13:06:55.752,1.51775,1.5179,1.00,1.37
2015.11.11 13:06:55.904,1.5177,1.51788,1.00,1.00
2015.11.11 13:06:55.957,1.5177,1.5179,1.00,1.00
2015.11.11 13:06:56.742,1.51774,1.51792,1.00,1.00
2015.11.11 13:06:56.793,1.51771,1.51792,1.37,1.00
2015.11.11 13:06:56.844,1.51771,1.5179,1.37,1.00
2015.11.11 13:06:56.947,1.51766,1.51788,1.37,1.00
2015.11.11 13:06:58.120,1.51769,1.51791,1.00,1.37
2015.11.11 13:07:00.018,1.51769,1.51793,1.00,1.87
2015.11.11 13:07:00.069,1.51772,1.51793,1.00,1.87
2015.11.11 13:07:01.389,1.51774,1.51793,1.00,1.50
2015.11.11 13:07:01.852,1.51774,1.51795,1.00,1.12
2015.11.11 13:07:02.005,1.51777,1.51797,1.00,2.25
2015.11.11 13:07:02.520,1.51777,1.51798,1.00,1.87
2015.11.11 13:07:03.125,1.51778,1.51798,1.00,1.37
2015.11.11 13:07:03.549,1.51779,1.51795,1.00,1.87
2015.11.11 13:07:03.600,1.51776,1.51795,1.00,1.87
2015.11.11 13:07:03.651,1.51776,1.51795,1.00,1.00
2015.11.11 13:07:04.056,1.51783,1.51796,1.00,1.50
2015.11.11 13:07:04.158,1.51775,1.51799,1.00,1.50
2015.11.11 13:07:04.209,1.51775,1.51799,1.00,1.12
2015.11.11 13:07:04.261,1.51773,1.51795,1.12,1.00
2015.11.11 13:07:04.565,1.51775,1.51795,1.00,1.00
2015.11.11 13:07:04.929,1.51774,1.51793,1.00,1.50
2015.11.11 13:07:06.329,1.51776,1.51793,1.00,1.50
2015.11.11 13:07:06.683,1.5178,1.51793,1.00,1.00
2015.11.11 13:07:06.735,1.51781,1.51798,1.37,1.00
2015.11.11 13:07:08.691,1.51781,1.51798,1.12,1.00
2015.11.11 13:07:09.586,1.51781,1.51798,1.37,1.00
2015.11.11 13:07:09.790,1.51779,1.51798,1.87,1.00
2015.11.11 13:07:12.926,1.51782,1.51798,1.00,1.00
2015.11.11 13:07:13.108,1.51779,1.51798,1.87,1.00
2015.11.11 13:07:13.261,1.51779,1.51798,1.37,2.25
2015.11.11 13:07:13.413,1.51778,1.51797,1.87,1.50
2015.11.11 13:07:13.566,1.51781,1.51797,1.00,1.00
2015.11.11 13:07:13.872,1.51783,1.51801,1.12,1.37
2015.11.11 13:07:15.772,1.51784,1.51801,1.00,1.37
2015.11.11 13:07:16.279,1.51786,1.51804,1.00,1.87
2015.11.11 13:07:17.056,1.51787,1.51804,1.00,1.87
2015.11.11 13:07:17.157,1.51791,1.51805,1.00,1.75
2015.11.11 13:07:17.208,1.51791,1.51809,1.00,1.37
2015.11.11 13:07:17.259,1.51791,1.5181,1.00,1.00
2015.11.11 13:07:17.310,1.51793,1.51811,1.00,1.50
2015.11.11 13:07:17.767,1.51795,1.51815,1.00,2.25
2015.11.11 13:07:18.402,1.51795,1.51815,1.00,1.37
2015.11.11 13:07:18.712,1.51793,1.51815,1.00,1.87
2015.11.11 13:07:19.570,1.51797,1.51813,1.00,1.00
2015.11.11 13:07:20.045,1.51805,1.51818,1.00,1.00
2015.11.11 13:07:20.096,1.51791,1.51813,1.12,1.75
2015.11.11 13:07:20.147,1.51793,1.51813,1.00,1.75
2015.11.11 13:07:21.493,1.51792,1.51813,1.00,1.75
2015.11.11 13:07:22.010,1.51792,1.51813,1.00,1.37
2015.11.11 13:07:22.062,1.51792,1.51813,1.00,1.00
2015.11.11 13:07:22.214,1.51794,1.51815,1.00,2.25
2015.11.11 13:07:22.548,1.518,1.51815,1.00,2.25
2015.11.11 13:07:22.752,1.518,1.5182,1.00,1.00
2015.11.11 13:07:22.853,1.51803,1.51824,1.00,1.87
2015.11.11 13:07:23.401,1.51803,1.51823,1.00,1.50
2015.11.11 13:07:23.705,1.51808,1.51825,1.00,1.37
2015.11.11 13:07:23.756,1.51808,1.51825,1.00,1.00
2015.11.11 13:07:23.909,1.51806,1.51827,1.00,1.87
2015.11.11 13:07:24.111,1.51803,1.51821,1.00,1.00
2015.11.11 13:07:24.416,1.51795,1.51812,1.00,1.37
2015.11.11 13:07:24.782,1.51795,1.51814,1.00,1.75
2015.11.11 13:07:25.037,1.518,1.51814,1.00,1.75
2015.11.11 13:07:25.088,1.51799,1.51818,1.00,1.87
2015.11.11 13:07:25.139,1.51801,1.51818,1.00,1.50
2015.11.11 13:07:25.393,1.51794,1.51814,1.87,1.00
2015.11.11 13:07:25.494,1.51794,1.5181,1.87,1.00
2015.11.11 13:07:25.800,1.51789,1.51801,1.00,1.00
2015.11.11 13:07:26.404,1.51789,1.518,1.00,1.00
2015.11.11 13:07:26.921,1.5179,1.51803,1.00,1.00
2015.11.11 13:07:26.972,1.51788,1.51806,1.00,1.37
2015.11.11 13:07:27.075,1.51789,1.51803,1.00,1.00
2015.11.11 13:07:27.126,1.51789,1.51805,1.00,1.00
2015.11.11 13:07:27.802,1.51789,1.51806,1.00,1.00
2015.11.11 13:07:28.348,1.51789,1.51806,1.37,1.00
2015.11.11 13:07:28.399,1.51789,1.5181,1.37,1.00
2015.11.11 13:07:28.907,1.51795,1.51812,1.00,1.37
2015.11.11 13:07:29.862,1.51795,1.51812,1.00,1.00
2015.11.11 13:07:30.384,1.51795,1.51813,1.00,1.50
2015.11.11 13:07:30.781,1.51793,1.51813,1.00,1.50
2015.11.11 13:07:32.310,1.51793,1.51815,1.00,1.00
2015.11.11 13:07:34.484,1.51796,1.51815,1.00,1.00
2015.11.11 13:07:34.535,1.51794,1.51815,1.00,1.00
2015.11.11 13:07:35.804,1.51794,1.51816,1.00,2.25
2015.11.11 13:07:36.209,1.51794,1.51816,1.00,1.50
2015.11.11 13:07:38.408,1.51793,1.51815,1.12,1.00
2015.11.11 13:07:38.561,1.51793,1.51815,1.12,1.37
2015.11.11 13:07:39.080,1.51794,1.51815,1.00,1.75
2015.11.11 13:07:39.423,1.51787,1.51809,3.00,1.00
2015.11.11 13:07:39.729,1.51788,1.51811,1.37,1.00
2015.11.11 13:07:40.034,1.51793,1.51813,1.00,1.00
2015.11.11 13:07:40.339,1.51793,1.51811,1.00,1.00
2015.11.11 13:07:41.267,1.5179,1.51813,1.87,1.37
2015.11.11 13:07:41.640,1.5179,1.51815,1.87,2.25
2015.11.11 13:07:43.837,1.51793,1.51815,1.00,1.75
2015.11.11 13:07:44.304,1.51791,1.51815,1.12,2.25
2015.11.11 13:07:47.498,1.51793,1.51817,1.00,1.87
2015.11.11 13:07:47.549,1.51793,1.51817,1.00,1.87
2015.11.11 13:07:48.057,1.51791,1.51816,3.00,1.12
2015.11.11 13:07:48.462,1.51795,1.51817,1.00,1.37
2015.11.11 13:07:49.130,1.51795,1.51816,1.00,1.50
2015.11.11 13:07:49.436,1.51795,1.51814,1.00,1.37
2015.11.11 13:07:49.590,1.51793,1.51814,1.00,1.37
2015.11.11 13:07:49.692,1.51791,1.51814,1.12,1.37
2015.11.11 13:07:50.200,1.5179,1.51813,1.00,3.75
2015.11.11 13:07:50.982,1.5179,1.51812,1.00,1.12
2015.11.11 13:07:51.931,1.51787,1.51811,1.50,1.50
2015.11.11 13:07:51.982,1.51787,1.51807,1.00,1.37
2015.11.11 13:07:52.084,1.51785,1.51807,1.00,1.37
2015.11.11 13:07:52.645,1.51789,1.51808,1.00,1.12
2015.11.11 13:07:52.746,1.51789,1.51809,1.00,1.12
2015.11.11 13:07:52.848,1.51789,1.5181,1.00,1.00
2015.11.11 13:07:53.000,1.51789,1.51811,1.00,1.75
2015.11.11 13:07:53.254,1.51787,1.51808,1.00,1.00
2015.11.11 13:07:53.407,1.51787,1.51807,1.00,1.50
2015.11.11 13:07:53.931,1.51785,1.51805,1.00,2.25
2015.11.11 13:07:54.239,1.51786,1.51805,1.00,1.00
2015.11.11 13:07:55.757,1.51785,1.51807,1.00,2.25
2015.11.11 13:07:55.808,1.51786,1.51807,1.00,2.25
2015.11.11 13:07:57.176,1.5179,1.51807,1.00,2.25
2015.11.11 13:07:57.471,1.5179,1.51808,1.00,1.75
2015.11.11 13:07:57.625,1.51786,1.51808,1.00,1.75
2015.11.11 13:07:57.676,1.51785,1.51806,1.12,1.50
2015.11.11 13:07:57.779,1.51783,1.51803,1.50,1.75
2015.11.11 13:07:58.287,1.51783,1.51802,1.00,1.50
2015.11.11 13:07:58.861,1.5179,1.51804,1.00,1.00
2015.11.11 13:07:59.075,1.5179,1.51811,1.00,1.00
2015.11.11 13:07:59.127,1.51792,1.51811,1.00,1.00
2015.11.11 13:07:59.438,1.51797,1.51814,1.00,2.62
2015.11.11 13:07:59.692,1.51794,1.51815,1.00,1.12
2015.11.11 13:07:59.794,1.51796,1.51815,1.00,1.12
2015.11.11 13:07:59.895,1.51796,1.51815,1.00,1.37
2015.11.11 13:08:00.774,1.51792,1.51815,1.00,1.37
2015.11.11 13:08:01.281,1.51793,1.51815,1.50,1.12
2015.11.11 13:08:01.484,1.51795,1.51815,1.00,1.12
2015.11.11 13:08:02.695,1.51795,1.51815,1.00,1.37
2015.11.11 13:08:03.212,1.51794,1.51815,1.00,1.37
2015.11.11 13:08:03.516,1.51796,1.51815,1.00,1.37
2015.11.11 13:08:04.785,1.51799,1.51817,1.00,1.75
2015.11.11 13:08:05.605,1.51799,1.51816,1.00,1.00
2015.11.11 13:08:06.566,1.51797,1.51816,1.00,1.00
2015.11.11 13:08:06.618,1.51795,1.51816,1.00,1.00
2015.11.11 13:08:06.669,1.51793,1.51816,2.25,2.62
2015.11.11 13:08:06.974,1.51789,1.51806,1.00,1.00
2015.11.11 13:08:07.485,1.51794,1.51812,1.00,1.75
2015.11.11 13:08:08.148,1.51794,1.51811,1.00,1.00
2015.11.11 13:08:08.685,1.51791,1.51811,1.50,1.37
2015.11.11 13:08:09.150,1.5179,1.51808,1.00,1.37
2015.11.11 13:08:10.052,1.5179,1.51808,1.00,1.37
2015.11.11 13:08:10.255,1.5179,1.51808,1.00,1.12
2015.11.11 13:08:11.027,1.51784,1.51796,1.00,1.37
2015.11.11 13:08:11.079,1.51775,1.51796,1.00,1.87
2015.11.11 13:08:11.131,1.51778,1.51796,1.00,2.25
2015.11.11 13:08:11.234,1.51777,1.51796,1.00,1.00
2015.11.11 13:08:11.285,1.51781,1.51796,1.37,1.00
2015.11.11 13:08:11.387,1.51781,1.51799,1.37,1.50
2015.11.11 13:08:11.692,1.51779,1.51798,1.12,1.00
2015.11.11 13:08:11.743,1.51779,1.51798,1.12,1.37
2015.11.11 13:08:11.844,1.51776,1.51798,1.37,1.75
2015.11.11 13:08:12.172,1.51775,1.51795,1.50,1.87
2015.11.11 13:08:12.476,1.51778,1.51794,1.00,1.37
2015.11.11 13:08:12.730,1.5178,1.51799,1.00,1.75
2015.11.11 13:08:12.882,1.51784,1.51799,1.00,1.37
2015.11.11 13:08:12.933,1.51781,1.51801,1.00,1.75
2015.11.11 13:08:13.086,1.51783,1.51801,1.00,1.37
2015.11.11 13:08:13.611,1.51783,1.51805,1.00,4.50
2015.11.11 13:08:13.662,1.51786,1.51805,1.00,4.50
2015.11.11 13:08:14.169,1.51787,1.51807,1.00,1.75
2015.11.11 13:08:14.322,1.51787,1.51807,1.00,1.75
2015.11.11 13:08:14.373,1.51794,1.51807,1.00,1.75
2015.11.11 13:08:14.425,1.51791,1.51807,1.00,1.37
2015.11.11 13:08:15.242,1.51792,1.51812,1.00,1.37
2015.11.11 13:08:15.750,1.5179,1.51813,1.87,1.12
2015.11.11 13:08:15.852,1.5179,1.51813,1.87,1.12
2015.11.11 13:08:16.622,1.51788,1.51807,1.12,1.37
2015.11.11 13:08:16.673,1.51787,1.51807,1.37,1.75
2015.11.11 13:08:16.724,1.51784,1.51805,1.00,1.12
2015.11.11 13:08:16.775,1.51785,1.51806,1.00,1.12
2015.11.11 13:08:16.877,1.51785,1.51806,1.00,1.50
2015.11.11 13:08:16.928,1.51783,1.51806,1.00,2.25
2015.11.11 13:08:17.082,1.51785,1.51805,1.00,1.87
2015.11.11 13:08:17.589,1.51783,1.51803,1.00,1.12
2015.11.11 13:08:18.131,1.51783,1.51803,1.00,1.12
2015.11.11 13:08:18.762,1.51789,1.51803,1.00,1.12
2015.11.11 13:08:18.915,1.51793,1.51806,1.00,1.00
2015.11.11 13:08:18.966,1.51793,1.51813,1.00,1.75
2015.11.11 13:08:19.119,1.51795,1.51816,1.00,2.25
2015.11.11 13:08:19.642,1.51796,1.51816,1.00,1.75
2015.11.11 13:08:19.846,1.51791,1.51814,1.00,2.25
2015.11.11 13:08:19.897,1.51789,1.51813,1.12,1.87
2015.11.11 13:08:20.405,1.51789,1.51812,1.12,2.62
2015.11.11 13:08:20.761,1.51789,1.51812,1.12,2.62
2015.11.11 13:08:21.775,1.51789,1.51812,1.12,2.62
2015.11.11 13:08:22.120,1.51786,1.51811,1.50,1.37
2015.11.11 13:08:22.626,1.51786,1.51807,1.00,1.37
2015.11.11 13:08:23.085,1.51785,1.51804,1.87,1.37
2015.11.11 13:08:23.238,1.51781,1.51804,1.87,2.62
2015.11.11 13:08:23.339,1.51784,1.51801,1.00,1.00
2015.11.11 13:08:23.390,1.5178,1.51803,1.00,1.37
2015.11.11 13:08:23.694,1.51781,1.51803,1.00,1.50
2015.11.11 13:08:23.847,1.51779,1.51803,1.00,1.50
2015.11.11 13:08:24.649,1.51777,1.51798,1.75,1.37
2015.11.11 13:08:24.700,1.51775,1.51798,2.25,1.37
2015.11.11 13:08:25.005,1.51775,1.51798,1.50,1.37
2015.11.11 13:08:26.340,1.51773,1.51794,1.00,1.37
2015.11.11 13:08:26.495,1.51771,1.51794,1.37,1.37
2015.11.11 13:08:27.007,1.51771,1.51794,1.37,1.37
2015.11.11 13:08:29.391,1.51771,1.51795,1.87,1.50
2015.11.11 13:08:29.902,1.51773,1.51798,1.00,2.62
2015.11.11 13:08:30.517,1.51771,1.51795,3.37,1.37
2015.11.11 13:08:31.611,1.51771,1.51793,1.37,1.37
2015.11.11 13:08:32.018,1.51771,1.5179,1.37,1.50
2015.11.11 13:08:32.069,1.51768,1.51789,1.37,1.37
2015.11.11 13:08:32.172,1.51766,1.51789,1.87,1.37
2015.11.11 13:08:32.477,1.51766,1.51783,1.87,1.00
2015.11.11 13:08:33.169,1.51765,1.51782,1.00,1.00
2015.11.11 13:08:33.321,1.51765,1.51784,1.87,1.00
2015.11.11 13:08:33.423,1.51766,1.51784,1.50,1.12
2015.11.11 13:08:33.627,1.51768,1.51786,1.50,1.00
2015.11.11 13:08:33.830,1.51771,1.51783,1.00,1.00
2015.11.11 13:08:34.632,1.5177,1.51781,1.00,1.12
2015.11.11 13:08:34.687,1.51767,1.51781,1.37,1.00
2015.11.11 13:08:35.347,1.51764,1.51781,1.50,1.00
2015.11.11 13:08:35.874,1.51764,1.51785,2.25,1.37
2015.11.11 13:08:36.179,1.51769,1.51785,1.50,1.00
2015.11.11 13:08:37.059,1.51769,1.51787,1.87,1.37
2015.11.11 13:08:37.364,1.51772,1.51787,1.37,1.00
2015.11.11 13:08:37.415,1.51773,1.51789,1.12,1.00
2015.11.11 13:08:38.064,1.51773,1.51789,1.37,1.00
2015.11.11 13:08:38.166,1.51772,1.51787,1.12,1.00
2015.11.11 13:08:38.572,1.5177,1.51787,1.00,1.00
2015.11.11 13:08:41.157,1.5177,1.51784,1.00,1.00
2015.11.11 13:08:41.514,1.51767,1.51782,1.75,1.00
2015.11.11 13:08:41.565,1.51767,1.51783,1.00,1.00
2015.11.11 13:08:41.617,1.51767,1.51781,1.00,1.00
2015.11.11 13:08:41.972,1.51762,1.5178,1.37,1.00
2015.11.11 13:08:42.024,1.51762,1.51778,1.37,1.00
2015.11.11 13:08:42.962,1.51762,1.51777,1.87,1.00
2015.11.11 13:08:43.166,1.51758,1.51775,1.87,1.00
2015.11.11 13:08:43.268,1.51756,1.51775,1.00,1.12
2015.11.11 13:08:43.318,1.51756,1.51773,1.00,1.00
2015.11.11 13:08:43.623,1.51755,1.51763,1.37,1.00
2015.11.11 13:08:44.165,1.5175,1.51763,1.75,1.00
2015.11.11 13:08:44.227,1.5175,1.51767,1.75,1.00
2015.11.11 13:08:44.278,1.5175,1.51769,1.75,1.00
2015.11.11 13:08:44.380,1.51756,1.51769,1.00,1.00
2015.11.11 13:08:44.482,1.51753,1.51769,1.00,1.00
2015.11.11 13:08:44.584,1.51757,1.51769,1.00,1.00
2015.11.11 13:08:45.300,1.51756,1.51769,1.00,1.00
2015.11.11 13:08:45.664,1.51756,1.51771,1.00,1.12
2015.11.11 13:08:45.970,1.51756,1.51775,1.00,1.37
2015.11.11 13:08:46.073,1.51756,1.51776,1.00,1.00
2015.11.11 13:08:46.124,1.51758,1.51778,1.00,1.50
2015.11.11 13:08:46.706,1.51766,1.51779,1.00,1.12
2015.11.11 13:08:46.757,1.51759,1.51779,1.37,1.12
2015.11.11 13:08:49.688,1.51758,1.5178,3.37,1.00
2015.11.11 13:08:50.842,1.51759,1.51779,1.50,1.00
2015.11.11 13:08:50.995,1.51758,1.51779,1.50,1.00
2015.11.11 13:08:51.744,1.51759,1.51779,1.00,1.00
2015.11.11 13:08:52.316,1.51758,1.51779,1.50,1.00
2015.11.11 13:08:54.003,1.51765,1.51785,1.00,1.00
2015.11.11 13:08:54.308,1.51761,1.51779,1.50,1.00
2015.11.11 13:08:54.613,1.5176,1.51776,1.37,1.00
2015.11.11 13:08:54.715,1.51758,1.51776,1.50,1.00
2015.11.11 13:08:56.113,1.51756,1.51775,1.87,1.00
2015.11.11 13:08:56.895,1.51756,1.51778,1.37,1.37
2015.11.11 13:08:56.946,1.51761,1.51781,1.00,1.37
2015.11.11 13:08:57.255,1.51761,1.51781,1.00,1.37
2015.11.11 13:08:58.174,1.51761,1.51781,1.00,1.37
2015.11.11 13:08:59.575,1.51761,1.51781,1.00,1.37
2015.11.11 13:09:00.596,1.51766,1.51783,1.50,2.25
2015.11.11 13:09:00.647,1.5177,1.5179,1.00,1.37
2015.11.11 13:09:00.951,1.51774,1.51791,1.00,2.25
2015.11.11 13:09:01.307,1.51774,1.51794,1.00,1.87
2015.11.11 13:09:01.408,1.51774,1.51791,1.00,1.37
2015.11.11 13:09:01.459,1.51771,1.51791,1.00,1.37
2015.11.11 13:09:02.314,1.51773,1.51791,1.00,1.37
2015.11.11 13:09:02.517,1.51774,1.51794,1.00,1.37
2015.11.11 13:09:02.931,1.51777,1.51795,1.00,1.37
2015.11.11 13:09:03.032,1.51778,1.51796,1.00,1.12
2015.11.11 13:09:03.134,1.51778,1.518,1.00,1.87
2015.11.11 13:09:03.900,1.51777,1.51798,1.12,1.87
2015.11.11 13:09:03.952,1.51772,1.51794,1.00,1.12
2015.11.11 13:09:04.207,1.5177,1.51794,1.00,1.87
2015.11.11 13:09:04.719,1.51768,1.51791,1.87,1.00
2015.11.11 13:09:04.821,1.51768,1.51791,1.37,1.50
2015.11.11 13:09:04.923,1.51766,1.51787,1.37,1.00
2015.11.11 13:09:05.436,1.51768,1.51787,1.00,1.00
2015.11.11 13:09:05.966,1.51769,1.5179,1.00,1.37
2015.11.11 13:09:06.017,1.51769,1.51793,1.00,2.25
2015.11.11 13:09:06.373,1.51772,1.51793,1.00,1.75
2015.11.11 13:09:06.627,1.51774,1.51796,1.87,1.50
2015.11.11 13:09:07.259,1.51779,1.51797,1.00,2.25
2015.11.11 13:09:07.786,1.51778,1.51797,1.00,1.37
2015.11.11 13:09:08.090,1.5178,1.51797,1.00,1.37
2015.11.11 13:09:08.708,1.51782,1.51799,1.00,1.00
2015.11.11 13:09:08.810,1.51784,1.518,1.00,1.12
2015.11.11 13:09:09.228,1.51784,1.51802,1.00,1.12
2015.11.11 13:09:10.205,1.51784,1.51801,1.00,1.00
2015.11.11 13:09:10.711,1.51783,1.518,1.00,1.12
2015.11.11 13:09:10.864,1.5178,1.518,1.00,1.12
2015.11.11 13:09:11.934,1.5178,1.51801,1.00,1.12
2015.11.11 13:09:12.140,1.5178,1.51798,1.00,1.00
2015.11.11 13:09:14.008,1.5178,1.51797,1.00,1.00
2015.11.11 13:09:14.212,1.51775,1.51798,3.00,1.00
2015.11.11 13:09:14.314,1.5178,1.51798,1.00,1.00
2015.11.11 13:09:14.468,1.51776,1.51797,1.00,1.50
2015.11.11 13:09:14.519,1.51775,1.51795,1.37,1.00
2015.11.11 13:09:14.570,1.51775,1.51797,1.37,1.00
2015.11.11 13:09:14.876,1.51778,1.518,1.00,1.00
2015.11.11 13:09:15.306,1.51781,1.518,1.00,1.00
2015.11.11 13:09:15.611,1.51784,1.51798,1.00,1.00
2015.11.11 13:09:16.169,1.5178,1.51798,1.12,1.00
2015.11.11 13:09:16.373,1.51779,1.51796,1.87,1.00
2015.11.11 13:09:16.840,1.51784,1.51796,1.00,1.00
2015.11.11 13:09:16.891,1.51784,1.518,1.00,1.00
2015.11.11 13:09:17.259,1.51783,1.518,1.50,1.37
2015.11.11 13:09:17.462,1.51782,1.51802,1.50,1.12
2015.11.11 13:09:17.514,1.51784,1.51805,1.00,1.87
2015.11.11 13:09:17.666,1.51785,1.51805,1.00,1.00
2015.11.11 13:09:17.768,1.51785,1.51805,1.00,1.75
2015.11.11 13:09:18.420,1.51782,1.51804,1.87,1.75
2015.11.11 13:09:18.725,1.5178,1.51804,1.00,1.87
2015.11.11 13:09:20.160,1.51782,1.51804,1.00,2.25
2015.11.11 13:09:20.262,1.5178,1.51802,1.00,1.50
2015.11.11 13:09:20.567,1.51778,1.518,1.00,1.87
2015.11.11 13:09:21.084,1.51778,1.51795,1.00,1.00
2015.11.11 13:09:21.603,1.51776,1.51795,1.87,1.00
2015.11.11 13:09:23.997,1.51776,1.51796,1.00,1.12
2015.11.11 13:09:26.106,1.51773,1.51796,1.37,1.12
2015.11.11 13:09:26.567,1.51773,1.51794,1.37,1.00
2015.11.11 13:09:27.038,1.51772,1.51796,1.87,1.87
2015.11.11 13:09:27.635,1.51772,1.51795,1.37,1.00
2015.11.11 13:09:28.160,1.51772,1.51794,1.37,1.00
2015.11.11 13:09:28.263,1.51772,1.51794,1.37,1.37
2015.11.11 13:09:28.822,1.51775,1.51792,1.00,1.00
2015.11.11 13:09:29.126,1.51778,1.51792,1.00,1.00
2015.11.11 13:09:30.615,1.51776,1.51792,1.00,1.00
2015.11.11 13:09:33.222,1.51774,1.51792,1.00,1.00
2015.11.11 13:09:34.716,1.51777,1.51792,1.00,1.00
2015.11.11 13:09:34.919,1.51776,1.51799,1.00,4.50
2015.11.11 13:09:34.971,1.51776,1.51793,1.00,1.50
2015.11.11 13:09:35.381,1.51776,1.51792,1.00,1.12
2015.11.11 13:09:35.432,1.51773,1.51792,1.00,1.12
2015.11.11 13:09:35.787,1.51773,1.51792,1.00,1.87
2015.11.11 13:09:36.079,1.51776,1.51792,1.00,1.87
2015.11.11 13:09:36.283,1.51776,1.51795,1.00,1.00
2015.11.11 13:09:36.334,1.51779,1.51795,1.00,1.00
2015.11.11 13:09:36.806,1.51783,1.51799,1.00,1.00
2015.11.11 13:09:36.910,1.51781,1.51799,1.00,1.00
2015.11.11 13:09:37.883,1.51783,1.51799,1.00,1.12
2015.11.11 13:09:39.537,1.51785,1.51799,1.00,1.00
2015.11.11 13:09:39.739,1.51787,1.51802,1.00,1.00
2015.11.11 13:09:39.790,1.51787,1.51805,1.00,1.12
2015.11.11 13:09:42.190,1.51787,1.51805,1.00,1.37
2015.11.11 13:09:42.920,1.51784,1.51805,1.00,1.87
2015.11.11 13:09:44.984,1.51783,1.51804,1.00,1.12
2015.11.11 13:09:46.841,1.51781,1.51804,1.00,1.87
2015.11.11 13:09:46.892,1.51781,1.51804,1.00,3.00
2015.11.11 13:09:47.198,1.51775,1.51792,1.00,1.50
2015.11.11 13:09:47.518,1.51775,1.51783,1.00,1.37
2015.11.11 13:09:47.570,1.51765,1.51783,1.50,1.37
2015.11.11 13:09:48.142,1.51767,1.51786,1.00,2.25
2015.11.11 13:09:48.553,1.5177,1.51787,1.00,1.37
2015.11.11 13:09:48.604,1.5177,1.51788,1.00,1.37
2015.11.11 13:09:48.655,1.5177,1.51789,1.00,1.00
2015.11.11 13:09:50.025,1.51768,1.51789,1.00,1.00
2015.11.11 13:09:50.737,1.5177,1.51789,1.00,1.00
2015.11.11 13:09:54.338,1.51767,1.51789,1.37,1.00
2015.11.11 13:09:54.490,1.51766,1.51789,1.00,1.00
2015.11.11 13:09:55.305,1.51771,1.51789,1.00,1.12
2015.11.11 13:09:55.733,1.51775,1.51793,1.00,1.00
2015.11.11 13:09:55.785,1.51775,1.51797,1.00,1.12
2015.11.11 13:09:56.244,1.51775,1.518,1.00,1.50
2015.11.11 13:09:56.346,1.51778,1.518,1.00,1.50
2015.11.11 13:09:57.515,1.51784,1.518,1.00,1.00
2015.11.11 13:09:57.617,1.51782,1.51803,1.00,1.12
2015.11.11 13:09:57.719,1.51785,1.51804,1.00,1.00
2015.11.11 13:10:00.107,1.51786,1.51806,1.00,1.87
2015.11.11 13:10:00.874,1.51786,1.51805,1.00,1.00
2015.11.11 13:10:01.377,1.51785,1.51806,1.00,1.87
2015.11.11 13:10:01.906,1.51785,1.51806,1.00,1.37
2015.11.11 13:10:02.591,1.51783,1.51805,1.00,1.87
2015.11.11 13:10:02.897,1.51784,1.51799,1.00,1.00
2015.11.11 13:10:02.949,1.51786,1.51802,1.00,1.00
2015.11.11 13:10:03.000,1.51786,1.51804,1.00,1.12
2015.11.11 13:10:03.052,1.51786,1.51807,1.12,1.12
2015.11.11 13:10:03.103,1.51789,1.51807,1.00,1.12
2015.11.11 13:10:03.409,1.51792,1.51808,1.00,1.00
2015.11.11 13:10:03.511,1.5179,1.51808,1.00,1.00
2015.11.11 13:10:03.842,1.5179,1.51811,1.00,2.25
2015.11.11 13:10:04.047,1.51788,1.51806,1.37,1.00
2015.11.11 13:10:04.353,1.51781,1.51795,1.00,1.37
2015.11.11 13:10:04.455,1.51778,1.51795,1.00,1.37
2015.11.11 13:10:04.558,1.51784,1.51799,1.00,1.75
2015.11.11 13:10:04.979,1.51786,1.518,1.00,1.12
2015.11.11 13:10:05.031,1.51787,1.51805,1.00,1.00
2015.11.11 13:10:06.788,1.51786,1.51806,1.00,1.50
2015.11.11 13:10:06.839,1.51781,1.51805,1.00,1.50
2015.11.11 13:10:06.891,1.51778,1.51797,1.87,1.00
2015.11.11 13:10:06.942,1.51778,1.51799,1.37,1.00
2015.11.11 13:10:06.993,1.51778,1.51795,1.37,1.00
2015.11.11 13:10:07.045,1.51774,1.51791,1.00,1.00
2015.11.11 13:10:07.096,1.51772,1.51791,1.50,1.12
2015.11.11 13:10:07.147,1.51772,1.51791,1.00,2.62
2015.11.11 13:10:07.451,1.5177,1.51791,1.00,1.37
2015.11.11 13:10:07.604,1.51765,1.51789,1.12,1.87
2015.11.11 13:10:07.895,1.51771,1.51787,1.00,1.37
2015.11.11 13:10:08.403,1.51766,1.51788,1.87,1.37
2015.11.11 13:10:08.454,1.51766,1.51785,1.00,1.37
2015.11.11 13:10:08.758,1.51768,1.51783,1.00,1.75
2015.11.11 13:10:08.860,1.51766,1.51785,1.00,2.25
2015.11.11 13:10:09.366,1.51764,1.51784,1.00,1.75
2015.11.11 13:10:09.871,1.51765,1.51784,1.00,2.62
2015.11.11 13:10:11.687,1.51766,1.51784,1.00,1.50
2015.11.11 13:10:12.199,1.51766,1.51783,1.00,1.00
2015.11.11 13:10:12.302,1.51764,1.51783,1.00,1.00
2015.11.11 13:10:12.993,1.51767,1.51784,1.00,1.37
2015.11.11 13:10:13.297,1.51771,1.51788,1.00,1.37
2015.11.11 13:10:13.348,1.51771,1.5179,1.00,1.50
2015.11.11 13:10:13.450,1.51769,1.5179,1.00,1.50
2015.11.11 13:10:13.603,1.51768,1.51788,1.00,1.00
2015.11.11 13:10:14.285,1.5177,1.51788,1.00,1.00
2015.11.11 13:10:14.999,1.51771,1.51788,1.00,1.00
2015.11.11 13:10:15.556,1.51774,1.51788,1.00,1.00
2015.11.11 13:10:15.849,1.51774,1.51793,1.00,1.87
2015.11.11 13:10:15.906,1.51777,1.51794,1.00,1.00
2015.11.11 13:10:16.109,1.51777,1.51796,1.00,1.12
2015.11.11 13:10:16.211,1.51782,1.51799,1.00,1.37
2015.11.11 13:10:16.719,1.51782,1.518,1.00,1.87
2015.11.11 13:10:17.165,1.51782,1.51803,1.12,1.12
2015.11.11 13:10:17.217,1.51785,1.51803,1.00,1.12
2015.11.11 13:10:18.209,1.51786,1.51803,1.00,1.50
2015.11.11 13:10:18.685,1.51771,1.51792,1.00,1.50
2015.11.11 13:10:18.788,1.51774,1.51792,1.00,1.50
2015.11.11 13:10:19.093,1.51778,1.51792,1.00,1.00
2015.11.11 13:10:19.144,1.51776,1.51795,1.00,1.00
2015.11.11 13:10:19.196,1.51778,1.51798,1.00,1.75
2015.11.11 13:10:19.349,1.5178,1.51798,1.00,1.00
2015.11.11 13:10:19.502,1.5178,1.518,1.00,1.12
2015.11.11 13:10:20.247,1.51781,1.518,1.00,1.00
2015.11.11 13:10:20.605,1.51783,1.51801,1.00,1.00
2015.11.11 13:10:20.707,1.51783,1.51804,1.00,1.50
2015.11.11 13:10:21.064,1.51783,1.51801,1.00,1.00
2015.11.11 13:10:21.167,1.51782,1.51804,1.00,1.50
2015.11.11 13:10:21.218,1.51782,1.518,1.00,1.00
2015.11.11 13:10:21.692,1.51784,1.518,1.00,1.50
2015.11.11 13:10:21.794,1.51784,1.51802,1.00,1.00
2015.11.11 13:10:21.896,1.51787,1.51805,1.00,1.50
2015.11.11 13:10:22.404,1.51788,1.51805,1.00,1.37
2015.11.11 13:10:22.658,1.51788,1.51809,1.12,1.50
2015.11.11 13:10:22.711,1.5179,1.51809,1.00,1.50
2015.11.11 13:10:22.915,1.51792,1.5181,1.00,1.00
2015.11.11 13:10:23.232,1.5179,1.5181,1.00,1.00
2015.11.11 13:10:23.654,1.51788,1.5181,1.00,1.50
2015.11.11 13:10:23.705,1.51785,1.51808,2.62,1.87
2015.11.11 13:10:24.013,1.51783,1.51802,1.00,1.00
2015.11.11 13:10:24.232,1.51781,1.51802,1.87,1.00
2015.11.11 13:10:24.790,1.5178,1.51802,1.00,1.50
2015.11.11 13:10:25.197,1.51782,1.51802,1.00,1.00
2015.11.11 13:10:25.501,1.51789,1.51808,1.00,1.00
2015.11.11 13:10:25.856,1.51785,1.51809,1.87,1.37
2015.11.11 13:10:25.958,1.51786,1.51805,1.00,1.00
2015.11.11 13:10:26.282,1.51778,1.518,1.00,1.50
2015.11.11 13:10:26.384,1.51776,1.518,1.00,2.25
2015.11.11 13:10:26.435,1.51779,1.51801,1.00,2.62
2015.11.11 13:10:26.587,1.5178,1.518,1.00,1.00
2015.11.11 13:10:26.689,1.51782,1.51804,1.00,2.25
2015.11.11 13:10:26.944,1.5179,1.5181,1.00,1.50
2015.11.11 13:10:26.995,1.51788,1.5181,1.00,1.50
2015.11.11 13:10:27.046,1.51785,1.51805,1.87,1.00
2015.11.11 13:10:27.595,1.51777,1.518,1.00,1.87
2015.11.11 13:10:27.906,1.51787,1.51806,1.00,2.62
2015.11.11 13:10:28.007,1.51791,1.5181,1.00,1.00
2015.11.11 13:10:28.514,1.51791,1.51811,1.00,1.00
2015.11.11 13:10:29.387,1.51791,1.51814,1.00,2.62
2015.11.11 13:10:29.496,1.51794,1.51814,1.00,1.87
2015.11.11 13:10:30.364,1.51794,1.51815,1.00,1.00
2015.11.11 13:10:30.415,1.51794,1.51815,1.00,1.75
2015.11.11 13:10:30.517,1.51794,1.51816,1.00,1.87
2015.11.11 13:10:31.870,1.51792,1.51816,1.87,1.87
2015.11.11 13:10:32.890,1.51792,1.5181,1.00,1.37
2015.11.11 13:10:33.194,1.51788,1.51808,1.87,1.00
2015.11.11 13:10:33.730,1.51788,1.51809,1.87,1.00
2015.11.11 13:10:35.185,1.51785,1.5181,1.87,3.37
2015.11.11 13:10:35.286,1.51785,1.51805,1.00,1.00
2015.11.11 13:10:35.388,1.51782,1.51805,1.50,1.12
2015.11.11 13:10:35.490,1.51788,1.51806,1.00,1.50
2015.11.11 13:10:36.017,1.51796,1.5182,1.00,1.37
2015.11.11 13:10:36.184,1.51799,1.5182,1.00,1.37
2015.11.11 13:10:37.841,1.51798,1.51818,1.00,1.00
2015.11.11 13:10:38.499,1.51795,1.51819,1.00,2.25
2015.11.11 13:10:38.601,1.51795,1.51818,1.00,1.87
2015.11.11 13:10:38.653,1.51792,1.51818,1.50,1.87
2015.11.11 13:10:38.806,1.51792,1.51816,1.50,1.50
2015.11.11 13:10:39.805,1.51792,1.51816,1.00,1.50
2015.11.11 13:10:39.908,1.51794,1.51816,1.00,1.50
2015.11.11 13:10:40.214,1.51797,1.51818,1.00,1.12
2015.11.11 13:10:40.620,1.51795,1.51818,1.00,1.12
2015.11.11 13:10:41.382,1.51796,1.51818,1.00,1.37
2015.11.11 13:10:41.702,1.51794,1.51818,1.50,1.37
2015.11.11 13:10:41.803,1.51799,1.5181,1.00,1.37
2015.11.11 13:10:41.905,1.5179,1.5181,1.00,1.37
2015.11.11 13:10:41.956,1.51788,1.5181,1.00,2.25
2015.11.11 13:10:42.007,1.51786,1.51808,1.50,1.00
2015.11.11 13:10:42.058,1.51788,1.51808,1.00,1.00
2015.11.11 13:10:42.261,1.51784,1.51807,1.00,1.00
2015.11.11 13:10:42.312,1.51785,1.51806,1.00,1.37
2015.11.11 13:10:42.795,1.51787,1.51803,1.00,1.00
2015.11.11 13:10:42.948,1.51787,1.51807,1.00,1.00
2015.11.11 13:10:43.050,1.51789,1.51807,1.00,1.00
2015.11.11 13:10:44.372,1.51789,1.51808,1.00,1.12
2015.11.11 13:10:45.083,1.51787,1.51808,1.00,1.12
2015.11.11 13:10:45.134,1.51784,1.51805,1.00,1.00
2015.11.11 13:10:45.641,1.51784,1.51803,1.00,1.00
2015.11.11 13:10:45.692,1.51784,1.51806,1.00,1.00
2015.11.11 13:10:46.364,1.51789,1.51808,1.00,1.00
2015.11.11 13:10:46.422,1.51789,1.51813,1.00,1.50
2015.11.11 13:10:46.728,1.51787,1.51813,1.00,1.87
2015.11.11 13:10:46.984,1.5179,1.51812,1.00,1.12
2015.11.11 13:10:47.036,1.51787,1.51812,1.00,1.12
2015.11.11 13:10:47.088,1.5179,1.51812,1.00,1.12
2015.11.11 13:10:47.879,1.51786,1.51808,1.12,1.00
2015.11.11 13:10:48.186,1.51789,1.51808,1.00,1.00
2015.11.11 13:10:48.495,1.51789,1.51805,1.00,1.00
2015.11.11 13:10:48.698,1.51787,1.51805,1.00,1.00
2015.11.11 13:10:49.206,1.51788,1.51805,1.00,1.00
2015.11.11 13:10:51.289,1.51788,1.51808,1.00,1.00
2015.11.11 13:10:51.711,1.51801,1.51807,1.00,1.00
2015.11.11 13:10:52.935,1.518,1.51807,1.00,1.00
2015.11.11 13:10:53.239,1.518,1.51805,1.00,1.00
2015.11.11 13:10:56.309,1.518,1.51804,1.00,1.00
2015.11.11 13:10:58.159,1.518,1.51805,1.00,1.00
2015.11.11 13:11:00.409,1.51799,1.51804,1.00,1.00
2015.11.11 13:11:00.460,1.5179,1.51804,1.17,1.00
2015.11.11 13:11:04.577,1.5179,1.518,1.17,1.00
2015.11.11 13:11:05.129,1.5179,1.51795,1.17,1.00
2015.11.11 13:11:05.640,1.51789,1.51795,1.00,1.00
2015.11.11 13:11:06.846,1.51791,1.51799,1.00,1.00
2015.11.11 13:11:06.999,1.51791,1.51805,1.00,1.50
2015.11.11 13:11:07.051,1.51795,1.518,1.24,1.00
2015.11.11 13:11:07.357,1.51784,1.51791,1.00,1.00
2015.11.11 13:11:07.561,1.51778,1.51791,1.50,1.00
2015.11.11 13:11:07.662,1.51772,1.51791,1.00,1.00
2015.11.11 13:11:07.714,1.51772,1.51789,1.00,1.00
2015.11.11 13:11:08.126,1.51772,1.51786,1.00,1.00
2015.11.11 13:11:08.453,1.51771,1.51776,1.00,1.00
2015.11.11 13:11:08.960,1.51772,1.51777,1.00,1.00
2015.11.11 13:11:09.214,1.51772,1.51779,1.00,1.00
2015.11.11 13:11:09.367,1.51772,1.51781,1.00,1.00
2015.11.11 13:11:10.286,1.51772,1.51782,1.00,1.00
2015.11.11 13:11:10.792,1.51772,1.51785,1.00,1.00
2015.11.11 13:11:10.894,1.51773,1.51783,1.00,1.00
2015.11.11 13:11:11.245,1.51778,1.51782,1.00,1.00
2015.11.11 13:11:11.297,1.51773,1.51787,2.02,1.00
2015.11.11 13:11:11.398,1.51779,1.51787,1.00,1.00
2015.11.11 13:11:11.908,1.51778,1.51787,1.00,1.00
2015.11.11 13:11:12.010,1.51778,1.51793,1.00,1.37
2015.11.11 13:11:12.112,1.51778,1.51798,1.12,1.12
2015.11.11 13:11:12.214,1.51784,1.51798,1.00,1.00
2015.11.11 13:11:12.635,1.51784,1.51795,1.00,1.00
2015.11.11 13:11:12.686,1.51778,1.51792,1.50,1.00
2015.11.11 13:11:18.418,1.51779,1.51793,1.00,1.00
2015.11.11 13:11:18.525,1.51779,1.51791,1.00,1.00
2015.11.11 13:11:19.037,1.51779,1.51792,1.00,1.00
2015.11.11 13:11:19.543,1.51779,1.51791,1.00,1.00
2015.11.11 13:11:20.023,1.51779,1.51789,1.00,1.00
2015.11.11 13:11:20.327,1.51779,1.51784,1.00,1.00
2015.11.11 13:11:20.378,1.51779,1.51786,1.00,1.00
2015.11.11 13:11:20.581,1.51779,1.51789,1.00,1.12
2015.11.11 13:11:20.684,1.51779,1.51791,1.00,1.50
2015.11.11 13:11:20.735,1.51784,1.51791,1.00,1.00
2015.11.11 13:11:21.090,1.51783,1.51788,1.00,1.00
2015.11.11 13:11:21.141,1.51783,1.51791,1.00,1.00
2015.11.11 13:11:21.443,1.51783,1.51789,1.00,1.00
2015.11.11 13:11:21.600,1.51779,1.51788,1.00,1.00
2015.11.11 13:11:22.587,1.51779,1.51786,1.00,1.00
2015.11.11 13:11:23.922,1.51779,1.51787,1.00,1.00
2015.11.11 13:11:24.465,1.51779,1.51786,1.00,1.00
2015.11.11 13:11:26.329,1.51779,1.51785,1.00,1.00
2015.11.11 13:11:27.888,1.51779,1.51786,1.00,1.00
2015.11.11 13:11:28.403,1.51779,1.51792,1.00,1.00
2015.11.11 13:11:28.871,1.51778,1.51795,1.00,1.00
2015.11.11 13:11:28.924,1.51784,1.51795,1.00,1.00
2015.11.11 13:11:29.128,1.51779,1.51795,1.00,1.00
2015.11.11 13:11:29.649,1.51778,1.51794,1.00,1.00
2015.11.11 13:11:31.105,1.51778,1.51796,1.00,1.00
2015.11.11 13:11:31.157,1.51783,1.51798,1.00,1.00
2015.11.11 13:11:31.462,1.51789,1.51798,1.00,1.00
2015.11.11 13:11:31.615,1.51781,1.51798,1.00,1.00
2015.11.11 13:11:32.381,1.5178,1.51798,1.12,1.00
2015.11.11 13:11:32.433,1.5178,1.51796,1.00,1.00
2015.11.11 13:11:32.738,1.5178,1.51793,1.00,1.00
2015.11.11 13:11:33.466,1.51781,1.51793,1.00,1.00
2015.11.11 13:11:34.100,1.51781,1.5179,1.00,1.00
2015.11.11 13:11:34.152,1.51774,1.5179,1.50,1.00
2015.11.11 13:11:34.662,1.51774,1.51789,1.00,1.00
2015.11.11 13:11:35.674,1.51774,1.51787,1.00,1.00
2015.11.11 13:11:36.303,1.51774,1.5179,1.00,1.00
2015.11.11 13:11:36.944,1.51775,1.5179,1.00,1.00
2015.11.11 13:11:39.040,1.51775,1.51787,1.00,1.00
2015.11.11 13:11:39.500,1.51774,1.51789,1.00,1.00
2015.11.11 13:11:40.008,1.51775,1.51788,1.00,1.00
2015.11.11 13:11:40.516,1.51774,1.51789,1.00,1.00
2015.11.11 13:11:41.504,1.51774,1.51787,1.00,1.00
2015.11.11 13:11:42.035,1.51776,1.51787,1.00,1.00
2015.11.11 13:11:42.093,1.51776,1.51791,1.00,1.00
2015.11.11 13:11:42.145,1.51774,1.51792,1.87,1.00
2015.11.11 13:11:42.196,1.51778,1.51792,1.65,1.00
2015.11.11 13:11:42.501,1.51789,1.51801,1.00,1.00
2015.11.11 13:11:42.808,1.51795,1.51809,1.00,1.00
2015.11.11 13:11:42.961,1.51796,1.51806,1.00,1.00
2015.11.11 13:11:43.376,1.518,1.51806,1.00,1.00
2015.11.11 13:11:44.188,1.518,1.51805,1.00,1.00
2015.11.11 13:11:45.105,1.518,1.51804,1.00,1.00
2015.11.11 13:11:45.820,1.518,1.51805,1.00,1.00
2015.11.11 13:11:47.155,1.518,1.51804,1.00,1.00
2015.11.11 13:11:53.945,1.518,1.51805,1.00,1.00
2015.11.11 13:11:54.199,1.51793,1.51805,1.00,1.00
2015.11.11 13:11:54.302,1.51799,1.51805,1.00,1.00
2015.11.11 13:11:59.649,1.51799,1.51807,1.00,1.00
2015.11.11 13:12:01.045,1.51799,1.5181,1.00,1.00
2015.11.11 13:12:01.096,1.518,1.51812,1.00,1.00
2015.11.11 13:12:01.147,1.518,1.51814,1.00,2.62
2015.11.11 13:12:01.300,1.51805,1.51815,1.00,1.00
2015.11.11 13:12:01.822,1.51801,1.51815,2.02,1.00
2015.11.11 13:12:04.226,1.5181,1.51816,1.00,1.00
2015.11.11 13:12:04.431,1.51811,1.51817,1.00,1.00
2015.11.11 13:12:04.799,1.51808,1.51815,1.00,1.00
2015.11.11 13:12:04.952,1.51812,1.5182,1.00,1.00
2015.11.11 13:12:05.684,1.51804,1.51817,1.00,1.00
2015.11.11 13:12:06.192,1.51805,1.51818,1.00,1.00
2015.11.11 13:12:06.980,1.51805,1.51815,1.00,1.00
2015.11.11 13:12:07.184,1.51804,1.51817,1.00,1.87
2015.11.11 13:12:07.746,1.51805,1.51817,1.00,1.00
2015.11.11 13:12:08.292,1.51805,1.51818,1.00,1.00
2015.11.11 13:12:08.833,1.51805,1.5182,1.00,1.37
2015.11.11 13:12:11.238,1.51804,1.5182,1.00,1.50
2015.11.11 13:12:11.991,1.51804,1.51816,1.00,1.00
2015.11.11 13:12:12.447,1.518,1.51815,1.00,1.00
2015.11.11 13:12:12.752,1.518,1.51813,1.00,1.00
2015.11.11 13:12:13.650,1.51798,1.51817,1.00,2.62
2015.11.11 13:12:13.701,1.51798,1.51817,1.37,1.50
2015.11.11 13:12:13.803,1.51798,1.51817,1.12,1.00
2015.11.11 13:12:13.957,1.51805,1.51818,1.00,1.12
2015.11.11 13:12:14.262,1.51788,1.51806,2.10,1.00
2015.11.11 13:12:14.465,1.51799,1.51806,1.00,1.00
2015.11.11 13:12:14.953,1.51799,1.51808,1.00,1.00
2015.11.11 13:12:15.629,1.51799,1.5181,1.00,1.50
2015.11.11 13:12:19.214,1.518,1.51812,1.00,1.37
2015.11.11 13:12:20.243,1.51797,1.5181,1.00,1.12
2015.11.11 13:12:21.015,1.51796,1.51811,1.00,1.50
2015.11.11 13:12:21.066,1.51799,1.51812,1.00,1.75
2015.11.11 13:12:21.219,1.51799,1.51815,1.00,1.87
2015.11.11 13:12:21.726,1.518,1.51815,1.00,1.87
2015.11.11 13:12:22.944,1.518,1.51814,1.00,1.12
2015.11.11 13:12:23.301,1.518,1.51812,1.00,2.25
2015.11.11 13:12:23.353,1.51789,1.51809,2.02,1.00
2015.11.11 13:12:23.405,1.51789,1.51804,2.02,1.00
2015.11.11 13:12:23.660,1.51785,1.51804,1.00,1.37
2015.11.11 13:12:23.711,1.51785,1.518,1.00,1.00
2015.11.11 13:12:23.966,1.51778,1.518,1.50,2.25
2015.11.11 13:12:24.171,1.51779,1.518,1.00,2.62
2015.11.11 13:12:24.274,1.51779,1.51797,1.00,1.00
2015.11.11 13:12:24.715,1.51774,1.51793,1.20,1.12
2015.11.11 13:12:24.817,1.51774,1.51792,1.00,1.37
2015.11.11 13:12:25.122,1.51784,1.51795,1.00,1.37
2015.11.11 13:12:26.394,1.51779,1.51786,1.00,1.00
2015.11.11 13:12:26.496,1.51774,1.51784,1.20,1.00
2015.11.11 13:12:28.516,1.51774,1.51786,1.30,1.00
2015.11.11 13:12:28.668,1.51782,1.51787,1.00,1.00
2015.11.11 13:12:31.278,1.51774,1.51786,1.80,1.00
2015.11.11 13:12:31.818,1.51783,1.51787,1.00,1.00
2015.11.11 13:12:31.869,1.51779,1.51787,1.50,1.00
2015.11.11 13:12:32.072,1.51775,1.51787,2.10,1.00
2015.11.11 13:12:33.289,1.51775,1.51786,1.35,1.00
2015.11.11 13:12:33.391,1.51778,1.51786,1.00,1.00
2015.11.11 13:12:35.587,1.5178,1.51786,1.00,1.00
2015.11.11 13:12:36.101,1.51781,1.51786,1.00,1.00
2015.11.11 13:12:38.389,1.51781,1.51785,1.00,1.00
2015.11.11 13:12:40.491,1.51781,1.51787,1.00,1.00
2015.11.11 13:12:44.960,1.51781,1.51785,1.00,1.00
2015.11.11 13:12:45.011,1.51772,1.51785,1.20,1.00
2015.11.11 13:12:45.062,1.51772,1.51782,1.20,1.00
2015.11.11 13:12:45.418,1.51772,1.51791,1.20,1.00
2015.11.11 13:12:45.469,1.51772,1.51791,1.57,1.00
2015.11.11 13:12:45.773,1.5178,1.51794,1.12,1.00
2015.11.11 13:12:46.409,1.51781,1.51794,1.00,1.00
2015.11.11 13:12:52.576,1.51781,1.51796,1.00,1.00
2015.11.11 13:12:53.084,1.51781,1.51797,1.12,1.00
2015.11.11 13:12:53.135,1.51781,1.51799,1.12,1.00
2015.11.11 13:12:54.330,1.51781,1.51799,1.87,1.00
2015.11.11 13:12:55.437,1.51781,1.51799,1.50,1.00
2015.11.11 13:12:56.037,1.51781,1.51801,1.00,1.00
2015.11.11 13:12:56.562,1.51781,1.51801,1.37,1.00
2015.11.11 13:12:57.850,1.51781,1.51799,1.37,1.00
2015.11.11 13:12:58.283,1.51777,1.51795,1.37,1.00
2015.11.11 13:12:58.594,1.51778,1.51791,1.12,1.00
2015.11.11 13:13:00.420,1.51777,1.51791,1.00,1.00
2015.11.11 13:13:00.724,1.51773,1.51785,1.00,1.00
2015.11.11 13:13:01.029,1.51777,1.51785,1.00,1.00
2015.11.11 13:13:06.018,1.51777,1.51784,1.00,1.00
2015.11.11 13:13:06.714,1.51777,1.51786,1.00,1.00
2015.11.11 13:13:06.765,1.51772,1.51786,1.72,1.00
2015.11.11 13:13:09.626,1.51772,1.51783,1.72,1.00
2015.11.11 13:13:11.080,1.51772,1.51786,1.72,1.00
2015.11.11 13:13:16.120,1.51772,1.51785,1.72,1.00
2015.11.11 13:13:16.648,1.51772,1.51786,1.72,1.00
2015.11.11 13:13:17.301,1.51772,1.51789,1.72,1.00
2015.11.11 13:13:18.047,1.51781,1.51789,1.00,1.00
2015.11.11 13:13:18.098,1.51781,1.51792,1.00,1.37
2015.11.11 13:13:18.200,1.51781,1.51787,1.00,1.00
2015.11.11 13:13:18.301,1.51781,1.51789,1.00,1.00
2015.11.11 13:13:21.540,1.51781,1.51791,1.00,1.00
2015.11.11 13:13:22.565,1.51781,1.51795,1.00,1.00
2015.11.11 13:13:22.668,1.51781,1.51792,1.00,1.00
2015.11.11 13:13:23.075,1.51782,1.5179,1.00,1.00
2015.11.11 13:13:23.480,1.51782,1.51788,1.00,1.00
2015.11.11 13:13:23.531,1.51782,1.51791,1.00,1.00
2015.11.11 13:13:23.633,1.51782,1.51787,1.00,1.00
2015.11.11 13:13:23.684,1.51772,1.51787,1.72,1.00
2015.11.11 13:13:24.318,1.51772,1.51786,1.35,1.00
2015.11.11 13:13:24.914,1.51772,1.51789,1.35,1.00
2015.11.11 13:13:25.305,1.51781,1.51789,1.00,1.00
2015.11.11 13:13:26.196,1.51782,1.51789,1.00,1.00
2015.11.11 13:13:26.504,1.51782,1.51786,1.00,1.00
2015.11.11 13:13:27.014,1.51782,1.51787,1.00,1.00
2015.11.11 13:13:27.363,1.51778,1.51787,1.00,1.00
2015.11.11 13:13:29.654,1.51778,1.51791,1.00,1.00
2015.11.11 13:13:29.807,1.51785,1.51791,1.00,1.00
2015.11.11 13:13:30.192,1.51784,1.51794,1.00,1.00
2015.11.11 13:13:30.714,1.51784,1.51793,1.00,1.00
2015.11.11 13:13:32.904,1.51778,1.51793,1.00,1.00
2015.11.11 13:13:34.561,1.51778,1.51798,1.00,1.50
2015.11.11 13:13:34.714,1.5179,1.51798,1.00,1.00
2015.11.11 13:13:34.817,1.51791,1.518,1.00,1.00
2015.11.11 13:13:35.695,1.51787,1.518,1.00,1.00
2015.11.11 13:13:35.951,1.51787,1.51797,1.00,1.00
2015.11.11 13:13:36.277,1.51787,1.51799,1.00,1.00
2015.11.11 13:13:36.583,1.51787,1.51801,1.00,1.00
2015.11.11 13:13:38.649,1.51787,1.51799,1.00,1.00
2015.11.11 13:13:40.153,1.51787,1.51803,1.00,1.12
2015.11.11 13:13:40.204,1.51789,1.51803,1.50,1.00
2015.11.11 13:13:40.507,1.51791,1.51799,1.00,1.00
2015.11.11 13:13:40.609,1.51791,1.51801,1.00,1.00
2015.11.11 13:13:41.567,1.51791,1.51803,1.00,1.00
2015.11.11 13:13:41.618,1.51791,1.51806,1.00,1.37
2015.11.11 13:13:41.720,1.51791,1.51807,1.00,1.00
2015.11.11 13:13:41.974,1.51791,1.51811,1.00,1.87
2015.11.11 13:13:42.025,1.51799,1.51811,1.00,1.50
2015.11.11 13:13:42.329,1.51801,1.51812,1.00,1.87
2015.11.11 13:13:42.891,1.51801,1.51809,1.00,1.00
2015.11.11 13:13:42.942,1.51801,1.51811,1.00,1.12
2015.11.11 13:13:44.751,1.51798,1.51808,1.00,1.00
2015.11.11 13:13:44.854,1.51792,1.51811,1.00,1.50
2015.11.11 13:13:44.905,1.51792,1.51806,1.00,1.00
2015.11.11 13:13:45.413,1.51792,1.5181,1.00,2.25
2015.11.11 13:13:45.718,1.51794,1.51812,1.00,1.75
2015.11.11 13:13:46.094,1.51795,1.51812,1.00,1.00
2015.11.11 13:13:46.146,1.51795,1.51818,1.00,1.87
2015.11.11 13:13:46.197,1.51795,1.51818,1.00,1.00
2015.11.11 13:13:46.249,1.51806,1.51819,1.00,1.12
2015.11.11 13:13:48.004,1.518,1.51819,1.00,1.12
2015.11.11 13:13:49.442,1.51812,1.51824,1.00,1.00
2015.11.11 13:13:49.969,1.51812,1.51823,1.00,1.00
2015.11.11 13:13:50.020,1.51812,1.51826,1.00,1.00
2015.11.11 13:13:50.172,1.51817,1.5183,1.00,1.87
2015.11.11 13:13:50.223,1.51817,1.51831,1.00,1.12
2015.11.11 13:13:50.274,1.51821,1.51831,1.00,1.12
2015.11.11 13:13:50.815,1.51821,1.51833,1.00,1.75
2015.11.11 13:13:51.069,1.5181,1.51825,1.12,1.00
2015.11.11 13:13:51.120,1.5181,1.51825,1.12,1.75
2015.11.11 13:13:51.171,1.51805,1.51825,1.00,1.75
2015.11.11 13:13:51.323,1.51807,1.51827,1.00,1.12
2015.11.11 13:13:51.425,1.51807,1.51829,1.00,2.25
2015.11.11 13:13:52.104,1.5181,1.51831,1.00,1.50
2015.11.11 13:13:52.710,1.51809,1.51831,1.00,1.00
2015.11.11 13:13:53.396,1.51809,1.5183,1.00,1.00
2015.11.11 13:13:54.134,1.51809,1.51831,1.00,1.50
2015.11.11 13:13:55.048,1.5181,1.51831,1.00,1.50
2015.11.11 13:13:56.175,1.51809,1.51831,1.00,1.87
2015.11.11 13:13:57.966,1.51809,1.51821,1.00,1.00
2015.11.11 13:13:58.017,1.51804,1.51821,1.00,1.00
2015.11.11 13:13:58.118,1.51806,1.51821,1.00,1.00
2015.11.11 13:13:58.322,1.51802,1.51819,1.12,1.00
2015.11.11 13:13:58.373,1.51814,1.51819,1.00,1.00
2015.11.11 13:13:58.475,1.51814,1.51821,1.00,1.00
2015.11.11 13:13:58.881,1.51811,1.51821,2.02,1.00
2015.11.11 13:13:59.588,1.5181,1.51822,1.50,1.00
2015.11.11 13:13:59.689,1.51815,1.5182,1.00,1.00
2015.11.11 13:14:00.147,1.51815,1.51823,1.00,1.00
2015.11.11 13:14:00.654,1.51816,1.51824,1.00,1.00
2015.11.11 13:14:01.386,1.51816,1.51822,1.00,1.00
2015.11.11 13:14:01.692,1.51816,1.5182,1.00,1.00
2015.11.11 13:14:02.198,1.51815,1.5182,1.00,1.00
2015.11.11 13:14:03.112,1.51815,1.51822,1.00,1.00
2015.11.11 13:14:03.720,1.51815,1.51825,1.00,1.00
2015.11.11 13:14:04.025,1.51816,1.51827,1.00,1.00
2015.11.11 13:14:04.076,1.51816,1.51832,1.00,3.37
2015.11.11 13:14:04.128,1.51816,1.51828,1.00,1.00
2015.11.11 13:14:04.691,1.5182,1.51827,1.00,1.00
2015.11.11 13:14:04.995,1.51817,1.51823,1.00,1.00
2015.11.11 13:14:05.097,1.5182,1.51825,1.00,1.00
2015.11.11 13:14:06.189,1.51811,1.51825,1.42,1.00
2015.11.11 13:14:06.559,1.51811,1.51827,1.42,1.00
2015.11.11 13:14:06.712,1.51821,1.51829,1.00,1.00
2015.11.11 13:14:06.815,1.51821,1.51832,1.42,1.00
2015.11.11 13:14:07.018,1.51821,1.51829,1.30,1.00
2015.11.11 13:14:07.221,1.51812,1.5183,1.42,1.00
2015.11.11 13:14:07.323,1.5182,1.51829,1.00,1.00
2015.11.11 13:14:07.527,1.51811,1.51826,1.30,1.00
2015.11.11 13:14:08.044,1.51811,1.51826,1.12,1.37
2015.11.11 13:14:08.580,1.51812,1.51827,1.20,1.37
2015.11.11 13:14:09.086,1.51812,1.51826,1.20,1.00
2015.11.11 13:14:09.581,1.51812,1.5183,1.20,1.37
2015.11.11 13:14:09.632,1.51812,1.51831,1.20,1.50
2015.11.11 13:14:09.734,1.51816,1.51831,1.05,1.12
2015.11.11 13:14:09.886,1.5181,1.51827,1.00,1.00
2015.11.11 13:14:09.937,1.5181,1.51827,1.00,2.62
2015.11.11 13:14:10.242,1.5181,1.51823,1.00,1.37
2015.11.11 13:14:10.293,1.51799,1.51822,1.80,1.12
2015.11.11 13:14:10.345,1.51799,1.51819,1.80,1.37
2015.11.11 13:14:11.105,1.51805,1.51816,1.00,1.12
2015.11.11 13:14:11.156,1.51799,1.51814,1.87,1.00
2015.11.11 13:14:11.308,1.51798,1.5181,2.10,1.00
2015.11.11 13:14:11.410,1.51794,1.5181,1.35,1.00
2015.11.11 13:14:11.664,1.51794,1.51812,1.35,1.50
2015.11.11 13:14:11.867,1.51794,1.51808,1.35,1.00
2015.11.11 13:14:12.546,1.51794,1.51811,1.35,1.00
2015.11.11 13:14:12.902,1.51798,1.51812,1.72,1.00
2015.11.11 13:14:14.230,1.51802,1.51812,1.00,1.00
2015.11.11 13:14:15.202,1.51806,1.51817,1.00,1.00
2015.11.11 13:14:15.764,1.51807,1.51819,1.00,1.00
2015.11.11 13:14:15.818,1.51812,1.51824,1.00,1.00
2015.11.11 13:14:16.412,1.51812,1.51822,1.00,1.00
2015.11.11 13:14:16.717,1.51812,1.51824,1.00,1.00
2015.11.11 13:14:17.620,1.51803,1.51824,1.00,1.00
2015.11.11 13:14:17.873,1.51803,1.51821,1.00,1.00
2015.11.11 13:14:18.177,1.51807,1.51818,1.00,1.00
2015.11.11 13:14:19.500,1.51807,1.51817,1.00,1.00
2015.11.11 13:14:20.750,1.51803,1.51819,1.80,1.00
2015.11.11 13:14:20.860,1.51803,1.51823,1.80,1.00
2015.11.11 13:14:21.114,1.51803,1.5182,1.80,1.00
2015.11.11 13:14:21.418,1.51808,1.51821,1.00,1.00
2015.11.11 13:14:22.487,1.51808,1.5182,1.00,1.00
2015.11.11 13:14:22.997,1.51807,1.51819,1.00,1.00
2015.11.11 13:14:23.301,1.51807,1.51816,1.00,1.00
2015.11.11 13:14:23.504,1.51807,1.51818,1.00,1.00
2015.11.11 13:14:24.062,1.51813,1.51822,1.00,1.00
2015.11.11 13:14:24.366,1.51809,1.51819,1.00,1.00
2015.11.11 13:14:25.538,1.51806,1.51817,1.00,1.00
2015.11.11 13:14:26.360,1.51801,1.51817,1.00,1.00
2015.11.11 13:14:27.307,1.51801,1.51814,1.00,1.00
2015.11.11 13:14:27.358,1.51797,1.51814,1.00,1.00
2015.11.11 13:14:27.511,1.51797,1.51817,1.00,1.12
2015.11.11 13:14:27.664,1.51797,1.51819,1.65,1.00
2015.11.11 13:14:28.169,1.51797,1.51819,1.00,1.00
2015.11.11 13:14:28.473,1.51797,1.51815,1.00,1.00
2015.11.11 13:14:28.524,1.51797,1.51817,1.00,1.00
2015.11.11 13:14:28.896,1.51797,1.51819,1.00,1.12
2015.11.11 13:14:30.188,1.51797,1.51821,2.25,1.12
2015.11.11 13:14:30.290,1.51802,1.51821,1.00,1.00
2015.11.11 13:14:30.856,1.51797,1.51816,1.00,1.00
2015.11.11 13:14:31.167,1.51796,1.51813,1.00,1.00
2015.11.11 13:14:32.456,1.51796,1.51811,1.00,1.00
2015.11.11 13:14:32.660,1.51789,1.51805,1.00,1.00
2015.11.11 13:14:33.068,1.51789,1.51807,1.00,1.00
2015.11.11 13:14:34.368,1.51788,1.5181,1.00,1.00
2015.11.11 13:14:34.470,1.51789,1.51806,1.87,1.00
2015.11.11 13:14:34.521,1.5179,1.51809,1.50,1.00
2015.11.11 13:14:34.572,1.5179,1.51806,1.12,1.00
2015.11.11 13:14:34.623,1.51788,1.51806,1.87,1.00
2015.11.11 13:14:35.159,1.51788,1.51805,1.12,1.00
2015.11.11 13:14:35.614,1.5179,1.51804,1.50,1.00
2015.11.11 13:14:35.671,1.51798,1.51817,1.05,1.87
2015.11.11 13:14:35.722,1.51798,1.51817,1.05,1.00
2015.11.11 13:14:35.773,1.51807,1.51817,1.00,1.00
2015.11.11 13:14:35.878,1.51799,1.51814,1.00,1.00
2015.11.11 13:14:35.980,1.51799,1.5182,1.00,1.00
2015.11.11 13:14:36.132,1.51799,1.51816,1.50,1.00
2015.11.11 13:14:36.284,1.51794,1.51815,1.37,1.00
2015.11.11 13:14:36.386,1.51799,1.51812,1.00,1.00
2015.11.11 13:14:36.488,1.51799,1.51815,1.00,1.00
2015.11.11 13:14:37.025,1.518,1.51815,1.00,1.00
2015.11.11 13:14:37.684,1.518,1.51814,1.00,1.00
2015.11.11 13:14:38.788,1.51794,1.51814,2.62,1.00
2015.11.11 13:14:38.839,1.51794,1.51812,1.87,1.00
2015.11.11 13:14:40.307,1.51799,1.51817,1.00,1.00
2015.11.11 13:14:40.614,1.51804,1.51823,1.50,1.00
2015.11.11 13:14:40.919,1.51807,1.51824,1.00,1.00
2015.11.11 13:14:41.225,1.518,1.51816,1.00,1.00
2015.11.11 13:14:41.662,1.51796,1.51813,1.00,1.00
2015.11.11 13:14:42.062,1.51794,1.51811,1.37,1.00
2015.11.11 13:14:42.215,1.51793,1.51811,1.12,1.00
2015.11.11 13:14:42.469,1.51797,1.51811,1.00,1.00
2015.11.11 13:14:42.571,1.51797,1.51813,1.00,1.00
2015.11.11 13:14:44.351,1.51795,1.51813,1.00,1.00
2015.11.11 13:14:44.861,1.51795,1.51812,1.00,1.00
2015.11.11 13:14:46.069,1.51795,1.51813,1.00,1.00
2015.11.11 13:14:46.576,1.51796,1.51815,1.00,1.12
2015.11.11 13:14:46.939,1.51799,1.51815,1.00,1.12
2015.11.11 13:14:47.347,1.51796,1.51815,1.12,1.12
2015.11.11 13:14:47.753,1.51798,1.5182,1.00,1.12
2015.11.11 13:14:47.855,1.51802,1.5182,1.00,1.00
2015.11.11 13:14:47.957,1.51808,1.51819,1.00,1.00
2015.11.11 13:14:48.059,1.51807,1.51823,1.00,1.00
2015.11.11 13:14:48.561,1.51807,1.51824,1.00,1.00
2015.11.11 13:14:48.663,1.51808,1.51826,1.00,1.00
2015.11.11 13:14:48.866,1.51809,1.51822,1.00,1.00
2015.11.11 13:14:49.071,1.51802,1.51818,1.12,1.00
2015.11.11 13:14:49.123,1.51809,1.51819,1.00,1.00
2015.11.11 13:14:49.226,1.51802,1.51813,1.00,1.00
2015.11.11 13:14:49.852,1.51795,1.51813,1.87,1.00
2015.11.11 13:14:50.004,1.51799,1.5182,1.00,1.00
2015.11.11 13:14:50.462,1.51801,1.51819,1.00,1.00
2015.11.11 13:14:50.515,1.51795,1.51818,1.50,1.00
2015.11.11 13:14:50.618,1.51797,1.51819,1.00,1.00
2015.11.11 13:14:51.105,1.51802,1.51821,1.00,1.12
2015.11.11 13:14:51.410,1.5181,1.51825,1.00,1.37
2015.11.11 13:14:51.462,1.5181,1.51829,1.00,2.62
2015.11.11 13:14:51.513,1.51812,1.51829,1.00,1.50
2015.11.11 13:14:51.564,1.5181,1.51833,1.50,2.62
2015.11.11 13:14:51.666,1.5181,1.51831,1.00,1.00
2015.11.11 13:14:51.971,1.51812,1.5183,1.00,1.37
2015.11.11 13:14:52.075,1.51812,1.51834,1.00,1.75
2015.11.11 13:14:52.406,1.51816,1.51835,1.00,1.12
2015.11.11 13:14:52.508,1.51819,1.51838,1.00,1.50
2015.11.11 13:14:52.610,1.51821,1.51841,1.00,1.37
2015.11.11 13:14:52.866,1.51823,1.51845,1.00,3.00
2015.11.11 13:14:52.969,1.51823,1.51845,1.00,2.25
2015.11.11 13:14:53.265,1.51824,1.51845,1.00,1.75
2015.11.11 13:14:53.852,1.51826,1.51846,1.50,1.00
2015.11.11 13:14:53.904,1.5183,1.51851,1.00,1.00
2015.11.11 13:14:53.956,1.51832,1.51852,1.00,1.12
2015.11.11 13:14:54.488,1.51833,1.51852,1.00,1.12
2015.11.11 13:14:55.179,1.51832,1.5185,1.00,1.12
2015.11.11 13:14:55.230,1.51826,1.5185,1.00,3.37
2015.11.11 13:14:55.484,1.51824,1.51849,1.00,1.50
2015.11.11 13:14:55.788,1.51827,1.51849,1.00,1.50
2015.11.11 13:14:56.093,1.51829,1.51849,1.00,1.12
2015.11.11 13:14:56.584,1.51832,1.51853,1.00,3.00
2015.11.11 13:14:57.103,1.51832,1.51853,1.00,1.87
2015.11.11 13:14:57.406,1.5183,1.51853,1.00,1.50
2015.11.11 13:14:57.457,1.51836,1.51853,1.00,1.50
2015.11.11 13:14:58.146,1.51836,1.51851,1.00,1.00
2015.11.11 13:14:58.198,1.5183,1.51848,1.00,1.00
2015.11.11 13:14:58.300,1.51835,1.51849,1.00,1.00
2015.11.11 13:14:58.608,1.51839,1.51847,1.00,1.00
2015.11.11 13:14:58.659,1.51839,1.51849,1.00,1.00
2015.11.11 13:14:58.712,1.51835,1.51847,1.00,1.00
2015.11.11 13:14:58.916,1.51835,1.51845,1.00,1.00
2015.11.11 13:14:59.359,1.51834,1.51842,1.00,1.00
2015.11.11 13:14:59.564,1.5182,1.51838,1.30,1.00
2015.11.11 13:14:59.615,1.5182,1.51833,1.30,1.00
2015.11.11 13:14:59.667,1.51825,1.5184,1.00,1.00
2015.11.11 13:14:59.720,1.51825,1.51837,1.00,1.00
2015.11.11 13:14:59.771,1.5182,1.51837,1.00,1.00
2015.11.11 13:14:59.975,1.51822,1.51839,1.00,1.00
2015.11.11 13:15:00.540,1.51824,1.51841,1.00,1.00
2015.11.11 13:15:00.592,1.51827,1.51848,1.00,2.25
2015.11.11 13:15:00.745,1.51825,1.51848,1.00,3.00
2015.11.11 13:15:00.796,1.51827,1.51848,1.00,1.00
2015.11.11 13:15:01.052,1.51824,1.51849,1.00,2.62
2015.11.11 13:15:01.558,1.51824,1.51846,1.00,1.00
2015.11.11 13:15:01.609,1.51822,1.51846,1.00,1.75
2015.11.11 13:15:01.940,1.51824,1.51846,1.00,1.75
2015.11.11 13:15:02.245,1.51826,1.51848,1.00,1.37
2015.11.11 13:15:02.550,1.51831,1.51853,1.00,1.75
2015.11.11 13:15:02.652,1.51833,1.51853,1.00,1.00
2015.11.11 13:15:03.271,1.51833,1.51854,1.00,1.12
2015.11.11 13:15:03.323,1.51832,1.51852,1.00,1.00
2015.11.11 13:15:04.146,1.51832,1.51848,1.00,1.00
2015.11.11 13:15:04.349,1.51826,1.51844,1.00,1.00
2015.11.11 13:15:04.673,1.51836,1.51845,1.00,1.00
2015.11.11 13:15:04.926,1.5183,1.51845,1.00,1.00
2015.11.11 13:15:05.027,1.5183,1.51843,1.00,1.00
2015.11.11 13:15:05.180,1.5183,1.51846,1.00,1.00
2015.11.11 13:15:05.230,1.51834,1.51846,1.00,1.00
2015.11.11 13:15:05.334,1.51831,1.51847,1.00,1.00
2015.11.11 13:15:05.385,1.51831,1.5185,1.00,1.00
2015.11.11 13:15:05.436,1.51835,1.5185,1.00,1.00
2015.11.11 13:15:06.210,1.5184,1.51852,1.00,1.12
2015.11.11 13:15:06.268,1.51836,1.51849,1.00,1.00
2015.11.11 13:15:06.319,1.51836,1.51847,1.00,1.00
2015.11.11 13:15:06.472,1.5183,1.51846,1.00,1.00
2015.11.11 13:15:06.574,1.51835,1.51846,1.00,1.00
2015.11.11 13:15:06.980,1.51831,1.51845,1.00,1.00
2015.11.11 13:15:07.285,1.51831,1.51842,1.00,1.00
2015.11.11 13:15:07.807,1.51831,1.51841,1.00,1.00
2015.11.11 13:15:08.581,1.51831,1.5184,1.00,1.00
2015.11.11 13:15:09.609,1.51828,1.5184,1.00,1.00
2015.11.11 13:15:09.660,1.51828,1.51842,1.00,1.00
2015.11.11 13:15:10.430,1.51828,1.51844,1.00,1.00
2015.11.11 13:15:10.959,1.51828,1.51846,1.00,1.00
2015.11.11 13:15:11.326,1.51834,1.51847,1.00,1.00
2015.11.11 13:15:12.046,1.51837,1.51853,1.00,1.00
2015.11.11 13:15:12.469,1.51839,1.51855,1.00,1.00
2015.11.11 13:15:12.571,1.51839,1.51858,1.00,2.25
2015.11.11 13:15:12.622,1.51842,1.51858,1.00,1.12
2015.11.11 13:15:12.825,1.51842,1.5186,1.00,1.00
2015.11.11 13:15:13.331,1.51843,1.51862,1.00,1.50
2015.11.11 13:15:13.852,1.51843,1.51863,1.00,2.62
2015.11.11 13:15:13.953,1.51846,1.51863,1.00,1.87
2015.11.11 13:15:14.257,1.51846,1.51866,1.00,1.12
2015.11.11 13:15:14.562,1.5185,1.51866,1.00,1.12
2015.11.11 13:15:15.080,1.5185,1.51867,1.00,1.00
2015.11.11 13:15:15.638,1.51848,1.51866,1.00,1.00
2015.11.11 13:15:15.998,1.51845,1.51866,1.00,1.00
2015.11.11 13:15:16.529,1.51845,1.51865,1.00,1.00
2015.11.11 13:15:17.294,1.51845,1.51867,1.00,1.12
2015.11.11 13:15:17.350,1.5185,1.51867,1.00,1.12
2015.11.11 13:15:17.503,1.51848,1.51867,1.00,1.12
2015.11.11 13:15:18.012,1.51846,1.51867,1.00,1.12
2015.11.11 13:15:20.023,1.51846,1.51866,1.00,1.00
2015.11.11 13:15:20.564,1.51846,1.51868,1.00,1.50
2015.11.11 13:15:21.272,1.51844,1.51867,1.50,1.00
2015.11.11 13:15:21.323,1.51844,1.51861,1.00,1.00
2015.11.11 13:15:21.627,1.51847,1.51858,1.00,1.00
2015.11.11 13:15:21.678,1.51839,1.51858,1.00,1.37
2015.11.11 13:15:21.780,1.51843,1.51857,1.00,1.00
2015.11.11 13:15:21.882,1.51838,1.51857,1.00,1.00
2015.11.11 13:15:22.085,1.51842,1.5186,1.00,1.50
2015.11.11 13:15:22.400,1.5184,1.51859,1.00,1.37
2015.11.11 13:15:22.655,1.51835,1.51857,1.00,1.00
2015.11.11 13:15:22.857,1.51838,1.51859,1.00,1.12
2015.11.11 13:15:23.314,1.51836,1.5186,1.00,1.37
2015.11.11 13:15:24.090,1.51838,1.51854,1.00,1.00
2015.11.11 13:15:24.467,1.51836,1.51854,1.00,1.00
2015.11.11 13:15:26.350,1.51838,1.51855,1.00,1.00
2015.11.11 13:15:26.706,1.51838,1.51857,1.00,1.00
2015.11.11 13:15:28.169,1.51838,1.51854,1.00,1.00
2015.11.11 13:15:28.423,1.51835,1.51853,1.37,1.00
2015.11.11 13:15:28.677,1.51835,1.51847,1.00,1.00
2015.11.11 13:15:28.728,1.51832,1.51849,1.87,1.00
2015.11.11 13:15:29.059,1.51833,1.51851,1.00,1.00
2015.11.11 13:15:29.163,1.51833,1.51849,1.00,1.00
2015.11.11 13:15:29.219,1.51831,1.51849,1.00,1.00
2015.11.11 13:15:29.270,1.51829,1.51849,2.25,1.00
2015.11.11 13:15:30.192,1.51829,1.51851,1.12,1.00
2015.11.11 13:15:30.471,1.51833,1.51851,1.00,1.00
2015.11.11 13:15:30.523,1.51833,1.51854,1.00,1.00
2015.11.11 13:15:30.573,1.51835,1.51854,1.00,1.00
2015.11.11 13:15:30.827,1.51836,1.51858,1.00,1.00
2015.11.11 13:15:30.878,1.51838,1.51858,1.00,1.00
2015.11.11 13:15:31.182,1.51842,1.51861,1.00,1.00
2015.11.11 13:15:31.284,1.51843,1.51864,1.00,1.00
2015.11.11 13:15:31.959,1.51856,1.51865,1.00,1.37
2015.11.11 13:15:32.264,1.51861,1.51866,1.00,1.37
2015.11.11 13:15:32.316,1.5186,1.5188,1.00,1.87
2015.11.11 13:15:32.367,1.5186,1.5188,1.00,1.50
2015.11.11 13:15:32.419,1.51863,1.5188,1.00,1.12
2015.11.11 13:15:32.724,1.51863,1.51873,1.00,1.00
2015.11.11 13:15:33.254,1.51862,1.51875,1.00,1.00
2015.11.11 13:15:33.406,1.51859,1.51872,1.00,1.00
2015.11.11 13:15:33.921,1.51859,1.51874,1.00,1.00
2015.11.11 13:15:33.972,1.51857,1.51874,1.00,1.00
2015.11.11 13:15:34.074,1.5186,1.51871,1.00,1.00
2015.11.11 13:15:34.125,1.5186,1.51875,1.00,1.00
2015.11.11 13:15:34.379,1.5186,1.51872,1.00,1.00
2015.11.11 13:15:34.814,1.51858,1.51867,1.00,1.00
2015.11.11 13:15:34.867,1.51858,1.51869,1.00,1.00
2015.11.11 13:15:34.969,1.5186,1.5187,1.00,1.00
2015.11.11 13:15:35.020,1.5186,1.51872,1.00,1.00
2015.11.11 13:15:35.296,1.51862,1.51872,1.00,1.00
2015.11.11 13:15:35.779,1.51862,1.51869,1.00,1.00
2015.11.11 13:15:35.830,1.51862,1.51871,1.00,1.00
2015.11.11 13:15:35.882,1.51862,1.51873,1.00,1.00
2015.11.11 13:15:35.933,1.51855,1.51873,1.00,1.12
2015.11.11 13:15:36.034,1.51861,1.51875,1.00,1.37
2015.11.11 13:15:36.349,1.51863,1.51877,1.00,1.00
2015.11.11 13:15:36.451,1.51863,1.51881,1.00,1.00
2015.11.11 13:15:36.604,1.51861,1.51882,1.12,1.00
2015.11.11 13:15:36.655,1.51862,1.51884,1.50,1.50
2015.11.11 13:15:37.934,1.51863,1.51884,1.00,1.00
2015.11.11 13:15:38.600,1.51863,1.51882,1.00,1.00
2015.11.11 13:15:38.905,1.51863,1.51875,1.00,1.00
2015.11.11 13:15:38.956,1.51858,1.51876,1.37,1.00
2015.11.11 13:15:39.058,1.51855,1.51876,1.50,1.00
2015.11.11 13:15:39.583,1.51857,1.51878,1.00,1.00
2015.11.11 13:15:39.899,1.51857,1.51874,1.00,1.00
2015.11.11 13:15:40.203,1.5186,1.51875,1.00,1.00
2015.11.11 13:15:40.456,1.5186,1.51877,1.00,1.00
2015.11.11 13:15:40.659,1.5186,1.51879,1.00,1.00
2015.11.11 13:15:41.441,1.51862,1.51875,1.00,1.00
2015.11.11 13:15:41.616,1.51862,1.51878,1.00,1.00
2015.11.11 13:15:42.430,1.51862,1.51876,1.00,1.00
2015.11.11 13:15:45.118,1.51862,1.51878,1.00,1.00
2015.11.11 13:15:45.598,1.51862,1.51882,1.00,1.50
2015.11.11 13:15:47.434,1.51862,1.5188,1.00,1.00
2015.11.11 13:15:47.942,1.51863,1.51882,1.00,2.25
2015.11.11 13:15:48.400,1.51863,1.51879,1.00,1.37
2015.11.11 13:15:48.705,1.51864,1.51875,1.00,1.37
2015.11.11 13:15:51.991,1.51864,1.51878,1.00,1.37
2015.11.11 13:15:52.042,1.51864,1.51878,1.00,1.00
2015.11.11 13:15:52.145,1.51864,1.5188,1.00,1.00
2015.11.11 13:15:52.196,1.51864,1.51883,1.00,1.87
2015.11.11 13:15:52.659,1.51863,1.5188,1.37,1.00
2015.11.11 13:15:53.015,1.51867,1.51879,1.00,1.12
2015.11.11 13:15:53.117,1.51863,1.51876,1.00,1.00
2015.11.11 13:15:53.218,1.51863,1.51872,1.00,1.00
2015.11.11 13:15:53.371,1.51851,1.51872,1.00,1.00
2015.11.11 13:15:53.422,1.5185,1.5187,1.12,1.00
2015.11.11 13:15:53.759,1.51856,1.51864,1.00,1.00
2015.11.11 13:15:54.064,1.51855,1.51861,1.00,1.00
2015.11.11 13:15:54.116,1.5185,1.51861,1.00,1.00
2015.11.11 13:15:54.522,1.5185,1.51864,1.00,1.50
2015.11.11 13:15:54.777,1.51852,1.51864,1.00,1.00
2015.11.11 13:15:55.627,1.51849,1.51864,1.00,1.00
2015.11.11 13:15:56.135,1.51849,1.51865,1.00,1.00
2015.11.11 13:15:56.734,1.51849,1.51867,1.00,1.00
2015.11.11 13:15:56.836,1.51857,1.51867,1.00,1.00
2015.11.11 13:15:56.887,1.51857,1.5187,1.00,1.00
2015.11.11 13:15:56.940,1.51851,1.51865,1.00,1.00
2015.11.11 13:15:56.991,1.51851,1.51867,1.00,1.00
2015.11.11 13:15:57.042,1.51846,1.51868,2.62,1.00
2015.11.11 13:15:57.144,1.51846,1.51871,2.25,1.50
2015.11.11 13:15:57.195,1.51853,1.51871,1.00,1.12
2015.11.11 13:15:57.347,1.51853,1.51873,1.00,1.00
2015.11.11 13:15:57.600,1.51853,1.51877,1.00,1.50
2015.11.11 13:15:58.188,1.51853,1.51879,3.37,1.37
2015.11.11 13:15:58.239,1.51854,1.51879,1.50,1.00
2015.11.11 13:15:58.543,1.51854,1.51879,1.87,1.00
2015.11.11 13:15:58.898,1.51857,1.51883,3.37,2.62
2015.11.11 13:15:58.949,1.51859,1.51883,1.50,1.37
2015.11.11 13:15:59.615,1.51859,1.51883,1.87,2.25
2015.11.11 13:15:59.775,1.51857,1.51879,1.00,1.12
2015.11.11 13:16:00.130,1.51858,1.51881,1.12,1.00
2015.11.11 13:16:00.283,1.5186,1.51881,1.00,1.00
2015.11.11 13:16:00.641,1.51859,1.51882,1.75,1.00
2015.11.11 13:16:00.976,1.51862,1.51886,1.12,1.37
2015.11.11 13:16:01.129,1.51868,1.51886,1.00,1.00
2015.11.11 13:16:01.180,1.51868,1.51889,1.00,1.37
2015.11.11 13:16:01.434,1.51864,1.51889,1.00,1.87
2015.11.11 13:16:01.913,1.51869,1.51889,1.00,1.37
2015.11.11 13:16:02.016,1.51866,1.51889,1.00,1.37
2015.11.11 13:16:02.440,1.51864,1.51888,1.00,1.50
2015.11.11 13:16:03.274,1.51867,1.51888,1.00,1.50
2015.11.11 13:16:03.579,1.51868,1.5189,1.00,1.12
2015.11.11 13:16:04.168,1.5187,1.51893,1.00,1.75
2015.11.11 13:16:04.633,1.5187,1.51893,1.00,1.50
2015.11.11 13:16:04.836,1.51876,1.51893,1.00,1.37
2015.11.11 13:16:04.887,1.51873,1.51893,1.00,1.37
2015.11.11 13:16:04.938,1.51875,1.51896,1.00,1.00
2015.11.11 13:16:05.040,1.51872,1.51895,1.00,1.00
2015.11.11 13:16:05.243,1.51872,1.51897,1.00,2.62
2015.11.11 13:16:05.777,1.51871,1.51893,1.00,1.50
2015.11.11 13:16:06.083,1.51877,1.51898,1.50,1.00
2015.11.11 13:16:06.236,1.51875,1.51897,1.00,1.00
2015.11.11 13:16:06.439,1.51876,1.51893,1.00,1.00
2015.11.11 13:16:06.775,1.51873,1.51892,1.00,1.12
2015.11.11 13:16:06.877,1.51871,1.51892,1.00,1.12
2015.11.11 13:16:07.030,1.51871,1.51893,1.00,1.87
2015.11.11 13:16:07.537,1.5187,1.51893,1.00,1.87
2015.11.11 13:16:07.893,1.51872,1.51893,1.00,1.87
2015.11.11 13:16:08.471,1.5187,1.51893,1.00,1.00
2015.11.11 13:16:09.080,1.5187,1.51893,1.00,1.37
2015.11.11 13:16:09.132,1.51868,1.51893,1.00,1.87
2015.11.11 13:16:09.183,1.51867,1.51889,1.00,1.00
2015.11.11 13:16:09.910,1.51867,1.5189,1.00,1.00
2015.11.11 13:16:10.216,1.51866,1.51888,1.00,1.00
2015.11.11 13:16:10.572,1.51868,1.51891,1.37,1.75
2015.11.11 13:16:10.674,1.51872,1.51892,1.00,1.00
2015.11.11 13:16:10.877,1.51883,1.51895,1.00,1.00
2015.11.11 13:16:11.256,1.51881,1.51898,1.00,1.12
2015.11.11 13:16:11.358,1.51883,1.51898,1.00,1.00
2015.11.11 13:16:11.562,1.51876,1.51893,1.00,1.00
2015.11.11 13:16:11.614,1.51876,1.51896,1.00,1.00
2015.11.11 13:16:11.896,1.51876,1.51899,1.00,1.87
2015.11.11 13:16:11.949,1.51876,1.51898,1.00,1.12
2015.11.11 13:16:12.052,1.51876,1.51898,1.00,1.00
2015.11.11 13:16:12.357,1.51879,1.51898,1.00,1.00
2015.11.11 13:16:12.685,1.51874,1.51901,1.50,3.75
2015.11.11 13:16:13.090,1.51874,1.51891,1.00,1.00
2015.11.11 13:16:13.141,1.51872,1.51894,2.25,1.00
2015.11.11 13:16:13.192,1.51871,1.51894,2.25,1.37
2015.11.11 13:16:13.294,1.51871,1.51894,1.00,1.00
2015.11.11 13:16:13.446,1.51871,1.51895,1.00,3.75
2015.11.11 13:16:13.548,1.51871,1.51895,1.00,3.75
2015.11.11 13:16:14.331,1.51871,1.51896,1.50,2.25
2015.11.11 13:16:14.382,1.51876,1.51896,1.50,1.50
2015.11.11 13:16:14.686,1.51882,1.51896,1.00,1.12
2015.11.11 13:16:14.889,1.51871,1.51894,1.50,1.00
2015.11.11 13:16:15.041,1.51871,1.51889,1.00,1.00
2015.11.11 13:16:15.345,1.5187,1.51887,1.00,1.37
2015.11.11 13:16:15.733,1.51871,1.51888,1.00,1.87
2015.11.11 13:16:15.785,1.51871,1.5189,1.00,1.87
2015.11.11 13:16:16.394,1.51871,1.51884,1.00,1.00
2015.11.11 13:16:16.496,1.51864,1.51884,1.87,1.00
2015.11.11 13:16:16.598,1.51862,1.51884,1.12,1.00
2015.11.11 13:16:16.851,1.51862,1.51882,1.00,1.00
2015.11.11 13:16:17.828,1.51862,1.51879,1.00,1.00
2015.11.11 13:16:18.133,1.51862,1.51875,1.00,1.00
2015.11.11 13:16:19.220,1.51862,1.51876,1.00,1.00
2015.11.11 13:16:19.728,1.51862,1.51875,1.00,1.00
2015.11.11 13:16:19.931,1.51861,1.51878,1.00,1.12
2015.11.11 13:16:20.465,1.51861,1.51879,1.00,1.00
