2018.05.08 03:00:00.043,1.58895,1.58914,1.12,3.37
2018.05.08 03:00:00.804,1.58895,1.58914,1.37,3.37
2018.05.08 03:00:01.134,1.58904,1.58917,1.00,1.19
2018.05.08 03:00:01.187,1.58904,1.5892,1.00,1.50
2018.05.08 03:00:01.343,1.58902,1.58921,1.00,1.19
2018.05.08 03:00:02.012,1.58899,1.58916,1.00,1.00
2018.05.08 03:00:02.324,1.58895,1.58915,1.12,1.31
2018.05.08 03:00:03.216,1.58892,1.58914,2.62,1.69
2018.05.08 03:00:04.737,1.58892,1.58914,1.87,1.19
2018.05.08 03:00:05.976,1.58894,1.58914,1.37,2.44
2018.05.08 03:00:06.521,1.58894,1.58913,1.12,1.31
2018.05.08 03:00:10.745,1.58895,1.58913,1.00,1.69
2018.05.08 03:00:10.850,1.589,1.58915,1.00,2.25
2018.05.08 03:00:10.903,1.58896,1.58918,2.06,1.69
2018.05.08 03:00:11.060,1.58898,1.58917,1.12,1.19
2018.05.08 03:00:11.679,1.58898,1.58917,1.12,1.19
2018.05.08 03:00:13.957,1.58898,1.58917,1.12,1.19
2018.05.08 03:00:14.165,1.58895,1.58914,1.00,1.25
2018.05.08 03:00:14.713,1.58895,1.58915,1.25,1.31
2018.05.08 03:00:16.123,1.58895,1.58915,1.00,1.31
2018.05.08 03:00:16.254,1.58895,1.58915,1.25,1.12
2018.05.08 03:00:18.239,1.589,1.58916,1.00,1.69
2018.05.08 03:00:18.292,1.589,1.58919,1.50,1.69
2018.05.08 03:00:18.346,1.58905,1.58921,1.00,1.25
2018.05.08 03:00:18.605,1.58903,1.58923,1.25,1.31
2018.05.08 03:00:19.228,1.58904,1.58924,1.00,1.69
2018.05.08 03:00:19.770,1.58904,1.58922,1.12,1.00
2018.05.08 03:00:20.294,1.58903,1.58923,2.62,1.19
2018.05.08 03:00:20.346,1.58905,1.58923,1.37,1.25
2018.05.08 03:00:20.503,1.58903,1.58924,1.12,1.19
2018.05.08 03:00:21.538,1.58902,1.58923,1.19,1.50
2018.05.08 03:00:21.641,1.58902,1.58921,1.69,1.50
2018.05.08 03:00:21.974,1.58901,1.58921,1.12,1.69
2018.05.08 03:00:24.943,1.58899,1.5892,1.81,1.00
2018.05.08 03:00:24.996,1.58899,1.58918,1.50,1.25
2018.05.08 03:00:25.411,1.58898,1.58916,1.31,1.00
2018.05.08 03:00:26.486,1.58897,1.58916,1.62,1.25
2018.05.08 03:00:26.638,1.58898,1.58916,1.12,1.69
2018.05.08 03:00:27.898,1.58896,1.58916,1.69,1.69
2018.05.08 03:00:28.118,1.58897,1.58917,1.81,1.00
2018.05.08 03:00:28.642,1.58898,1.58918,1.62,1.00
2018.05.08 03:00:29.315,1.58898,1.58918,2.06,1.00
2018.05.08 03:00:29.367,1.58898,1.58918,1.25,1.00
2018.05.08 03:00:29.915,1.58898,1.58918,2.06,1.00
2018.05.08 03:00:29.967,1.58898,1.58918,1.25,1.00
2018.05.08 03:00:30.623,1.58898,1.58918,1.00,1.19
2018.05.08 03:00:32.249,1.58897,1.58917,1.69,1.25
2018.05.08 03:00:32.353,1.58896,1.58916,1.31,1.19
2018.05.08 03:00:33.427,1.58894,1.58916,2.06,1.19
2018.05.08 03:00:33.634,1.58898,1.58918,1.00,1.25
2018.05.08 03:00:34.200,1.58899,1.58918,1.00,1.12
2018.05.08 03:00:34.716,1.58898,1.58918,1.00,1.00
2018.05.08 03:00:34.996,1.58898,1.58918,1.87,1.00
2018.05.08 03:00:35.047,1.58898,1.58918,1.12,1.00
2018.05.08 03:00:36.690,1.58899,1.58918,1.50,1.00
2018.05.08 03:00:37.200,1.58898,1.58918,1.87,1.00
2018.05.08 03:00:37.797,1.58899,1.58918,1.00,1.00
2018.05.08 03:00:38.551,1.58899,1.58918,1.87,1.00
2018.05.08 03:00:38.604,1.58901,1.5892,1.31,1.00
2018.05.08 03:00:38.710,1.58905,1.58925,2.62,1.25
2018.05.08 03:00:38.762,1.58908,1.58925,1.37,1.25
2018.05.08 03:00:38.975,1.58912,1.5893,1.12,1.13
2018.05.08 03:00:39.028,1.58912,1.5893,1.12,1.19
2018.05.08 03:00:39.203,1.58912,1.5893,1.00,1.19
2018.05.08 03:00:39.361,1.5891,1.5893,2.25,1.19
2018.05.08 03:00:39.876,1.58911,1.58929,1.31,1.00
2018.05.08 03:00:39.930,1.58911,1.58931,1.31,1.50
2018.05.08 03:00:40.239,1.5891,1.58929,2.25,1.00
2018.05.08 03:00:40.764,1.5891,1.5893,3.19,1.00
2018.05.08 03:00:44.703,1.58911,1.58931,2.25,1.19
2018.05.08 03:00:44.755,1.58914,1.58934,1.12,1.25
2018.05.08 03:00:44.807,1.58914,1.58933,1.12,1.19
2018.05.08 03:00:44.859,1.58914,1.58934,1.31,1.00
2018.05.08 03:00:46.082,1.58913,1.58934,2.06,1.00
2018.05.08 03:00:47.723,1.58914,1.58934,2.06,1.19
2018.05.08 03:00:48.034,1.58914,1.58934,2.81,1.19
2018.05.08 03:00:50.948,1.58917,1.58935,2.06,1.25
2018.05.08 03:00:51.056,1.58923,1.58935,1.37,1.00
2018.05.08 03:00:51.109,1.58923,1.58938,1.31,1.12
2018.05.08 03:00:51.276,1.58922,1.58937,1.00,1.19
2018.05.08 03:00:51.416,1.58919,1.58934,1.00,1.19
2018.05.08 03:00:51.623,1.58917,1.58933,1.00,1.25
2018.05.08 03:00:52.140,1.58916,1.58933,1.00,1.25
2018.05.08 03:00:52.244,1.58918,1.58933,1.00,1.25
2018.05.08 03:00:52.818,1.58917,1.58933,1.00,1.25
2018.05.08 03:00:53.377,1.58918,1.58933,1.00,1.25
2018.05.08 03:00:53.925,1.58917,1.58934,1.00,1.69
2018.05.08 03:00:54.438,1.58918,1.58934,1.00,2.06
2018.05.08 03:00:54.940,1.58917,1.58934,1.00,1.69
2018.05.08 03:00:55.449,1.58918,1.58934,1.00,2.02
2018.05.08 03:00:55.996,1.58917,1.58934,1.00,1.19
2018.05.08 03:00:56.298,1.58918,1.58933,1.00,2.77
2018.05.08 03:00:56.822,1.58918,1.58933,1.00,1.57
2018.05.08 03:00:57.361,1.58918,1.58934,1.00,1.65
2018.05.08 03:00:57.893,1.58917,1.58934,1.50,1.56
2018.05.08 03:00:58.418,1.58916,1.58934,1.50,1.56
2018.05.08 03:00:59.013,1.58917,1.58934,1.00,1.56
2018.05.08 03:01:00.175,1.58915,1.58931,1.00,1.25
2018.05.08 03:01:00.229,1.58916,1.58929,1.00,1.00
2018.05.08 03:01:00.283,1.58913,1.5893,1.00,2.25
2018.05.08 03:01:00.388,1.58912,1.58926,1.00,1.00
2018.05.08 03:01:00.440,1.58908,1.58926,1.69,1.00
2018.05.08 03:01:00.722,1.58908,1.58926,1.00,2.21
2018.05.08 03:01:01.224,1.58907,1.58925,1.00,1.31
2018.05.08 03:01:01.818,1.58907,1.58925,1.00,1.56
2018.05.08 03:01:02.402,1.58907,1.58922,1.00,1.00
2018.05.08 03:01:02.963,1.58907,1.58921,1.00,1.00
2018.05.08 03:01:03.478,1.58908,1.58922,1.00,1.44
2018.05.08 03:01:03.813,1.58906,1.58922,1.00,1.19
2018.05.08 03:01:04.362,1.58907,1.58922,1.00,1.25
2018.05.08 03:01:05.156,1.58908,1.58922,1.00,1.00
2018.05.08 03:01:05.209,1.58904,1.58922,1.00,1.50
2018.05.08 03:01:05.260,1.58904,1.58921,1.00,1.00
2018.05.08 03:01:05.414,1.58908,1.58922,1.00,1.25
2018.05.08 03:01:05.721,1.58907,1.5892,1.00,1.44
2018.05.08 03:01:05.773,1.58902,1.5892,1.00,1.19
2018.05.08 03:01:05.876,1.58903,1.5892,1.00,3.34
2018.05.08 03:01:06.081,1.58901,1.58918,1.00,1.31
2018.05.08 03:01:06.278,1.58901,1.58918,1.00,1.31
2018.05.08 03:01:06.432,1.589,1.58916,1.00,1.00
2018.05.08 03:01:06.738,1.58896,1.58912,1.00,1.25
2018.05.08 03:01:07.053,1.58893,1.58908,1.00,1.00
2018.05.08 03:01:07.368,1.58896,1.58913,1.00,1.00
2018.05.08 03:01:07.679,1.58897,1.58915,1.12,1.00
2018.05.08 03:01:08.466,1.58898,1.58915,1.00,1.25
2018.05.08 03:01:08.984,1.58897,1.58916,1.12,1.87
2018.05.08 03:01:09.653,1.58897,1.58916,1.12,1.12
2018.05.08 03:01:10.196,1.58897,1.58916,1.50,1.00
2018.05.08 03:01:10.298,1.589,1.58918,1.00,1.25
2018.05.08 03:01:10.606,1.58902,1.58918,1.37,1.00
2018.05.08 03:01:10.657,1.58901,1.58918,1.31,1.00
2018.05.08 03:01:10.760,1.58901,1.5892,1.31,1.00
2018.05.08 03:01:11.147,1.58901,1.5892,1.31,1.00
2018.05.08 03:01:11.661,1.58901,1.5892,2.44,1.00
2018.05.08 03:01:11.921,1.5891,1.58928,1.00,1.69
2018.05.08 03:01:12.452,1.58908,1.58928,1.37,1.50
2018.05.08 03:01:12.977,1.58908,1.58928,1.37,1.19
2018.05.08 03:01:13.235,1.58907,1.58927,1.12,1.19
2018.05.08 03:01:13.601,1.58909,1.58928,1.00,1.69
2018.05.08 03:01:13.655,1.5891,1.5893,1.50,1.87
2018.05.08 03:01:13.709,1.58913,1.58932,1.00,1.00
2018.05.08 03:01:14.041,1.58924,1.58941,1.87,1.37
2018.05.08 03:01:14.145,1.58922,1.58939,1.00,1.31
2018.05.08 03:01:14.198,1.58918,1.58936,1.00,1.19
2018.05.08 03:01:14.531,1.58916,1.58936,1.00,1.31
2018.05.08 03:01:14.842,1.58912,1.58934,2.25,1.87
2018.05.08 03:01:15.374,1.58914,1.58933,1.00,1.19
2018.05.08 03:01:15.901,1.58912,1.58932,1.50,1.19
2018.05.08 03:01:16.239,1.58913,1.5893,1.12,1.19
2018.05.08 03:01:16.356,1.58913,1.58933,1.12,1.19
2018.05.08 03:01:16.409,1.58915,1.58936,1.37,1.44
2018.05.08 03:01:16.739,1.58918,1.58936,1.00,1.19
2018.05.08 03:01:17.519,1.58917,1.58936,1.00,1.19
2018.05.08 03:01:18.029,1.58916,1.58936,1.00,1.19
2018.05.08 03:01:18.089,1.58916,1.58935,1.19,1.44
2018.05.08 03:01:18.141,1.58916,1.58936,1.50,1.19
2018.05.08 03:01:18.194,1.58916,1.58936,1.50,1.19
2018.05.08 03:01:18.745,1.58915,1.58934,1.25,1.00
2018.05.08 03:01:19.119,1.58915,1.58934,1.00,1.19
2018.05.08 03:01:19.965,1.58915,1.58937,1.50,1.44
2018.05.08 03:01:21.081,1.58919,1.58939,1.12,2.06
2018.05.08 03:01:21.134,1.58919,1.58939,1.87,1.19
2018.05.08 03:01:21.186,1.5892,1.58942,2.06,1.19
2018.05.08 03:01:21.238,1.58922,1.58944,1.50,2.06
2018.05.08 03:01:21.394,1.58922,1.58943,1.50,1.19
2018.05.08 03:01:21.714,1.58924,1.58943,1.00,1.19
2018.05.08 03:01:22.755,1.58922,1.58942,1.00,1.19
2018.05.08 03:01:23.419,1.58921,1.58942,1.00,1.19
2018.05.08 03:01:23.851,1.58921,1.58942,1.00,1.19
2018.05.08 03:01:24.010,1.58918,1.5894,1.12,1.31
2018.05.08 03:01:24.115,1.5892,1.58939,1.50,1.19
2018.05.08 03:01:27.671,1.58918,1.58938,1.19,1.19
2018.05.08 03:01:27.852,1.58917,1.58938,2.44,1.56
2018.05.08 03:01:28.322,1.58915,1.58934,1.00,1.19
2018.05.08 03:01:28.634,1.58913,1.58935,2.62,1.69
2018.05.08 03:01:29.138,1.58917,1.58939,1.50,1.31
2018.05.08 03:01:29.191,1.58919,1.58941,1.37,1.31
2018.05.08 03:01:29.399,1.58918,1.58938,1.00,1.19
2018.05.08 03:01:29.451,1.58918,1.58938,1.00,1.19
2018.05.08 03:01:29.992,1.58916,1.58939,3.19,2.44
2018.05.08 03:01:30.147,1.58916,1.58939,2.44,2.44
2018.05.08 03:01:30.459,1.58915,1.58935,1.00,1.69
2018.05.08 03:01:31.939,1.58923,1.58942,1.12,1.56
2018.05.08 03:01:31.991,1.58926,1.58944,1.37,1.25
2018.05.08 03:01:32.044,1.58928,1.58946,2.62,2.44
2018.05.08 03:01:32.096,1.58929,1.5895,1.50,1.19
2018.05.08 03:01:34.180,1.58926,1.58946,1.50,1.00
2018.05.08 03:01:34.389,1.58924,1.58945,1.00,2.62
2018.05.08 03:01:34.904,1.58923,1.58943,2.62,1.00
2018.05.08 03:01:35.232,1.58925,1.58945,1.87,1.19
2018.05.08 03:01:35.284,1.58925,1.58947,2.62,1.19
2018.05.08 03:01:35.526,1.58925,1.58948,2.06,1.25
2018.05.08 03:01:35.681,1.58929,1.58949,1.56,1.00
2018.05.08 03:01:35.786,1.58934,1.58954,1.50,1.50
2018.05.08 03:01:39.766,1.58935,1.58956,1.00,1.69
2018.05.08 03:01:40.477,1.58935,1.58956,1.12,1.12
2018.05.08 03:01:42.092,1.58935,1.58956,1.12,1.31
2018.05.08 03:01:42.721,1.58935,1.58956,1.12,1.12
2018.05.08 03:01:42.949,1.58935,1.58954,1.12,1.00
2018.05.08 03:01:45.320,1.58936,1.58954,1.12,1.00
2018.05.08 03:01:46.395,1.58935,1.58954,1.12,1.00
2018.05.08 03:01:47.431,1.58937,1.58954,1.00,1.00
2018.05.08 03:01:47.620,1.58935,1.58955,1.00,1.19
2018.05.08 03:01:47.674,1.58933,1.58955,1.12,2.63
2018.05.08 03:01:47.728,1.58934,1.58952,1.00,1.87
2018.05.08 03:01:47.835,1.58928,1.58947,1.25,1.00
2018.05.08 03:01:47.889,1.58929,1.58944,1.00,1.19
2018.05.08 03:01:47.946,1.58929,1.58946,1.00,1.00
2018.05.08 03:01:48.300,1.58927,1.58948,1.50,1.81
2018.05.08 03:01:48.410,1.58926,1.58949,1.50,3.75
2018.05.08 03:01:48.927,1.58926,1.58947,1.12,1.31
2018.05.08 03:01:49.401,1.58926,1.58946,1.12,1.19
2018.05.08 03:01:49.880,1.58926,1.58944,1.00,1.19
2018.05.08 03:01:50.435,1.58928,1.58944,1.00,1.19
2018.05.08 03:01:50.487,1.58927,1.58946,1.00,1.19
2018.05.08 03:01:50.606,1.58929,1.58947,1.00,1.19
2018.05.08 03:01:50.916,1.58927,1.58946,1.00,1.19
2018.05.08 03:01:50.970,1.58927,1.58948,1.00,3.37
2018.05.08 03:01:51.021,1.58927,1.58946,1.00,1.44
2018.05.08 03:01:51.225,1.58927,1.58946,1.00,1.44
2018.05.08 03:01:53.939,1.58927,1.58946,1.00,1.19
2018.05.08 03:01:53.994,1.58928,1.58949,1.00,2.06
2018.05.08 03:01:54.510,1.58929,1.5895,1.00,2.06
2018.05.08 03:01:54.717,1.58931,1.58949,1.00,1.19
2018.05.08 03:01:55.340,1.58931,1.58949,1.00,1.19
2018.05.08 03:01:56.549,1.5893,1.58949,1.00,1.87
2018.05.08 03:01:57.053,1.58931,1.58949,1.00,1.87
2018.05.08 03:01:57.428,1.58928,1.58949,1.12,1.69
2018.05.08 03:02:00.179,1.58927,1.58949,1.12,3.56
2018.05.08 03:02:02.425,1.58926,1.58949,1.69,3.56
2018.05.08 03:02:06.607,1.58925,1.58947,1.94,1.69
2018.05.08 03:02:06.660,1.58925,1.58947,1.12,1.87
2018.05.08 03:02:07.171,1.58925,1.58947,1.31,1.87
2018.05.08 03:02:07.510,1.58925,1.58944,1.69,1.00
2018.05.08 03:02:07.614,1.58924,1.58946,1.31,1.69
2018.05.08 03:02:07.820,1.58924,1.58944,2.06,1.00
2018.05.08 03:02:08.351,1.58922,1.58944,2.62,1.69
2018.05.08 03:02:08.889,1.58922,1.58943,1.31,1.12
2018.05.08 03:02:09.508,1.58922,1.58943,1.00,1.31
2018.05.08 03:02:10.689,1.58922,1.58942,1.00,1.19
2018.05.08 03:02:10.844,1.58922,1.58942,1.00,1.12
2018.05.08 03:02:11.138,1.58924,1.58945,1.00,1.25
2018.05.08 03:02:11.191,1.58926,1.58947,1.50,1.63
2018.05.08 03:02:11.501,1.58926,1.58949,1.50,3.19
2018.05.08 03:02:12.011,1.58923,1.58944,1.19,2.25
2018.05.08 03:02:12.063,1.58925,1.58944,1.31,1.50
2018.05.08 03:02:12.114,1.58924,1.58944,1.69,1.00
2018.05.08 03:02:12.354,1.58924,1.58945,1.25,1.56
2018.05.08 03:02:12.558,1.58922,1.58943,1.87,1.12
2018.05.08 03:02:13.074,1.58922,1.58943,1.87,1.31
2018.05.08 03:02:13.613,1.58922,1.58938,1.00,1.00
2018.05.08 03:02:13.666,1.58918,1.5894,1.25,1.87
2018.05.08 03:02:14.097,1.58918,1.58938,1.00,1.19
2018.05.08 03:02:14.201,1.58918,1.58938,1.00,1.00
2018.05.08 03:02:15.394,1.58919,1.58938,1.00,1.00
2018.05.08 03:02:15.917,1.58918,1.58938,1.69,1.00
2018.05.08 03:02:17.210,1.58915,1.58935,1.87,1.00
2018.05.08 03:02:17.264,1.58915,1.58935,1.12,1.44
2018.05.08 03:02:17.318,1.58913,1.58933,1.69,1.75
2018.05.08 03:02:17.655,1.5891,1.5892,1.00,1.19
2018.05.08 03:02:17.711,1.58907,1.5892,1.00,1.19
2018.05.08 03:02:17.765,1.58903,1.58918,1.00,1.25
2018.05.08 03:02:18.021,1.58898,1.58918,2.44,1.25
2018.05.08 03:02:18.328,1.58898,1.58916,1.94,1.00
2018.05.08 03:02:18.832,1.58897,1.58917,1.87,1.00
2018.05.08 03:02:19.037,1.58897,1.58916,1.25,1.00
2018.05.08 03:02:19.594,1.58897,1.58916,1.25,1.19
2018.05.08 03:02:23.066,1.58897,1.58916,1.19,1.19
2018.05.08 03:02:24.137,1.58897,1.58917,1.25,1.19
2018.05.08 03:02:26.077,1.58898,1.58918,1.00,1.44
2018.05.08 03:02:27.839,1.58898,1.58918,1.69,1.19
2018.05.08 03:02:30.765,1.58897,1.58917,1.12,1.19
2018.05.08 03:02:31.307,1.589,1.58917,1.00,1.19
2018.05.08 03:02:31.415,1.58908,1.58926,2.81,2.25
2018.05.08 03:02:31.467,1.58911,1.5893,1.44,3.94
2018.05.08 03:02:31.898,1.58911,1.58932,1.87,1.00
2018.05.08 03:02:32.407,1.58911,1.58934,1.87,1.69
2018.05.08 03:02:33.524,1.58911,1.58934,4.12,1.69
2018.05.08 03:02:35.680,1.58912,1.58935,1.87,1.00
2018.05.08 03:02:38.922,1.58913,1.58936,2.44,1.12
2018.05.08 03:02:38.974,1.58914,1.58937,2.06,2.44
2018.05.08 03:02:39.129,1.58914,1.58936,2.44,1.25
2018.05.08 03:02:39.672,1.58914,1.58935,1.25,1.12
2018.05.08 03:02:40.509,1.58911,1.58934,1.31,2.44
2018.05.08 03:02:40.562,1.58911,1.58933,1.31,1.25
2018.05.08 03:02:40.773,1.58911,1.58931,1.00,1.25
2018.05.08 03:02:41.306,1.58911,1.58932,1.00,1.25
2018.05.08 03:02:42.178,1.58911,1.58932,1.00,1.19
2018.05.08 03:02:42.231,1.58911,1.58932,1.00,1.25
2018.05.08 03:02:43.904,1.58911,1.58932,1.00,1.31
2018.05.08 03:02:45.186,1.58911,1.58932,1.00,1.12
2018.05.08 03:02:47.327,1.58911,1.58932,1.00,1.50
2018.05.08 03:02:48.273,1.58911,1.58932,1.00,2.44
2018.05.08 03:02:49.444,1.58911,1.58932,1.00,2.62
2018.05.08 03:02:50.963,1.5891,1.58931,1.00,1.19
2018.05.08 03:02:51.506,1.5891,1.58931,1.25,1.12
2018.05.08 03:02:52.140,1.58909,1.5893,1.69,1.00
2018.05.08 03:02:52.647,1.58909,1.5893,1.00,2.25
2018.05.08 03:02:53.148,1.5891,1.5893,1.00,1.50
2018.05.08 03:02:55.857,1.58909,1.5893,1.12,1.50
2018.05.08 03:02:58.696,1.58908,1.5893,1.50,1.69
2018.05.08 03:02:59.143,1.58908,1.58926,1.00,1.00
2018.05.08 03:02:59.352,1.58904,1.58923,1.00,1.50
2018.05.08 03:02:59.563,1.58901,1.58921,2.06,1.00
2018.05.08 03:02:59.926,1.58903,1.58923,1.12,1.00
2018.05.08 03:03:00.184,1.58901,1.58923,1.87,1.88
2018.05.08 03:03:00.237,1.58898,1.58919,2.44,1.50
2018.05.08 03:03:00.368,1.58895,1.58916,1.12,1.31
2018.05.08 03:03:00.935,1.58895,1.58916,1.12,1.19
2018.05.08 03:03:01.437,1.58895,1.58916,1.12,1.50
2018.05.08 03:03:01.965,1.58895,1.58916,1.12,1.69
2018.05.08 03:03:02.602,1.58895,1.58916,1.12,1.69
2018.05.08 03:03:03.233,1.58895,1.58917,1.12,3.19
2018.05.08 03:03:04.082,1.58893,1.58915,1.69,1.12
2018.05.08 03:03:04.284,1.58894,1.58915,1.31,1.31
2018.05.08 03:03:04.941,1.58894,1.58914,2.06,1.00
2018.05.08 03:03:05.769,1.58894,1.58915,1.31,1.50
2018.05.08 03:03:05.872,1.58893,1.58914,2.81,1.00
2018.05.08 03:03:06.389,1.58895,1.58914,1.00,1.00
2018.05.08 03:03:06.938,1.58894,1.58915,1.25,2.25
2018.05.08 03:03:09.290,1.58894,1.58915,1.25,1.69
2018.05.08 03:03:14.727,1.589,1.58915,2.25,1.19
2018.05.08 03:03:14.887,1.58907,1.58922,1.69,1.00
2018.05.08 03:03:14.940,1.58907,1.58927,1.69,1.00
2018.05.08 03:03:16.475,1.58907,1.58928,1.69,1.00
2018.05.08 03:03:16.632,1.58904,1.58926,1.25,1.62
2018.05.08 03:03:17.099,1.58911,1.58929,1.00,1.19
2018.05.08 03:03:17.153,1.58911,1.5893,2.81,1.25
2018.05.08 03:03:17.206,1.58917,1.58932,1.00,1.00
2018.05.08 03:03:17.671,1.58911,1.58931,1.37,1.31
2018.05.08 03:03:17.724,1.5891,1.58929,1.00,1.19
2018.05.08 03:03:18.139,1.58907,1.58929,1.00,2.62
2018.05.08 03:03:18.245,1.58905,1.58926,1.00,3.19
2018.05.08 03:03:18.761,1.58906,1.58925,2.06,1.00
2018.05.08 03:03:19.081,1.58914,1.58931,1.00,1.00
2018.05.08 03:03:21.085,1.58912,1.58932,1.87,1.25
2018.05.08 03:03:24.016,1.58909,1.58931,1.87,2.44
2018.05.08 03:03:24.197,1.58909,1.58927,1.12,1.19
2018.05.08 03:03:25.164,1.58907,1.58928,1.12,1.25
2018.05.08 03:03:25.737,1.58908,1.58929,1.37,1.31
2018.05.08 03:03:26.344,1.58908,1.58927,1.37,1.00
2018.05.08 03:03:26.447,1.58908,1.58927,1.00,1.00
2018.05.08 03:03:28.154,1.58908,1.58928,1.00,1.25
2018.05.08 03:03:28.206,1.58908,1.58926,1.00,1.00
2018.05.08 03:03:28.906,1.58909,1.58928,1.75,1.00
2018.05.08 03:03:29.414,1.58909,1.58929,1.50,1.00
2018.05.08 03:03:31.016,1.58913,1.5893,1.00,1.00
2018.05.08 03:03:31.069,1.5891,1.5893,3.19,1.00
2018.05.08 03:03:31.163,1.58912,1.58932,1.62,1.00
2018.05.08 03:03:31.476,1.5891,1.58928,1.37,1.00
2018.05.08 03:03:33.825,1.5891,1.5893,1.87,1.00
2018.05.08 03:03:33.877,1.58909,1.58927,1.37,1.00
2018.05.08 03:03:35.066,1.58909,1.58927,1.50,1.00
2018.05.08 03:03:35.594,1.58909,1.58927,1.19,1.00
2018.05.08 03:03:36.097,1.58908,1.58931,2.44,2.44
2018.05.08 03:03:36.149,1.58909,1.58931,1.56,1.69
2018.05.08 03:03:36.202,1.5891,1.58931,1.19,1.88
2018.05.08 03:03:36.727,1.58909,1.58929,2.81,1.00
2018.05.08 03:03:36.962,1.58909,1.58932,3.94,2.25
2018.05.08 03:03:37.481,1.5891,1.58932,2.25,2.06
2018.05.08 03:03:38.132,1.5891,1.58932,2.25,2.25
2018.05.08 03:03:38.704,1.5891,1.58932,2.06,2.06
2018.05.08 03:03:41.335,1.5891,1.58932,2.25,1.31
2018.05.08 03:03:41.593,1.58912,1.58934,1.44,1.69
2018.05.08 03:03:43.376,1.58912,1.58933,1.00,1.31
2018.05.08 03:03:43.897,1.58911,1.58933,1.87,1.50
2018.05.08 03:03:45.276,1.58914,1.58934,1.25,1.31
2018.05.08 03:03:46.149,1.58914,1.58934,1.25,1.31
2018.05.08 03:03:46.758,1.58914,1.58934,1.25,1.12
2018.05.08 03:03:47.844,1.58912,1.58933,1.81,1.25
2018.05.08 03:03:55.571,1.58913,1.58935,1.31,1.50
2018.05.08 03:03:56.295,1.58912,1.58933,1.44,1.00
2018.05.08 03:03:56.834,1.58912,1.58934,1.44,1.12
2018.05.08 03:03:58.462,1.58912,1.58934,1.87,1.88
2018.05.08 03:03:59.118,1.58912,1.58934,1.87,1.13
2018.05.08 03:04:00.310,1.58911,1.58931,1.44,1.00
2018.05.08 03:04:00.415,1.5891,1.5893,1.25,1.37
2018.05.08 03:04:00.520,1.58911,1.5893,1.19,1.13
2018.05.08 03:04:00.572,1.58911,1.58929,1.25,1.25
2018.05.08 03:04:00.624,1.58909,1.58923,1.00,1.87
2018.05.08 03:04:00.677,1.58905,1.58919,1.00,1.00
2018.05.08 03:04:00.729,1.58901,1.58919,2.25,1.00
2018.05.08 03:04:00.783,1.58902,1.58921,1.19,1.37
2018.05.08 03:04:00.836,1.58902,1.58922,1.19,1.25
2018.05.08 03:04:01.403,1.58904,1.58923,1.19,1.50
2018.05.08 03:04:01.843,1.58904,1.58921,1.19,1.00
2018.05.08 03:04:01.895,1.58901,1.58921,1.31,1.69
2018.05.08 03:04:02.612,1.589,1.58922,1.31,4.50
2018.05.08 03:04:02.765,1.58899,1.58921,3.56,1.25
2018.05.08 03:04:03.521,1.58899,1.58921,2.44,1.38
2018.05.08 03:04:04.842,1.58899,1.58921,2.44,1.13
2018.05.08 03:04:06.027,1.58899,1.58921,2.44,1.38
2018.05.08 03:04:06.588,1.58899,1.58922,1.69,2.63
2018.05.08 03:04:07.101,1.58901,1.58921,1.69,1.44
2018.05.08 03:04:07.707,1.58901,1.58922,1.19,1.44
2018.05.08 03:04:08.297,1.58901,1.58921,1.19,1.44
2018.05.08 03:04:09.101,1.58901,1.58922,1.19,1.38
2018.05.08 03:04:09.692,1.58901,1.58922,1.19,1.38
2018.05.08 03:04:10.740,1.58902,1.58922,1.19,1.38
2018.05.08 03:04:11.246,1.58902,1.58922,1.19,1.00
2018.05.08 03:04:12.880,1.58902,1.58922,1.69,1.00
2018.05.08 03:04:13.654,1.58903,1.58923,1.19,1.00
2018.05.08 03:04:13.861,1.589,1.58921,1.69,1.69
2018.05.08 03:04:15.042,1.58902,1.58921,1.19,1.50
2018.05.08 03:04:17.471,1.58901,1.58921,1.19,1.50
2018.05.08 03:04:17.998,1.589,1.58921,1.69,1.50
2018.05.08 03:04:20.056,1.58902,1.58921,1.19,1.50
2018.05.08 03:04:20.162,1.58904,1.58925,1.19,6.19
2018.05.08 03:04:20.747,1.58903,1.58925,1.69,5.63
2018.05.08 03:04:20.851,1.58902,1.58922,1.31,1.13
2018.05.08 03:04:21.109,1.58902,1.58922,1.31,2.63
2018.05.08 03:04:21.723,1.58902,1.58922,1.31,2.63
2018.05.08 03:04:22.300,1.58903,1.58923,1.00,2.63
2018.05.08 03:04:23.674,1.58904,1.58924,1.00,1.69
2018.05.08 03:04:24.064,1.58903,1.58923,1.31,1.38
2018.05.08 03:04:24.919,1.58903,1.58923,1.31,1.25
2018.05.08 03:04:25.760,1.58903,1.58923,1.31,1.44
2018.05.08 03:04:26.299,1.58903,1.58923,1.31,1.25
2018.05.08 03:04:26.809,1.58902,1.58924,1.69,1.50
2018.05.08 03:04:27.379,1.58902,1.58924,1.69,1.69
2018.05.08 03:04:28.310,1.58902,1.58924,1.69,1.31
2018.05.08 03:04:28.913,1.58903,1.58924,1.31,1.50
2018.05.08 03:04:29.428,1.58903,1.58923,1.19,1.00
2018.05.08 03:04:30.411,1.58904,1.58925,3.00,1.00
2018.05.08 03:04:34.848,1.58907,1.58927,1.69,2.25
2018.05.08 03:04:34.952,1.58908,1.58929,3.37,1.25
2018.05.08 03:04:35.003,1.58909,1.58929,1.31,1.25
2018.05.08 03:04:37.308,1.58909,1.58929,1.31,1.00
2018.05.08 03:04:37.764,1.5891,1.5893,2.06,1.00
2018.05.08 03:04:37.917,1.5891,1.58931,1.31,1.25
2018.05.08 03:04:38.542,1.5891,1.58931,1.31,1.12
2018.05.08 03:04:39.718,1.5891,1.58931,1.31,1.31
2018.05.08 03:04:40.518,1.5891,1.58932,1.31,2.25
2018.05.08 03:04:40.889,1.5891,1.58932,1.75,1.87
2018.05.08 03:04:41.201,1.5892,1.58942,1.69,2.25
2018.05.08 03:04:45.994,1.58921,1.58941,1.31,1.00
2018.05.08 03:04:46.518,1.58921,1.58942,1.87,1.00
2018.05.08 03:04:46.831,1.58918,1.58938,2.06,1.50
2018.05.08 03:04:47.139,1.58914,1.58935,2.44,1.50
2018.05.08 03:04:47.445,1.58914,1.58935,1.25,3.00
2018.05.08 03:04:48.379,1.58914,1.58935,1.00,3.75
2018.05.08 03:04:49.702,1.58914,1.58934,1.87,1.19
2018.05.08 03:04:50.244,1.58914,1.58934,1.69,1.00
2018.05.08 03:04:50.347,1.58914,1.58934,1.50,1.00
2018.05.08 03:04:51.600,1.58914,1.58934,1.69,1.00
2018.05.08 03:04:52.110,1.58914,1.58934,1.69,1.00
2018.05.08 03:04:53.155,1.58914,1.58934,1.19,1.25
2018.05.08 03:04:53.875,1.58914,1.58934,1.00,1.12
2018.05.08 03:04:57.121,1.58914,1.58934,1.25,1.44
2018.05.08 03:04:58.038,1.58914,1.58934,1.00,1.13
2018.05.08 03:04:58.577,1.58913,1.58935,1.12,3.56
2018.05.08 03:05:00.130,1.58912,1.58933,1.31,1.31
2018.05.08 03:05:00.286,1.58911,1.58932,1.00,2.25
2018.05.08 03:05:01.574,1.58911,1.58931,1.00,1.38
2018.05.08 03:05:01.955,1.58908,1.5893,2.25,1.88
2018.05.08 03:05:02.528,1.58909,1.58929,1.31,1.13
2018.05.08 03:05:03.042,1.58909,1.58929,1.31,1.13
2018.05.08 03:05:03.912,1.58909,1.58929,1.31,1.88
2018.05.08 03:05:04.762,1.58909,1.58929,1.31,1.13
2018.05.08 03:05:05.165,1.58907,1.58928,1.00,1.38
2018.05.08 03:05:05.399,1.58902,1.58922,1.31,1.25
2018.05.08 03:05:05.503,1.58901,1.58921,1.56,1.38
2018.05.08 03:05:05.813,1.58898,1.58918,3.19,1.00
2018.05.08 03:05:05.919,1.58901,1.58921,1.62,1.25
2018.05.08 03:05:06.127,1.58902,1.58921,1.31,2.44
2018.05.08 03:05:06.179,1.58901,1.58921,1.56,2.44
2018.05.08 03:05:06.728,1.58901,1.58921,1.69,1.88
2018.05.08 03:05:07.245,1.58901,1.5892,1.25,1.25
2018.05.08 03:05:07.947,1.58899,1.58919,1.56,1.00
2018.05.08 03:05:08.970,1.58899,1.5892,1.56,2.63
2018.05.08 03:05:09.533,1.58899,1.58919,1.56,1.00
2018.05.08 03:05:10.082,1.58899,1.5892,1.56,2.25
2018.05.08 03:05:10.607,1.58899,1.5892,1.56,3.00
2018.05.08 03:05:11.113,1.58899,1.5892,1.56,3.00
2018.05.08 03:05:11.657,1.58899,1.5892,1.56,3.00
2018.05.08 03:05:12.797,1.589,1.58919,2.00,1.00
2018.05.08 03:05:12.851,1.589,1.58919,1.69,1.50
2018.05.08 03:05:12.976,1.589,1.58919,1.25,1.50
2018.05.08 03:05:13.480,1.589,1.5892,1.25,3.56
2018.05.08 03:05:14.209,1.589,1.58918,1.25,1.00
2018.05.08 03:05:14.918,1.58898,1.58918,2.81,1.00
2018.05.08 03:05:15.172,1.58898,1.5892,3.56,2.06
2018.05.08 03:05:15.275,1.58899,1.58918,1.94,1.00
2018.05.08 03:05:17.944,1.58898,1.58918,2.44,1.00
2018.05.08 03:05:19.323,1.589,1.58919,1.25,1.50
2018.05.08 03:05:22.151,1.58899,1.58919,1.31,1.50
2018.05.08 03:05:23.023,1.58899,1.58919,1.62,1.00
2018.05.08 03:05:23.232,1.58896,1.58918,1.37,2.25
2018.05.08 03:05:23.284,1.58896,1.58916,1.37,2.25
2018.05.08 03:05:24.157,1.58896,1.58916,3.19,1.00
2018.05.08 03:05:24.210,1.589,1.58918,1.00,1.50
2018.05.08 03:05:24.724,1.58898,1.58918,2.06,1.50
2018.05.08 03:05:26.328,1.58902,1.58918,1.00,1.50
2018.05.08 03:05:26.846,1.58899,1.58918,1.62,1.50
2018.05.08 03:05:30.323,1.58899,1.58918,1.31,1.00
2018.05.08 03:05:33.854,1.58899,1.58918,1.62,1.00
2018.05.08 03:05:36.423,1.58898,1.58918,1.56,1.44
2018.05.08 03:05:38.291,1.58896,1.58918,2.06,1.50
2018.05.08 03:05:38.343,1.58896,1.58918,1.69,1.50
2018.05.08 03:05:39.518,1.58895,1.58917,2.81,1.88
2018.05.08 03:05:40.040,1.58897,1.58917,1.19,1.00
2018.05.08 03:05:40.570,1.58897,1.58917,1.19,1.44
2018.05.08 03:05:41.112,1.58897,1.58915,1.25,1.00
2018.05.08 03:05:43.678,1.58895,1.58915,1.12,1.00
2018.05.08 03:05:44.501,1.58895,1.58913,1.00,1.00
2018.05.08 03:05:44.814,1.58893,1.5891,1.00,1.00
2018.05.08 03:05:45.027,1.58893,1.58912,1.00,1.00
2018.05.08 03:05:46.008,1.58893,1.58913,1.00,1.00
2018.05.08 03:05:46.541,1.58893,1.58913,1.69,1.00
2018.05.08 03:05:47.048,1.58893,1.58914,1.69,1.50
2018.05.08 03:05:47.574,1.58895,1.58914,1.00,1.50
2018.05.08 03:05:50.021,1.58895,1.58914,1.31,2.25
2018.05.08 03:05:50.178,1.58895,1.58916,2.25,1.00
2018.05.08 03:05:51.449,1.58897,1.58915,1.19,1.00
2018.05.08 03:05:54.307,1.58896,1.58914,1.56,1.00
2018.05.08 03:05:56.455,1.58895,1.58914,1.00,1.12
2018.05.08 03:05:56.508,1.58895,1.58912,1.00,1.00
2018.05.08 03:05:57.109,1.58895,1.58913,1.00,1.00
2018.05.08 03:05:57.426,1.58895,1.58913,1.31,1.00
2018.05.08 03:06:01.551,1.58895,1.58913,1.31,1.00
2018.05.08 03:06:01.603,1.58897,1.58916,1.19,1.00
2018.05.08 03:06:02.237,1.58895,1.58915,1.31,1.00
2018.05.08 03:06:02.760,1.58895,1.58914,2.44,1.00
2018.05.08 03:06:02.972,1.58895,1.58916,2.44,1.00
2018.05.08 03:06:03.991,1.58895,1.58915,2.44,1.00
2018.05.08 03:06:04.533,1.58895,1.58915,1.69,1.00
2018.05.08 03:06:05.258,1.58895,1.58916,1.69,1.00
2018.05.08 03:06:06.444,1.58895,1.58917,1.69,1.00
2018.05.08 03:06:07.024,1.58895,1.58917,1.69,1.25
2018.05.08 03:06:08.335,1.58897,1.58917,1.56,1.00
2018.05.08 03:06:11.252,1.58897,1.58917,1.87,1.00
2018.05.08 03:06:12.908,1.58897,1.58917,1.87,1.00
2018.05.08 03:06:13.495,1.58897,1.58919,1.87,2.44
2018.05.08 03:06:14.379,1.58897,1.58919,1.87,2.44
2018.05.08 03:06:15.070,1.58897,1.58919,1.87,2.06
2018.05.08 03:06:15.634,1.58897,1.58919,1.87,2.06
2018.05.08 03:06:16.067,1.58897,1.58919,1.87,2.44
2018.05.08 03:06:16.818,1.58897,1.58919,1.87,1.87
2018.05.08 03:06:18.313,1.58897,1.58919,1.87,2.44
2018.05.08 03:06:18.868,1.58897,1.58919,1.50,2.06
2018.05.08 03:06:19.530,1.58897,1.58919,1.69,2.06
2018.05.08 03:06:20.482,1.58898,1.58918,1.25,1.00
2018.05.08 03:06:21.178,1.58898,1.58918,1.19,1.00
2018.05.08 03:06:21.749,1.58898,1.58918,1.25,1.00
2018.05.08 03:06:22.096,1.58898,1.58918,1.87,1.00
2018.05.08 03:06:27.193,1.58898,1.58918,2.06,1.00
2018.05.08 03:06:27.741,1.58898,1.58919,1.31,1.00
2018.05.08 03:06:29.082,1.58898,1.58919,1.44,1.00
2018.05.08 03:06:31.394,1.58898,1.58919,1.44,1.00
2018.05.08 03:06:32.255,1.58899,1.58919,1.00,2.06
2018.05.08 03:06:32.773,1.58896,1.58918,2.06,1.69
2018.05.08 03:06:33.047,1.58893,1.58913,1.00,1.00
2018.05.08 03:06:33.150,1.58891,1.58912,1.12,1.50
2018.05.08 03:06:33.305,1.58888,1.5891,2.06,1.00
2018.05.08 03:06:34.036,1.58888,1.5891,1.69,1.00
2018.05.08 03:06:36.076,1.58888,1.5891,1.50,1.12
2018.05.08 03:06:36.918,1.58888,1.5891,1.50,1.12
2018.05.08 03:06:39.109,1.58887,1.58909,1.12,1.12
2018.05.08 03:06:39.161,1.58887,1.58908,1.37,1.00
2018.05.08 03:06:39.265,1.58886,1.58907,1.25,1.00
2018.05.08 03:06:39.786,1.58886,1.58906,1.25,1.00
2018.05.08 03:06:52.114,1.58886,1.58906,1.44,1.00
2018.05.08 03:06:52.631,1.58886,1.58907,1.44,1.87
2018.05.08 03:06:56.994,1.58886,1.58907,1.31,1.25
2018.05.08 03:06:57.826,1.58887,1.58907,1.00,1.25
2018.05.08 03:06:58.585,1.58886,1.58907,2.06,1.25
2018.05.08 03:07:00.216,1.58887,1.58907,1.00,1.25
2018.05.08 03:07:01.570,1.58886,1.58907,1.69,1.50
2018.05.08 03:07:02.099,1.58887,1.58907,1.00,2.06
2018.05.08 03:07:02.692,1.58885,1.58906,2.25,1.00
2018.05.08 03:07:06.120,1.58885,1.58907,2.25,1.50
2018.05.08 03:07:11.015,1.58886,1.58907,1.00,1.69
2018.05.08 03:07:12.816,1.58885,1.58907,1.75,1.69
2018.05.08 03:07:13.879,1.58885,1.58905,1.37,1.00
2018.05.08 03:07:14.389,1.58885,1.58907,1.87,1.62
2018.05.08 03:07:16.039,1.58885,1.58905,1.87,1.00
2018.05.08 03:07:23.682,1.58885,1.58906,2.62,1.12
2018.05.08 03:07:23.787,1.58885,1.58906,1.75,1.12
2018.05.08 03:07:23.894,1.58888,1.58908,1.87,1.12
2018.05.08 03:07:24.202,1.58894,1.58914,1.69,1.37
2018.05.08 03:07:24.305,1.58894,1.58914,1.69,1.56
2018.05.08 03:07:25.055,1.58894,1.58915,1.69,2.81
2018.05.08 03:07:25.531,1.58894,1.58915,1.69,1.87
2018.05.08 03:07:26.528,1.58897,1.58917,1.00,4.12
2018.05.08 03:07:27.090,1.58897,1.58917,1.00,3.75
2018.05.08 03:07:28.777,1.58897,1.58917,1.00,3.19
2018.05.08 03:07:31.875,1.58894,1.58914,1.25,1.87
2018.05.08 03:07:33.602,1.58894,1.58914,1.31,1.44
2018.05.08 03:07:33.655,1.58893,1.58915,3.19,1.31
2018.05.08 03:07:33.866,1.58896,1.58917,1.19,1.12
2018.05.08 03:07:34.723,1.58896,1.58918,1.25,3.94
2018.05.08 03:07:35.921,1.58896,1.58918,1.19,3.56
2018.05.08 03:07:36.496,1.58896,1.58918,1.37,2.25
2018.05.08 03:07:37.054,1.58897,1.58918,1.37,2.25
2018.05.08 03:07:37.973,1.58896,1.58916,1.19,2.06
2018.05.08 03:07:38.487,1.58894,1.58915,2.25,1.00
2018.05.08 03:07:39.562,1.58894,1.58915,2.25,1.00
2018.05.08 03:07:40.730,1.58894,1.58914,2.06,1.00
2018.05.08 03:07:41.459,1.58894,1.58915,2.06,2.44
2018.05.08 03:07:41.985,1.58894,1.58914,1.37,1.00
2018.05.08 03:07:42.551,1.58894,1.58915,1.31,2.25
2018.05.08 03:07:43.105,1.58894,1.58914,1.31,1.00
2018.05.08 03:07:44.243,1.58894,1.58915,1.31,2.44
2018.05.08 03:07:44.295,1.58894,1.58914,1.12,1.19
2018.05.08 03:07:44.841,1.58893,1.58913,2.06,1.00
2018.05.08 03:07:49.763,1.58893,1.58913,1.81,1.31
2018.05.08 03:07:49.815,1.58893,1.58913,1.19,1.31
2018.05.08 03:07:49.867,1.58889,1.58911,1.81,3.00
2018.05.08 03:07:49.919,1.58889,1.58911,1.19,3.75
2018.05.08 03:07:50.025,1.58888,1.58908,1.19,1.19
2018.05.08 03:07:50.077,1.58886,1.58909,2.81,2.25
2018.05.08 03:07:50.709,1.58887,1.58908,1.00,1.00
2018.05.08 03:07:51.238,1.58885,1.58907,3.56,2.25
2018.05.08 03:07:51.724,1.58885,1.58904,3.00,1.00
2018.05.08 03:07:52.056,1.58885,1.58902,1.31,1.00
2018.05.08 03:07:53.569,1.58884,1.58903,1.00,1.50
2018.05.08 03:07:53.882,1.58883,1.58901,2.06,1.00
2018.05.08 03:07:54.681,1.58883,1.58902,1.19,1.50
2018.05.08 03:07:55.007,1.58879,1.58899,3.00,1.00
2018.05.08 03:07:55.529,1.5888,1.589,1.50,1.50
2018.05.08 03:08:00.427,1.5888,1.58897,1.50,1.00
2018.05.08 03:08:04.947,1.5888,1.58895,1.81,1.00
2018.05.08 03:08:05.001,1.58875,1.58893,1.56,1.00
2018.05.08 03:08:05.054,1.58875,1.5889,1.56,1.00
2018.05.08 03:08:05.604,1.58872,1.58891,1.69,1.00
2018.05.08 03:08:05.887,1.58871,1.58891,2.06,1.00
2018.05.08 03:08:06.574,1.58871,1.58889,1.31,1.00
2018.05.08 03:08:06.862,1.58869,1.58889,3.37,1.00
2018.05.08 03:08:08.002,1.58869,1.58889,3.37,1.00
2018.05.08 03:08:08.895,1.58869,1.58889,3.37,1.00
2018.05.08 03:08:09.961,1.58868,1.58888,2.00,1.00
2018.05.08 03:08:11.251,1.58868,1.58886,1.75,1.00
2018.05.08 03:08:11.788,1.58866,1.58886,2.06,1.00
2018.05.08 03:08:12.100,1.58866,1.58884,1.31,1.50
2018.05.08 03:08:12.308,1.58863,1.58884,1.19,2.06
2018.05.08 03:08:12.412,1.58864,1.58881,1.19,1.00
2018.05.08 03:08:17.671,1.58863,1.58879,1.19,1.00
2018.05.08 03:08:18.186,1.58862,1.58878,1.31,1.00
2018.05.08 03:08:18.864,1.58864,1.58877,1.25,1.00
2018.05.08 03:08:19.856,1.58863,1.58876,1.69,1.00
2018.05.08 03:08:21.296,1.58863,1.58878,1.19,1.50
2018.05.08 03:08:21.607,1.58861,1.58876,1.31,1.00
2018.05.08 03:08:22.079,1.58863,1.58878,1.19,1.50
2018.05.08 03:08:27.264,1.5886,1.58878,1.56,1.50
2018.05.08 03:08:27.785,1.58861,1.58878,1.31,1.00
2018.05.08 03:08:39.716,1.5886,1.5888,2.44,1.50
2018.05.08 03:08:39.821,1.5886,1.5888,2.81,1.00
2018.05.08 03:08:39.979,1.58861,1.5888,2.25,1.00
2018.05.08 03:08:40.493,1.5886,1.58879,1.31,1.00
2018.05.08 03:08:41.027,1.58861,1.5888,1.31,1.00
2018.05.08 03:08:42.491,1.58861,1.58881,1.31,1.50
2018.05.08 03:08:43.811,1.58861,1.5888,1.31,1.00
2018.05.08 03:08:44.332,1.58861,1.58879,1.31,1.00
2018.05.08 03:08:44.852,1.58862,1.58879,1.00,1.00
2018.05.08 03:08:46.461,1.58862,1.58879,1.19,1.00
2018.05.08 03:08:48.273,1.58861,1.58878,2.06,1.00
2018.05.08 03:08:54.369,1.58859,1.5888,1.87,1.25
2018.05.08 03:08:54.669,1.58859,1.5888,2.44,1.12
2018.05.08 03:08:54.848,1.5886,1.58878,1.31,1.25
2018.05.08 03:08:58.992,1.58861,1.58878,1.00,1.00
2018.05.08 03:08:59.802,1.5886,1.58878,2.06,1.00
2018.05.08 03:09:00.436,1.58861,1.58878,1.00,1.00
2018.05.08 03:09:00.948,1.58859,1.58879,2.44,1.00
2018.05.08 03:09:02.017,1.58861,1.58881,1.00,1.56
2018.05.08 03:09:02.332,1.58862,1.58882,1.56,1.25
2018.05.08 03:09:02.726,1.58862,1.58881,1.19,1.19
2018.05.08 03:09:03.194,1.58861,1.58881,2.06,1.19
2018.05.08 03:09:03.623,1.58862,1.58882,1.19,1.19
2018.05.08 03:09:04.113,1.58861,1.58882,1.00,1.19
2018.05.08 03:09:04.630,1.5886,1.58881,1.69,1.19
2018.05.08 03:09:04.682,1.5886,1.58879,1.69,1.19
2018.05.08 03:09:05.000,1.5886,1.58879,1.87,1.19
2018.05.08 03:09:05.776,1.58858,1.58879,1.25,1.19
2018.05.08 03:09:05.829,1.58858,1.58879,1.44,1.19
2018.05.08 03:09:08.315,1.58856,1.58877,1.00,1.19
2018.05.08 03:09:08.422,1.58855,1.58875,1.25,1.69
2018.05.08 03:09:08.525,1.58855,1.58875,1.25,1.69
2018.05.08 03:09:08.714,1.58853,1.58874,1.69,1.00
2018.05.08 03:09:09.510,1.58853,1.58873,1.69,1.00
2018.05.08 03:09:10.208,1.58855,1.58873,1.00,1.00
2018.05.08 03:09:10.312,1.58856,1.58876,1.31,1.00
2018.05.08 03:09:10.841,1.58856,1.58876,1.50,1.00
2018.05.08 03:09:26.535,1.58857,1.58877,1.69,1.12
2018.05.08 03:09:32.950,1.58858,1.58877,1.00,1.00
2018.05.08 03:09:35.886,1.58857,1.58877,3.00,1.00
2018.05.08 03:09:36.091,1.58859,1.58877,1.00,1.00
2018.05.08 03:09:36.631,1.5886,1.58877,1.00,1.00
2018.05.08 03:09:37.100,1.58858,1.58877,1.00,1.00
2018.05.08 03:09:37.632,1.58859,1.58877,1.00,1.00
2018.05.08 03:09:38.520,1.5886,1.58877,1.00,1.00
2018.05.08 03:09:42.255,1.58861,1.58877,1.00,1.00
2018.05.08 03:09:42.614,1.58859,1.58877,1.25,1.00
2018.05.08 03:09:43.735,1.5886,1.58877,1.00,1.00
2018.05.08 03:09:44.890,1.58859,1.58877,1.12,1.00
2018.05.08 03:09:46.181,1.5886,1.58877,1.00,1.00
2018.05.08 03:09:46.756,1.58858,1.58877,1.87,1.00
2018.05.08 03:09:47.306,1.58858,1.58877,1.69,1.50
2018.05.08 03:09:49.016,1.58858,1.58877,1.69,1.50
2018.05.08 03:09:49.276,1.58857,1.58871,1.44,1.00
2018.05.08 03:09:49.328,1.58854,1.58871,1.25,1.19
2018.05.08 03:09:49.382,1.58852,1.58871,1.19,1.25
2018.05.08 03:09:49.486,1.58853,1.5887,1.12,1.19
2018.05.08 03:09:49.788,1.58855,1.58869,1.37,1.00
2018.05.08 03:09:49.841,1.58855,1.58875,1.37,1.69
2018.05.08 03:09:49.894,1.58854,1.58874,1.19,1.69
2018.05.08 03:09:50.440,1.58854,1.58874,1.25,1.19
2018.05.08 03:09:55.137,1.58851,1.58872,1.50,1.12
2018.05.08 03:09:57.937,1.58851,1.58872,1.25,1.37
2018.05.08 03:09:59.037,1.5885,1.5887,1.31,1.00
2018.05.08 03:10:12.751,1.5885,1.58871,1.12,1.00
2018.05.08 03:10:13.290,1.58851,1.58871,1.25,1.19
2018.05.08 03:10:14.542,1.5885,1.58871,1.25,1.62
2018.05.08 03:10:15.141,1.5885,1.58871,1.25,1.31
2018.05.08 03:10:15.651,1.5885,1.58871,1.19,1.31
2018.05.08 03:10:16.311,1.5885,1.58871,1.25,1.31
2018.05.08 03:10:17.075,1.5885,1.5887,1.00,1.00
2018.05.08 03:10:20.415,1.58849,1.5887,1.00,1.12
2018.05.08 03:10:23.060,1.58846,1.58866,1.31,1.00
2018.05.08 03:10:23.373,1.58845,1.58865,1.44,1.25
2018.05.08 03:10:23.687,1.5885,1.58868,1.19,1.00
2018.05.08 03:10:23.842,1.58851,1.5887,1.25,1.00
2018.05.08 03:10:23.894,1.58851,1.58872,1.25,1.50
2018.05.08 03:10:23.997,1.58853,1.58872,1.44,1.12
2018.05.08 03:10:36.906,1.58853,1.58872,1.19,1.12
2018.05.08 03:10:40.423,1.58853,1.58872,1.44,1.12
2018.05.08 03:10:42.840,1.58859,1.58875,1.00,1.25
2018.05.08 03:10:42.943,1.58867,1.58884,1.00,4.12
2018.05.08 03:10:44.091,1.58867,1.58885,1.00,1.31
2018.05.08 03:10:48.799,1.58866,1.58885,1.00,1.31
2018.05.08 03:10:49.290,1.58866,1.58884,1.00,1.19
2018.05.08 03:10:49.602,1.58863,1.58881,1.00,1.44
2018.05.08 03:10:49.949,1.5886,1.58879,1.00,1.81
2018.05.08 03:10:50.157,1.58858,1.58877,1.25,2.44
2018.05.08 03:10:50.837,1.58864,1.58881,1.00,1.69
2018.05.08 03:10:50.892,1.58864,1.58883,1.50,1.31
2018.05.08 03:10:52.013,1.58864,1.58885,1.25,1.87
2018.05.08 03:10:55.875,1.58866,1.58885,1.00,1.69
2018.05.08 03:11:05.247,1.58863,1.58882,1.19,1.50
2018.05.08 03:11:05.598,1.58865,1.58883,1.44,3.19
2018.05.08 03:11:05.912,1.58871,1.58884,1.00,1.00
2018.05.08 03:11:06.016,1.58871,1.58887,1.00,1.00
2018.05.08 03:11:06.121,1.58868,1.58886,1.00,1.25
2018.05.08 03:11:06.174,1.58868,1.58887,1.00,3.94
2018.05.08 03:11:06.227,1.58868,1.58887,1.00,1.69
2018.05.08 03:11:06.280,1.58866,1.58888,1.00,3.75
2018.05.08 03:11:07.180,1.58865,1.58885,1.00,1.50
2018.05.08 03:11:15.741,1.5887,1.58885,1.31,2.62
2018.05.08 03:11:15.849,1.58875,1.58893,1.00,1.87
2018.05.08 03:11:17.004,1.58875,1.58894,1.00,1.38
2018.05.08 03:11:17.108,1.58875,1.58894,1.00,1.25
2018.05.08 03:11:18.565,1.58875,1.58894,1.00,1.44
2018.05.08 03:11:19.298,1.58875,1.58894,1.00,2.63
2018.05.08 03:11:20.276,1.58875,1.58894,1.00,1.44
2018.05.08 03:11:21.021,1.58875,1.58894,1.00,1.13
2018.05.08 03:11:21.075,1.58875,1.58894,1.00,2.63
2018.05.08 03:11:21.824,1.58875,1.58894,1.00,2.63
2018.05.08 03:11:22.543,1.58875,1.58894,1.00,1.25
2018.05.08 03:11:22.877,1.58875,1.58894,1.00,1.38
2018.05.08 03:11:22.979,1.58875,1.58894,1.00,1.25
2018.05.08 03:11:23.132,1.58875,1.58894,1.00,2.63
2018.05.08 03:11:23.292,1.58875,1.58894,1.00,2.44
2018.05.08 03:11:23.870,1.58875,1.58894,1.00,2.44
2018.05.08 03:11:24.393,1.58875,1.58894,1.00,1.25
2018.05.08 03:11:25.765,1.58875,1.58894,1.00,1.38
2018.05.08 03:11:27.223,1.58875,1.58894,1.00,2.63
2018.05.08 03:11:27.481,1.58874,1.58889,1.00,1.12
2018.05.08 03:11:28.025,1.58873,1.5889,1.25,1.12
2018.05.08 03:11:28.578,1.58872,1.5889,1.25,2.44
2018.05.08 03:11:29.122,1.58872,1.5889,1.00,2.06
2018.05.08 03:11:31.270,1.58872,1.58887,1.00,1.00
2018.05.08 03:11:33.142,1.58872,1.58888,1.00,1.12
2018.05.08 03:11:34.901,1.58872,1.58887,1.00,1.00
2018.05.08 03:11:36.452,1.58872,1.58888,1.00,1.12
2018.05.08 03:11:38.046,1.58872,1.58887,1.00,1.00
2018.05.08 03:11:38.872,1.58872,1.58889,1.00,1.63
2018.05.08 03:11:41.056,1.58872,1.58889,1.00,1.31
2018.05.08 03:11:41.744,1.58872,1.58889,1.00,1.31
2018.05.08 03:11:42.295,1.58872,1.58889,1.00,1.12
2018.05.08 03:11:43.000,1.58872,1.58889,1.00,1.31
2018.05.08 03:11:43.512,1.58872,1.58889,1.00,1.12
2018.05.08 03:11:44.867,1.58869,1.58889,1.00,2.25
2018.05.08 03:11:46.216,1.58869,1.58889,1.50,2.06
2018.05.08 03:11:47.173,1.58869,1.58888,1.00,1.19
2018.05.08 03:11:47.382,1.58867,1.58885,1.25,1.00
2018.05.08 03:11:47.486,1.58863,1.58883,2.06,1.00
2018.05.08 03:11:49.029,1.58864,1.58883,1.00,2.81
2018.05.08 03:11:51.300,1.58864,1.58884,1.12,1.62
2018.05.08 03:11:51.354,1.58864,1.58886,1.00,5.25
2018.05.08 03:11:51.894,1.58865,1.58885,1.00,2.44
2018.05.08 03:11:52.257,1.58865,1.58887,1.00,2.81
2018.05.08 03:11:54.732,1.58865,1.58885,1.25,1.25
2018.05.08 03:11:55.462,1.58865,1.58885,1.25,1.19
2018.05.08 03:11:58.212,1.58863,1.58884,1.69,2.25
2018.05.08 03:11:59.303,1.58862,1.58883,2.06,1.31
2018.05.08 03:12:00.094,1.58862,1.58881,1.87,1.00
2018.05.08 03:12:00.406,1.5886,1.58881,1.12,1.12
2018.05.08 03:12:01.006,1.58859,1.58881,2.06,1.31
2018.05.08 03:12:01.414,1.58859,1.58879,1.31,1.00
2018.05.08 03:12:01.516,1.58859,1.58879,1.12,1.00
2018.05.08 03:12:04.044,1.58859,1.58879,1.44,1.00
2018.05.08 03:12:04.676,1.5886,1.5888,1.25,1.50
2018.05.08 03:12:05.154,1.58861,1.58881,2.25,1.00
2018.05.08 03:12:05.209,1.58864,1.58883,1.00,2.06
2018.05.08 03:12:05.750,1.58863,1.58883,1.12,1.31
2018.05.08 03:12:06.579,1.58863,1.58883,1.31,2.06
2018.05.08 03:12:07.097,1.58863,1.58883,1.31,1.88
2018.05.08 03:12:07.682,1.58863,1.58883,1.12,1.87
2018.05.08 03:12:07.734,1.58862,1.5888,1.25,2.25
2018.05.08 03:12:08.043,1.5886,1.58879,1.00,1.56
2018.05.08 03:12:08.935,1.58859,1.5888,1.00,4.50
2018.05.08 03:12:14.916,1.58859,1.58878,1.25,1.31
2018.05.08 03:12:22.090,1.58859,1.58877,1.00,1.19
2018.05.08 03:12:23.576,1.58859,1.58878,1.00,2.06
2018.05.08 03:12:23.871,1.58856,1.58878,2.06,1.69
2018.05.08 03:12:24.078,1.58855,1.58874,1.19,1.50
2018.05.08 03:12:24.936,1.58855,1.58874,1.00,1.50
2018.05.08 03:12:24.988,1.58852,1.58871,1.50,1.19
2018.05.08 03:12:25.040,1.58852,1.58871,1.00,1.19
2018.05.08 03:12:25.193,1.5885,1.58872,1.25,2.62
2018.05.08 03:12:25.927,1.5885,1.5887,1.00,1.25
2018.05.08 03:12:26.643,1.58851,1.58871,1.00,1.19
2018.05.08 03:12:28.258,1.58849,1.5887,1.50,1.25
2018.05.08 03:12:31.003,1.58849,1.5887,1.69,2.06
2018.05.08 03:12:31.211,1.58852,1.58872,1.31,2.25
2018.05.08 03:12:31.421,1.58859,1.58881,1.50,2.62
2018.05.08 03:12:31.525,1.58862,1.58882,1.00,3.00
2018.05.08 03:12:31.648,1.58862,1.58882,1.00,1.50
2018.05.08 03:12:39.371,1.58864,1.58883,1.00,1.19
2018.05.08 03:12:39.884,1.58863,1.58883,1.00,1.87
2018.05.08 03:12:41.313,1.58863,1.58883,1.00,1.69
2018.05.08 03:12:43.599,1.58861,1.5888,1.25,1.31
2018.05.08 03:12:43.652,1.5886,1.5888,2.25,2.06
2018.05.08 03:12:43.705,1.58858,1.58879,2.25,3.56
2018.05.08 03:12:43.758,1.58857,1.58879,1.87,4.13
2018.05.08 03:12:44.380,1.58857,1.58877,1.50,1.19
2018.05.08 03:12:45.856,1.58857,1.58877,1.50,1.25
2018.05.08 03:12:46.123,1.58856,1.58874,1.44,1.00
2018.05.08 03:12:46.177,1.58853,1.58874,5.63,1.19
2018.05.08 03:12:46.437,1.58853,1.58873,4.13,1.25
2018.05.08 03:12:46.752,1.58857,1.58876,1.69,1.00
2018.05.08 03:12:48.056,1.58857,1.58876,1.37,1.25
2018.05.08 03:12:48.316,1.58852,1.58871,1.00,1.00
2018.05.08 03:12:48.420,1.58852,1.58869,1.00,1.00
2018.05.08 03:12:48.942,1.58851,1.58869,1.25,1.19
2018.05.08 03:12:50.446,1.5885,1.58869,2.44,1.00
2018.05.08 03:12:50.976,1.58852,1.58873,1.25,1.56
2018.05.08 03:12:51.177,1.5886,1.5888,2.06,2.44
2018.05.08 03:12:51.230,1.58863,1.58882,1.19,1.56
2018.05.08 03:12:51.664,1.58866,1.58883,1.00,1.19
2018.05.08 03:12:51.716,1.58864,1.58883,1.00,2.25
2018.05.08 03:12:51.822,1.58864,1.58883,1.00,1.19
2018.05.08 03:12:52.323,1.58864,1.58885,1.25,1.69
2018.05.08 03:12:53.572,1.58864,1.58886,1.12,3.37
2018.05.08 03:12:54.148,1.58865,1.58886,1.19,1.12
2018.05.08 03:12:54.281,1.58865,1.58885,1.12,1.25
2018.05.08 03:12:54.333,1.58865,1.58887,1.31,3.00
2018.05.08 03:12:54.540,1.58865,1.58887,1.31,2.81
2018.05.08 03:12:54.850,1.58866,1.58887,1.19,2.81
2018.05.08 03:12:58.839,1.58865,1.58887,2.06,2.44
2018.05.08 03:12:58.893,1.58865,1.58886,1.25,1.12
2018.05.08 03:12:58.945,1.58865,1.58886,1.25,1.12
2018.05.08 03:12:59.050,1.58864,1.58885,1.69,1.12
2018.05.08 03:12:59.533,1.58865,1.58884,1.69,1.19
2018.05.08 03:13:00.362,1.58865,1.58885,1.00,1.50
2018.05.08 03:13:05.385,1.58865,1.58886,1.19,1.87
2018.05.08 03:13:14.009,1.58865,1.58885,1.69,1.19
2018.05.08 03:13:14.643,1.58866,1.58885,1.00,1.19
2018.05.08 03:13:15.662,1.58866,1.58885,1.25,1.19
2018.05.08 03:13:16.169,1.58865,1.58886,2.25,1.19
2018.05.08 03:13:16.977,1.58866,1.58886,1.00,1.19
2018.05.08 03:13:17.589,1.58865,1.58886,1.13,1.19
2018.05.08 03:13:19.154,1.58864,1.58885,3.37,1.25
2018.05.08 03:13:19.667,1.58865,1.58886,1.25,3.56
2018.05.08 03:13:20.783,1.58865,1.58884,1.25,1.19
2018.05.08 03:13:21.394,1.58864,1.58884,2.44,1.19
2018.05.08 03:13:24.015,1.58866,1.58884,1.00,1.19
2018.05.08 03:13:24.169,1.58866,1.58885,1.00,1.44
2018.05.08 03:13:26.220,1.58864,1.58884,1.00,1.25
2018.05.08 03:13:26.272,1.58862,1.58882,2.06,1.19
2018.05.08 03:13:27.545,1.58863,1.58882,1.00,1.19
2018.05.08 03:13:28.155,1.58863,1.58882,1.00,1.00
2018.05.08 03:13:30.115,1.58862,1.58882,1.00,1.00
2018.05.08 03:13:30.764,1.58863,1.58882,1.00,1.00
2018.05.08 03:13:30.866,1.58861,1.58882,3.00,1.00
2018.05.08 03:13:31.066,1.58863,1.58882,1.00,1.00
2018.05.08 03:13:34.170,1.58862,1.58882,1.00,1.00
2018.05.08 03:13:34.927,1.58862,1.5888,1.00,1.00
2018.05.08 03:13:36.125,1.58863,1.5888,1.00,1.00
2018.05.08 03:13:36.664,1.58863,1.58881,1.00,1.00
2018.05.08 03:13:39.713,1.58862,1.58881,1.00,1.00
2018.05.08 03:13:41.572,1.58863,1.58881,1.00,1.00
2018.05.08 03:13:42.530,1.58862,1.58881,1.50,1.00
2018.05.08 03:13:43.748,1.58863,1.58881,1.00,1.00
2018.05.08 03:13:45.338,1.58861,1.58879,1.87,1.00
2018.05.08 03:13:46.361,1.58882,1.58886,1.00,1.50
2018.05.08 03:13:46.413,1.58876,1.58882,1.12,1.00
2018.05.08 03:13:46.465,1.58884,1.58892,2.44,2.25
2018.05.08 03:13:46.517,1.58888,1.58902,1.56,2.10
2018.05.08 03:13:46.620,1.58891,1.58899,2.06,1.00
2018.05.08 03:13:46.722,1.58892,1.58913,1.87,1.31
2018.05.08 03:13:46.774,1.58894,1.58913,1.44,1.00
2018.05.08 03:13:47.656,1.58893,1.58913,1.37,1.69
2018.05.08 03:13:48.015,1.58899,1.58916,2.06,1.37
2018.05.08 03:13:48.118,1.589,1.58918,1.56,1.25
2018.05.08 03:13:48.169,1.589,1.58915,1.56,1.50
2018.05.08 03:13:48.324,1.589,1.58918,1.56,1.00
2018.05.08 03:13:48.605,1.589,1.58915,1.56,1.00
2018.05.08 03:13:48.742,1.589,1.58917,2.81,1.00
2018.05.08 03:13:49.271,1.58901,1.58918,1.56,1.00
2018.05.08 03:13:49.504,1.58902,1.58919,1.75,1.00
2018.05.08 03:13:49.557,1.58904,1.58921,1.12,1.25
2018.05.08 03:13:49.763,1.58903,1.58917,1.75,1.00
2018.05.08 03:13:49.867,1.58903,1.58919,1.50,1.00
2018.05.08 03:13:50.490,1.58903,1.58919,1.00,1.00
2018.05.08 03:13:50.803,1.58902,1.58919,1.12,1.00
2018.05.08 03:13:51.312,1.58901,1.5892,1.31,1.00
2018.05.08 03:13:51.840,1.58902,1.5892,1.62,1.00
2018.05.08 03:13:52.195,1.58904,1.58924,1.37,1.50
2018.05.08 03:14:00.893,1.58906,1.58926,1.00,2.06
2018.05.08 03:14:00.945,1.58908,1.58927,1.12,1.25
2018.05.08 03:14:01.253,1.5891,1.58928,1.00,1.00
2018.05.08 03:14:01.780,1.5891,1.58929,1.00,1.25
2018.05.08 03:14:02.309,1.58909,1.58929,2.62,1.25
2018.05.08 03:14:02.829,1.5891,1.58929,1.12,1.00
2018.05.08 03:14:05.013,1.58911,1.58929,1.00,1.00
2018.05.08 03:14:06.607,1.58904,1.58919,1.00,1.00
2018.05.08 03:14:06.955,1.589,1.58917,1.00,1.19
2018.05.08 03:14:07.007,1.58902,1.58917,1.00,1.00
2018.05.08 03:14:07.163,1.58904,1.5892,1.00,1.00
2018.05.08 03:14:07.371,1.58907,1.58922,1.00,1.00
2018.05.08 03:14:07.423,1.58908,1.58925,1.00,2.06
2018.05.08 03:14:07.593,1.58911,1.58926,1.00,1.19
2018.05.08 03:14:07.905,1.58913,1.58926,1.00,1.31
2018.05.08 03:14:08.594,1.58911,1.58924,1.00,1.00
2018.05.08 03:14:09.138,1.5891,1.58923,1.00,1.00
2018.05.08 03:14:10.644,1.58912,1.58923,1.00,1.00
2018.05.08 03:14:10.696,1.5891,1.58923,1.00,1.00
2018.05.08 03:14:12.196,1.58912,1.58923,1.00,1.00
2018.05.08 03:14:12.618,1.58909,1.58924,1.25,1.00
2018.05.08 03:14:12.795,1.58911,1.58925,1.00,1.00
2018.05.08 03:14:13.761,1.58911,1.58924,1.00,1.00
2018.05.08 03:14:14.823,1.5891,1.58924,1.00,1.00
2018.05.08 03:14:21.551,1.58911,1.58924,1.00,1.00
2018.05.08 03:14:39.374,1.58911,1.58929,1.00,1.87
2018.05.08 03:14:39.434,1.58911,1.58929,1.00,1.25
2018.05.08 03:14:39.538,1.58913,1.58929,1.00,1.37
2018.05.08 03:14:39.721,1.58911,1.58929,1.00,1.00
2018.05.08 03:14:39.933,1.58912,1.58932,1.25,1.62
2018.05.08 03:14:39.985,1.58914,1.58932,1.00,1.37
2018.05.08 03:14:42.165,1.58914,1.58932,1.00,1.56
2018.05.08 03:14:42.714,1.58914,1.58932,1.00,1.62
2018.05.08 03:14:43.290,1.58914,1.58932,1.00,1.25
2018.05.08 03:14:47.664,1.58914,1.58933,1.00,1.25
2018.05.08 03:14:49.339,1.58915,1.58933,1.00,1.25
2018.05.08 03:14:52.307,1.58915,1.58931,1.00,1.00
2018.05.08 03:15:04.651,1.58915,1.58933,1.00,1.25
2018.05.08 03:15:06.924,1.58913,1.58933,1.12,1.12
2018.05.08 03:15:10.067,1.58914,1.58933,1.00,1.87
2018.05.08 03:15:10.120,1.58913,1.58931,1.25,1.00
2018.05.08 03:15:11.160,1.58912,1.58931,1.12,1.50
2018.05.08 03:15:19.780,1.5891,1.58927,1.62,1.00
2018.05.08 03:15:19.890,1.58908,1.58927,1.62,1.00
2018.05.08 03:15:19.947,1.58904,1.58921,1.50,1.00
2018.05.08 03:15:20.286,1.589,1.58919,1.50,1.00
2018.05.08 03:15:20.547,1.589,1.58919,1.69,1.00
2018.05.08 03:15:21.064,1.589,1.58919,1.31,1.00
2018.05.08 03:15:22.125,1.589,1.58917,1.25,1.00
2018.05.08 03:15:26.931,1.589,1.5892,2.06,1.50
2018.05.08 03:15:27.483,1.58901,1.5892,1.25,1.00
2018.05.08 03:15:28.119,1.58902,1.5892,1.12,1.00
2018.05.08 03:15:28.171,1.58901,1.5892,1.12,1.00
2018.05.08 03:15:28.913,1.589,1.5892,1.00,1.37
2018.05.08 03:15:28.967,1.58898,1.58918,1.12,1.25
2018.05.08 03:15:29.019,1.58898,1.5892,1.31,1.69
2018.05.08 03:15:29.973,1.58898,1.5892,1.69,1.69
2018.05.08 03:15:30.588,1.58898,1.5892,1.69,1.69
2018.05.08 03:15:31.292,1.58898,1.5892,1.69,1.69
2018.05.08 03:15:34.671,1.58898,1.58918,1.69,1.00
2018.05.08 03:15:35.493,1.58898,1.5892,2.44,1.69
2018.05.08 03:15:35.743,1.58902,1.58922,1.50,1.00
2018.05.08 03:15:35.850,1.58904,1.58923,1.56,1.00
2018.05.08 03:15:36.512,1.58904,1.58924,1.56,1.00
2018.05.08 03:15:37.174,1.58904,1.58924,1.81,1.00
2018.05.08 03:15:39.814,1.58905,1.58924,1.12,1.00
2018.05.08 03:15:40.337,1.58904,1.58925,1.50,1.25
2018.05.08 03:15:47.665,1.58904,1.58924,1.50,1.00
2018.05.08 03:15:49.103,1.58904,1.58924,1.81,1.00
2018.05.08 03:15:56.363,1.58904,1.58924,1.56,1.00
2018.05.08 03:16:01.242,1.58904,1.58924,1.81,1.00
2018.05.08 03:16:09.308,1.58904,1.58925,2.25,1.25
2018.05.08 03:16:19.629,1.58905,1.58924,1.31,1.00
2018.05.08 03:16:26.317,1.58906,1.58924,1.19,1.00
2018.05.08 03:16:26.958,1.58906,1.58926,1.19,1.50
2018.05.08 03:16:27.622,1.58906,1.58926,1.25,1.50
2018.05.08 03:16:29.759,1.58906,1.58925,1.25,1.00
2018.05.08 03:16:30.573,1.58906,1.58926,1.31,1.50
2018.05.08 03:16:31.097,1.58905,1.58926,1.50,2.06
2018.05.08 03:16:32.431,1.58904,1.58924,1.31,1.00
2018.05.08 03:16:32.706,1.58903,1.58924,1.87,1.00
2018.05.08 03:16:33.287,1.58903,1.58924,1.87,1.00
2018.05.08 03:16:35.360,1.58903,1.58924,1.00,1.12
2018.05.08 03:16:35.465,1.58896,1.58917,1.44,1.69
2018.05.08 03:16:35.519,1.58894,1.58915,1.00,1.00
2018.05.08 03:16:35.778,1.58893,1.58913,1.50,1.00
2018.05.08 03:16:36.128,1.58892,1.58912,1.87,1.25
2018.05.08 03:16:36.492,1.58891,1.58912,1.00,1.31
2018.05.08 03:16:37.009,1.58888,1.58909,1.81,1.19
2018.05.08 03:16:37.729,1.58886,1.58907,1.44,1.25
2018.05.08 03:16:37.834,1.58885,1.58903,1.87,1.00
2018.05.08 03:16:39.137,1.58883,1.58903,2.06,1.25
2018.05.08 03:16:41.460,1.58884,1.58903,1.00,1.25
2018.05.08 03:16:43.475,1.58883,1.58903,1.50,1.19
2018.05.08 03:16:46.683,1.58883,1.58903,1.31,1.19
2018.05.08 03:16:49.423,1.58883,1.58903,1.31,1.19
2018.05.08 03:16:49.678,1.58883,1.58903,1.31,1.19
2018.05.08 03:16:51.310,1.58883,1.58903,1.31,1.19
2018.05.08 03:16:54.961,1.58882,1.58903,1.12,1.25
2018.05.08 03:16:56.057,1.58882,1.58902,1.56,1.00
2018.05.08 03:16:56.616,1.58882,1.58902,1.12,1.00
2018.05.08 03:16:58.514,1.58883,1.58903,1.81,1.25
2018.05.08 03:16:59.040,1.58883,1.58903,1.81,1.19
2018.05.08 03:16:59.643,1.58883,1.58903,1.81,1.19
2018.05.08 03:16:59.746,1.58883,1.58903,1.81,1.00
2018.05.08 03:17:00.351,1.58883,1.58903,1.62,1.19
2018.05.08 03:17:00.699,1.58881,1.58903,2.44,1.19
2018.05.08 03:17:01.248,1.58882,1.58904,1.12,1.44
2018.05.08 03:17:04.618,1.58881,1.58901,2.06,1.19
2018.05.08 03:17:05.416,1.58881,1.58901,2.06,1.19
2018.05.08 03:17:05.982,1.58881,1.58901,1.87,1.00
2018.05.08 03:17:07.145,1.58881,1.58901,1.44,1.19
2018.05.08 03:17:08.523,1.58881,1.58901,1.44,1.25
2018.05.08 03:17:08.988,1.58881,1.58901,1.44,1.19
2018.05.08 03:17:10.942,1.58881,1.58901,1.62,1.19
2018.05.08 03:17:11.527,1.58881,1.58901,1.62,1.19
2018.05.08 03:17:12.757,1.58881,1.58901,1.62,1.00
2018.05.08 03:17:13.319,1.58881,1.58901,1.62,1.19
2018.05.08 03:17:18.034,1.58881,1.58901,2.25,1.19
2018.05.08 03:17:19.182,1.58881,1.58901,1.62,1.00
2018.05.08 03:17:19.724,1.58881,1.58901,2.06,1.19
2018.05.08 03:17:20.693,1.58881,1.58901,1.62,1.00
2018.05.08 03:17:21.098,1.58881,1.58901,1.62,1.19
2018.05.08 03:17:22.116,1.5888,1.58901,2.06,1.19
2018.05.08 03:17:22.226,1.5888,1.58901,1.56,1.25
2018.05.08 03:17:26.660,1.58879,1.58901,2.63,1.19
2018.05.08 03:17:27.197,1.58879,1.58899,2.25,1.69
2018.05.08 03:17:27.700,1.58879,1.58898,2.25,1.00
2018.05.08 03:17:28.226,1.58879,1.58899,2.25,1.25
2018.05.08 03:17:29.176,1.58877,1.58895,1.00,1.00
2018.05.08 03:17:29.438,1.58864,1.58885,2.63,1.69
2018.05.08 03:17:29.954,1.58865,1.58883,1.00,1.00
2018.05.08 03:17:30.290,1.5886,1.5888,2.00,1.25
2018.05.08 03:17:30.629,1.58861,1.58878,1.00,1.25
2018.05.08 03:17:30.955,1.58859,1.58876,1.19,1.00
2018.05.08 03:17:31.959,1.58859,1.58876,1.19,1.00
2018.05.08 03:17:33.156,1.58857,1.58877,2.25,1.00
2018.05.08 03:17:33.207,1.58858,1.58875,1.00,1.00
2018.05.08 03:17:33.312,1.58856,1.58876,1.31,1.00
2018.05.08 03:17:33.365,1.58854,1.58868,1.37,1.00
2018.05.08 03:17:33.419,1.58853,1.58868,1.50,1.00
2018.05.08 03:17:33.955,1.58852,1.58868,1.00,1.00
2018.05.08 03:17:36.100,1.58852,1.58867,1.00,1.00
2018.05.08 03:17:36.622,1.5885,1.58868,1.75,1.00
2018.05.08 03:17:51.466,1.5885,1.58868,1.00,1.00
2018.05.08 03:17:51.520,1.58848,1.58865,1.00,1.25
2018.05.08 03:17:51.626,1.58844,1.58864,1.13,1.00
2018.05.08 03:17:51.835,1.58844,1.58862,1.13,1.00
2018.05.08 03:17:52.411,1.58843,1.58861,1.75,1.00
2018.05.08 03:17:52.957,1.58844,1.58861,1.44,1.00
2018.05.08 03:17:53.482,1.58844,1.58861,1.25,1.00
2018.05.08 03:17:55.343,1.58844,1.58862,1.25,1.25
2018.05.08 03:17:57.254,1.58844,1.58865,2.06,1.25
2018.05.08 03:17:57.358,1.58846,1.58865,1.87,1.25
2018.05.08 03:17:58.168,1.58848,1.58866,1.12,1.25
2018.05.08 03:17:58.690,1.58848,1.58866,1.37,1.25
2018.05.08 03:18:00.203,1.58848,1.58867,1.37,1.19
2018.05.08 03:18:00.718,1.58848,1.58867,1.12,1.19
2018.05.08 03:18:04.332,1.58846,1.58866,1.31,1.19
2018.05.08 03:18:04.900,1.58845,1.58864,1.12,1.19
2018.05.08 03:18:05.795,1.58845,1.58863,1.12,1.25
2018.05.08 03:18:06.105,1.58845,1.58863,1.00,1.44
2018.05.08 03:18:06.877,1.58843,1.58863,1.38,1.19
2018.05.08 03:18:09.856,1.58844,1.58863,1.12,1.31
2018.05.08 03:18:09.908,1.58844,1.58865,1.31,1.69
2018.05.08 03:18:10.425,1.58845,1.58867,2.06,1.31
2018.05.08 03:18:11.250,1.58846,1.58867,1.69,1.31
2018.05.08 03:18:11.777,1.58847,1.58867,1.31,1.12
2018.05.08 03:18:12.160,1.58846,1.58867,1.00,1.50
2018.05.08 03:18:12.213,1.58846,1.58865,1.00,1.37
2018.05.08 03:18:12.736,1.58843,1.58864,2.44,1.12
2018.05.08 03:18:14.723,1.58844,1.58863,1.12,1.00
2018.05.08 03:18:15.036,1.5884,1.58859,1.44,1.37
2018.05.08 03:18:15.450,1.58838,1.58859,1.87,1.87
2018.05.08 03:18:15.581,1.58836,1.58858,1.12,1.87
2018.05.08 03:18:15.686,1.58836,1.58854,1.50,1.00
2018.05.08 03:18:15.738,1.58834,1.58853,1.00,2.06
2018.05.08 03:18:15.843,1.58832,1.5885,1.00,1.25
2018.05.08 03:18:15.897,1.58829,1.58849,1.87,1.00
2018.05.08 03:18:15.949,1.58827,1.58845,3.19,1.00
2018.05.08 03:18:16.001,1.58827,1.58845,1.88,1.00
2018.05.08 03:18:16.571,1.58826,1.58846,2.25,1.25
2018.05.08 03:18:16.809,1.58826,1.58846,2.25,1.19
2018.05.08 03:18:17.528,1.58826,1.58847,2.63,1.62
2018.05.08 03:18:18.297,1.58826,1.58847,2.25,1.37
2018.05.08 03:18:18.849,1.58826,1.58847,2.25,1.69
2018.05.08 03:18:19.395,1.58826,1.58847,1.50,1.69
2018.05.08 03:18:19.972,1.58826,1.58847,1.00,1.69
2018.05.08 03:18:20.483,1.58825,1.58847,1.75,1.69
2018.05.08 03:18:21.317,1.58826,1.58847,1.25,1.50
2018.05.08 03:18:22.175,1.58826,1.58847,1.69,1.50
2018.05.08 03:18:22.723,1.58826,1.58847,2.25,1.50
2018.05.08 03:18:22.942,1.58826,1.58847,2.25,1.50
2018.05.08 03:18:23.662,1.58826,1.58847,1.50,1.50
2018.05.08 03:18:24.513,1.58826,1.58847,1.50,1.31
2018.05.08 03:18:25.222,1.58842,1.5885,1.12,1.31
2018.05.08 03:18:25.329,1.58858,1.5887,1.00,1.19
2018.05.08 03:18:25.395,1.58859,1.58872,1.87,1.12
2018.05.08 03:18:25.449,1.58859,1.58871,1.00,1.19
2018.05.08 03:18:25.502,1.5886,1.58868,1.00,1.00
2018.05.08 03:18:25.554,1.5886,1.58878,1.00,1.44
2018.05.08 03:18:25.607,1.58863,1.58878,1.00,1.00
2018.05.08 03:18:25.949,1.58864,1.58884,1.00,2.62
2018.05.08 03:18:26.416,1.58866,1.58885,1.00,1.56
2018.05.08 03:18:26.781,1.58866,1.58885,1.00,1.31
2018.05.08 03:18:26.888,1.58864,1.58885,1.00,1.31
2018.05.08 03:18:27.424,1.58865,1.58885,1.00,1.12
2018.05.08 03:18:29.326,1.58865,1.58884,1.00,2.19
2018.05.08 03:18:31.652,1.58865,1.58886,1.00,3.37
2018.05.08 03:18:32.286,1.58864,1.58886,1.00,3.19
2018.05.08 03:18:35.243,1.58864,1.58886,1.00,3.37
2018.05.08 03:18:35.553,1.58862,1.58884,1.00,1.12
2018.05.08 03:18:36.495,1.58862,1.58884,1.00,1.31
2018.05.08 03:18:40.736,1.58862,1.58883,2.25,1.50
2018.05.08 03:18:41.300,1.58862,1.58883,2.25,1.50
2018.05.08 03:18:45.585,1.58863,1.58883,1.00,1.00
2018.05.08 03:18:46.241,1.58864,1.58887,2.06,3.56
2018.05.08 03:18:46.295,1.58867,1.58888,1.00,2.81
2018.05.08 03:18:46.348,1.58866,1.58886,1.00,1.37
2018.05.08 03:18:46.401,1.58866,1.58887,1.00,2.06
2018.05.08 03:18:46.876,1.58865,1.58886,1.00,2.06
2018.05.08 03:18:46.979,1.58867,1.58887,1.00,1.12
2018.05.08 03:18:47.491,1.58866,1.58887,1.25,1.87
2018.05.08 03:18:51.352,1.58866,1.58887,1.19,1.12
2018.05.08 03:18:52.361,1.58866,1.58888,1.00,2.81
2018.05.08 03:18:57.622,1.58865,1.58886,1.00,3.00
2018.05.08 03:18:57.807,1.58865,1.58886,1.25,1.87
2018.05.08 03:18:57.924,1.58869,1.58889,1.00,2.25
2018.05.08 03:18:57.978,1.58864,1.58886,1.81,2.25
2018.05.08 03:18:58.031,1.58861,1.58881,1.19,1.50
2018.05.08 03:18:58.085,1.58858,1.58879,1.75,1.94
2018.05.08 03:18:58.242,1.58856,1.58874,1.19,1.87
2018.05.08 03:18:58.345,1.58859,1.58874,1.00,1.87
2018.05.08 03:18:58.397,1.58852,1.58874,1.87,1.87
2018.05.08 03:18:58.500,1.58855,1.58873,1.00,1.19
2018.05.08 03:18:58.604,1.58852,1.58873,1.69,1.19
2018.05.08 03:19:00.742,1.58852,1.58873,1.69,1.44
2018.05.08 03:19:01.695,1.58851,1.58873,4.31,1.19
2018.05.08 03:19:09.854,1.58853,1.58874,1.12,1.12
2018.05.08 03:19:09.907,1.58855,1.58874,1.00,1.12
2018.05.08 03:19:13.239,1.58854,1.58874,1.25,1.00
2018.05.08 03:19:24.031,1.58855,1.58877,1.50,1.37
2018.05.08 03:19:24.501,1.58857,1.58879,1.37,1.69
2018.05.08 03:19:25.322,1.58859,1.5888,1.12,2.44
2018.05.08 03:19:25.583,1.58859,1.5888,1.12,1.69
2018.05.08 03:19:26.219,1.58859,1.5888,1.31,1.31
2018.05.08 03:19:27.379,1.58859,1.58882,1.31,2.06
2018.05.08 03:19:27.900,1.58859,1.58882,1.87,1.44
2018.05.08 03:19:30.286,1.5886,1.58883,1.12,1.31
2018.05.08 03:19:32.551,1.5886,1.58883,1.87,1.12
2018.05.08 03:19:33.113,1.58861,1.58883,1.00,1.12
2018.05.08 03:19:33.842,1.5886,1.58883,1.12,1.31
2018.05.08 03:19:34.426,1.58861,1.58883,1.00,1.31
2018.05.08 03:19:34.945,1.5886,1.58883,1.12,1.31
2018.05.08 03:19:35.411,1.58862,1.58883,1.00,1.00
2018.05.08 03:19:35.945,1.5886,1.58882,1.00,1.37
2018.05.08 03:19:36.671,1.5886,1.58883,1.12,1.31
2018.05.08 03:19:40.860,1.5886,1.58883,1.12,1.69
2018.05.08 03:19:41.410,1.5886,1.58883,1.12,1.50
2018.05.08 03:19:43.516,1.5886,1.58883,1.12,2.25
2018.05.08 03:19:45.312,1.5886,1.5888,1.00,1.62
2018.05.08 03:19:45.483,1.58857,1.58879,1.12,2.25
2018.05.08 03:19:45.849,1.58852,1.58874,1.69,1.12
2018.05.08 03:19:45.902,1.58852,1.58874,1.50,2.62
2018.05.08 03:19:46.377,1.5885,1.5887,1.31,1.00
2018.05.08 03:19:46.483,1.58848,1.5887,3.37,1.50
2018.05.08 03:19:46.536,1.58848,1.5887,2.06,3.37
2018.05.08 03:19:46.745,1.58848,1.58869,1.00,1.50
2018.05.08 03:19:51.045,1.58848,1.58869,1.37,1.50
2018.05.08 03:19:51.910,1.58847,1.58868,1.69,1.00
2018.05.08 03:19:52.058,1.58847,1.58868,2.06,1.00
2018.05.08 03:19:52.110,1.58847,1.58868,1.50,1.87
2018.05.08 03:19:52.620,1.58846,1.58867,1.75,1.00
2018.05.08 03:19:53.918,1.58847,1.58868,1.87,1.12
2018.05.08 03:19:54.678,1.58849,1.58868,1.00,1.12
2018.05.08 03:19:55.346,1.58851,1.58868,1.13,1.00
2018.05.08 03:19:55.500,1.58855,1.58876,2.06,1.25
2018.05.08 03:19:55.603,1.58855,1.58878,2.81,1.31
2018.05.08 03:19:55.854,1.58856,1.58876,1.69,1.25
2018.05.08 03:19:55.906,1.58854,1.58876,1.00,2.06
2018.05.08 03:19:56.061,1.58853,1.58873,1.25,1.00
2018.05.08 03:19:56.673,1.58853,1.58872,1.25,1.00
2018.05.08 03:19:57.295,1.58851,1.58872,1.19,1.69
2018.05.08 03:19:59.374,1.58852,1.58873,1.19,1.50
2018.05.08 03:20:00.885,1.58854,1.58874,1.00,1.12
2018.05.08 03:20:00.937,1.58854,1.58875,1.00,3.19
2018.05.08 03:20:01.444,1.58853,1.58874,1.50,1.56
2018.05.08 03:20:01.706,1.58853,1.58872,1.50,1.69
2018.05.08 03:20:01.758,1.58853,1.58872,1.50,1.69
2018.05.08 03:20:01.861,1.58851,1.58872,1.69,1.69
2018.05.08 03:20:02.396,1.58851,1.58872,1.69,1.44
2018.05.08 03:20:08.980,1.58851,1.58872,1.50,1.31
2018.05.08 03:20:11.496,1.5885,1.5887,2.06,1.00
2018.05.08 03:20:14.372,1.5885,1.58869,1.31,1.00
2018.05.08 03:20:29.489,1.5885,1.58868,1.31,1.00
2018.05.08 03:20:30.221,1.58847,1.58868,3.19,1.00
2018.05.08 03:20:33.571,1.58848,1.58868,1.81,1.00
2018.05.08 03:20:34.090,1.58848,1.58868,1.75,1.00
2018.05.08 03:20:35.015,1.58848,1.58868,1.81,1.00
2018.05.08 03:20:36.448,1.58851,1.58869,1.12,1.00
2018.05.08 03:20:36.500,1.58852,1.58871,1.19,1.00
2018.05.08 03:20:36.656,1.58854,1.58871,1.12,1.00
2018.05.08 03:20:37.275,1.58854,1.58872,1.12,1.00
2018.05.08 03:20:38.329,1.58855,1.58872,1.00,1.00
2018.05.08 03:20:41.497,1.58854,1.58872,1.12,1.00
2018.05.08 03:20:43.702,1.58855,1.58872,1.00,1.00
2018.05.08 03:20:45.365,1.58853,1.58872,1.75,1.00
2018.05.08 03:20:47.766,1.58853,1.58872,1.75,1.00
2018.05.08 03:20:56.492,1.58851,1.58871,2.44,1.00
2018.05.08 03:20:56.633,1.58851,1.58872,2.06,1.25
2018.05.08 03:20:56.684,1.5885,1.58871,1.00,1.50
2018.05.08 03:20:56.990,1.58848,1.58869,2.25,1.19
2018.05.08 03:20:57.551,1.58846,1.58867,3.00,1.19
2018.05.08 03:20:57.877,1.58845,1.58864,1.12,1.19
2018.05.08 03:20:58.839,1.58843,1.58864,1.87,1.19
2018.05.08 03:20:59.148,1.58844,1.58864,1.50,1.19
2018.05.08 03:20:59.636,1.58843,1.58862,1.12,1.00
2018.05.08 03:21:00.181,1.58843,1.58861,1.25,1.00
2018.05.08 03:21:01.660,1.58842,1.58862,2.19,1.25
2018.05.08 03:21:05.387,1.58844,1.58864,1.69,1.69
2018.05.08 03:21:05.491,1.58846,1.58865,1.19,1.19
2018.05.08 03:21:06.010,1.58847,1.58868,1.81,1.19
2018.05.08 03:21:06.338,1.58846,1.58865,1.19,1.69
2018.05.08 03:21:06.391,1.58844,1.58863,1.31,2.06
2018.05.08 03:21:06.730,1.58841,1.58861,1.12,1.37
2018.05.08 03:21:07.908,1.58841,1.58861,1.00,1.37
2018.05.08 03:21:10.075,1.58839,1.58857,1.69,1.00
2018.05.08 03:21:10.129,1.58838,1.58856,1.31,1.00
2018.05.08 03:21:10.185,1.58837,1.58856,1.00,1.00
2018.05.08 03:21:10.293,1.58839,1.58859,1.69,3.19
2018.05.08 03:21:10.642,1.58841,1.58861,2.06,1.25
2018.05.08 03:21:10.695,1.58842,1.58863,1.12,2.25
2018.05.08 03:21:11.059,1.58839,1.5886,2.81,1.00
2018.05.08 03:21:11.162,1.58837,1.58857,1.50,1.37
2018.05.08 03:21:11.581,1.58838,1.58858,1.69,1.69
2018.05.08 03:21:11.890,1.58839,1.5886,1.31,1.31
2018.05.08 03:21:12.557,1.58839,1.5886,1.56,1.19
2018.05.08 03:21:12.952,1.5884,1.5886,1.31,1.19
2018.05.08 03:21:13.434,1.58841,1.5886,1.00,1.25
2018.05.08 03:21:13.940,1.5884,1.5886,1.88,1.25
2018.05.08 03:21:14.316,1.58842,1.58862,1.00,1.19
2018.05.08 03:21:14.368,1.58842,1.58863,1.69,1.31
2018.05.08 03:21:14.420,1.58843,1.58863,2.44,1.25
2018.05.08 03:21:18.275,1.58846,1.58864,1.19,1.00
2018.05.08 03:21:18.532,1.58843,1.58863,2.81,1.00
2018.05.08 03:21:19.245,1.58843,1.58862,1.13,1.00
2018.05.08 03:21:19.842,1.58842,1.58862,2.44,1.00
2018.05.08 03:21:22.470,1.58842,1.58863,2.06,1.12
2018.05.08 03:21:22.972,1.58841,1.58863,2.06,1.62
2018.05.08 03:21:24.738,1.58842,1.58863,3.94,1.19
2018.05.08 03:21:25.071,1.58844,1.58864,1.31,1.19
2018.05.08 03:21:25.381,1.58844,1.58865,1.31,2.44
2018.05.08 03:21:25.763,1.58844,1.58865,1.31,2.62
2018.05.08 03:21:25.815,1.58843,1.58863,1.69,1.19
2018.05.08 03:21:26.458,1.58843,1.58863,1.69,1.19
2018.05.08 03:21:26.651,1.58843,1.58863,1.69,1.31
2018.05.08 03:21:26.808,1.58843,1.58863,2.06,1.12
2018.05.08 03:21:28.724,1.58841,1.58863,2.62,1.50
2018.05.08 03:21:29.828,1.58841,1.58862,1.31,1.37
2018.05.08 03:21:31.110,1.58842,1.58861,1.81,1.44
2018.05.08 03:21:35.898,1.58841,1.58863,2.81,1.31
2018.05.08 03:21:37.089,1.58842,1.58863,1.38,1.31
2018.05.08 03:21:38.961,1.58842,1.58865,2.25,2.62
2018.05.08 03:21:39.065,1.58846,1.58865,1.31,1.00
2018.05.08 03:21:39.119,1.58846,1.58868,1.50,1.69
2018.05.08 03:21:39.278,1.58851,1.58872,1.56,1.37
2018.05.08 03:21:39.602,1.58857,1.58876,1.00,1.31
2018.05.08 03:21:39.915,1.58857,1.58878,1.31,1.94
2018.05.08 03:21:40.645,1.58856,1.58879,4.31,3.19
2018.05.08 03:21:41.169,1.58857,1.58879,1.50,3.19
2018.05.08 03:21:41.503,1.58857,1.58878,1.50,1.50
2018.05.08 03:21:41.967,1.58857,1.58879,1.50,2.44
2018.05.08 03:21:43.017,1.58857,1.58878,2.44,1.37
2018.05.08 03:21:45.871,1.58857,1.58878,2.62,1.62
2018.05.08 03:21:46.389,1.58859,1.58879,1.19,1.62
2018.05.08 03:21:46.546,1.5886,1.58879,1.00,1.44
2018.05.08 03:21:46.600,1.58862,1.58881,1.00,1.44
2018.05.08 03:21:47.116,1.58863,1.58883,1.00,2.06
2018.05.08 03:21:47.271,1.58863,1.58883,1.00,2.06
2018.05.08 03:21:48.452,1.58863,1.58884,1.00,1.75
2018.05.08 03:21:48.884,1.58863,1.58884,1.00,1.31
2018.05.08 03:21:49.964,1.58863,1.58885,1.69,1.62
2018.05.08 03:21:50.762,1.58863,1.58885,1.69,1.62
2018.05.08 03:21:53.729,1.58864,1.58884,1.00,1.37
2018.05.08 03:21:53.781,1.58864,1.58884,1.00,1.37
2018.05.08 03:21:53.886,1.58862,1.58883,1.12,1.12
2018.05.08 03:21:54.079,1.58862,1.58882,1.00,2.25
2018.05.08 03:21:54.133,1.58858,1.58878,1.25,1.00
2018.05.08 03:21:54.239,1.58857,1.58878,1.00,1.19
2018.05.08 03:21:54.638,1.58859,1.58878,1.00,1.19
2018.05.08 03:21:55.194,1.58857,1.58879,1.00,2.06
2018.05.08 03:21:56.941,1.58857,1.58879,1.00,2.25
2018.05.08 03:21:57.960,1.58857,1.58879,1.00,2.06
2018.05.08 03:22:00.997,1.58857,1.58878,1.00,1.50
2018.05.08 03:22:03.140,1.58856,1.58878,1.00,1.12
2018.05.08 03:22:04.400,1.58854,1.58874,1.25,1.12
2018.05.08 03:22:04.712,1.5885,1.58871,1.25,2.62
2018.05.08 03:22:04.765,1.5885,1.58871,1.00,2.00
2018.05.08 03:22:05.288,1.5885,1.58872,1.00,3.19
2018.05.08 03:22:06.627,1.5885,1.58872,1.00,3.37
2018.05.08 03:22:07.139,1.58851,1.58872,1.25,2.25
2018.05.08 03:22:07.241,1.58851,1.58872,2.29,2.06
2018.05.08 03:22:07.345,1.58858,1.58878,1.87,1.12
2018.05.08 03:22:07.397,1.58863,1.58881,1.69,1.50
2018.05.08 03:22:07.450,1.58864,1.58883,2.06,1.12
2018.05.08 03:22:07.503,1.58866,1.58886,1.50,1.00
2018.05.08 03:22:08.021,1.58869,1.5889,1.00,1.56
2018.05.08 03:22:09.472,1.58869,1.58891,1.25,2.81
2018.05.08 03:22:10.014,1.58869,1.58891,1.00,2.06
2018.05.08 03:22:10.543,1.58871,1.58891,1.00,1.87
2018.05.08 03:22:11.058,1.58871,1.58891,1.00,2.06
2018.05.08 03:22:11.929,1.5887,1.58892,1.00,2.81
2018.05.08 03:22:12.504,1.5887,1.58891,1.00,1.12
2018.05.08 03:22:14.092,1.58871,1.58891,1.00,1.69
2018.05.08 03:22:14.518,1.58874,1.58891,1.00,1.56
2018.05.08 03:22:14.570,1.58872,1.58892,1.00,1.31
2018.05.08 03:22:14.622,1.58871,1.5889,1.00,2.06
2018.05.08 03:22:14.878,1.58871,1.5889,1.00,1.25
2018.05.08 03:22:15.418,1.58872,1.5889,1.00,1.00
2018.05.08 03:22:15.786,1.58872,1.5889,1.00,1.37
2018.05.08 03:22:15.838,1.5887,1.5889,1.00,1.37
2018.05.08 03:22:15.891,1.58869,1.5889,1.25,1.12
2018.05.08 03:22:15.995,1.58871,1.5889,1.00,1.62
2018.05.08 03:22:17.124,1.58871,1.5889,1.00,1.62
2018.05.08 03:22:17.177,1.5887,1.5889,1.00,2.06
2018.05.08 03:22:17.229,1.5887,1.5889,1.00,2.06
2018.05.08 03:22:18.174,1.5887,1.5889,1.00,2.06
2018.05.08 03:22:18.236,1.5887,1.5889,1.00,1.75
2018.05.08 03:22:18.450,1.58871,1.58891,1.19,1.12
2018.05.08 03:22:19.970,1.58871,1.58891,1.00,1.31
2018.05.08 03:22:20.493,1.58872,1.58892,1.00,1.69
2018.05.08 03:22:20.951,1.58869,1.58889,1.37,1.12
2018.05.08 03:22:21.261,1.58866,1.58889,1.12,3.37
2018.05.08 03:22:21.527,1.58866,1.58888,1.12,1.81
2018.05.08 03:22:30.928,1.58866,1.58886,1.12,1.00
2018.05.08 03:22:33.990,1.58864,1.58885,2.25,1.00
2018.05.08 03:22:34.043,1.58862,1.58885,2.25,2.06
2018.05.08 03:22:34.096,1.58863,1.58884,1.00,2.25
2018.05.08 03:22:34.408,1.5886,1.58881,1.12,1.37
2018.05.08 03:22:35.885,1.5886,1.5888,1.31,1.00
2018.05.08 03:22:36.782,1.5886,1.58882,2.44,1.19
2018.05.08 03:22:37.144,1.58859,1.58879,1.44,1.25
2018.05.08 03:22:37.248,1.58857,1.58879,1.00,1.37
2018.05.08 03:22:37.750,1.58856,1.58879,1.69,2.81
2018.05.08 03:22:38.260,1.58856,1.58879,1.87,2.81
2018.05.08 03:22:39.479,1.58857,1.58877,3.00,1.25
2018.05.08 03:22:39.533,1.58861,1.58881,1.69,1.19
2018.05.08 03:22:39.589,1.58862,1.58882,1.31,1.19
2018.05.08 03:22:40.888,1.58863,1.58883,1.31,1.25
2018.05.08 03:22:41.654,1.58863,1.58883,1.12,1.44
2018.05.08 03:22:42.416,1.58863,1.58883,1.12,1.12
2018.05.08 03:22:44.149,1.58863,1.58883,1.12,1.44
2018.05.08 03:22:47.039,1.58863,1.58883,1.00,2.06
2018.05.08 03:22:47.349,1.58861,1.58883,1.50,1.87
2018.05.08 03:22:49.086,1.58861,1.58882,1.50,1.37
2018.05.08 03:22:49.676,1.58861,1.58882,1.50,1.37
2018.05.08 03:22:50.551,1.58861,1.58881,1.12,1.44
2018.05.08 03:22:52.280,1.58859,1.58881,3.56,1.87
2018.05.08 03:22:52.796,1.58858,1.5888,1.50,2.62
2018.05.08 03:23:01.142,1.5886,1.5888,1.12,2.62
2018.05.08 03:23:01.205,1.58861,1.5888,1.50,1.12
2018.05.08 03:23:01.757,1.5886,1.5888,1.50,1.12
2018.05.08 03:23:03.196,1.58858,1.5888,2.25,1.12
2018.05.08 03:23:04.020,1.58858,1.5888,2.44,1.12
2018.05.08 03:23:08.018,1.58858,1.58878,1.12,1.25
2018.05.08 03:23:08.281,1.58858,1.58878,1.12,1.19
2018.05.08 03:23:14.485,1.58857,1.58878,1.12,1.50
2018.05.08 03:23:15.318,1.58857,1.58875,1.00,1.00
2018.05.08 03:23:20.404,1.58855,1.58875,1.31,1.00
2018.05.08 03:23:21.974,1.58855,1.58875,1.50,1.00
2018.05.08 03:23:23.490,1.58855,1.58876,1.50,1.25
2018.05.08 03:23:27.010,1.58855,1.58876,2.44,1.25
2018.05.08 03:23:27.587,1.58855,1.58876,1.87,1.25
2018.05.08 03:23:34.401,1.58855,1.58876,2.62,1.25
2018.05.08 03:23:40.689,1.58855,1.58876,1.31,1.00
2018.05.08 03:23:41.203,1.58856,1.58878,3.56,1.62
2018.05.08 03:23:42.386,1.5886,1.5888,1.25,1.37
2018.05.08 03:23:42.441,1.5886,1.58881,1.50,1.37
2018.05.08 03:23:42.544,1.58862,1.58884,2.44,3.00
2018.05.08 03:23:42.647,1.58862,1.58884,1.69,2.44
2018.05.08 03:23:53.846,1.58862,1.58882,1.00,1.69
2018.05.08 03:23:54.132,1.58861,1.58882,1.37,1.00
2018.05.08 03:24:03.376,1.58863,1.58883,1.00,1.44
2018.05.08 03:24:07.134,1.58863,1.58883,1.50,1.12
2018.05.08 03:24:15.590,1.58863,1.58883,1.50,2.25
2018.05.08 03:24:15.692,1.58863,1.58883,1.50,1.12
2018.05.08 03:24:26.754,1.58864,1.58884,1.19,1.00
2018.05.08 03:24:27.512,1.58864,1.58885,1.19,1.00
2018.05.08 03:24:28.062,1.58864,1.58885,1.25,1.25
2018.05.08 03:24:29.988,1.58864,1.58886,1.19,1.50
2018.05.08 03:24:30.939,1.58864,1.58886,1.19,1.69
2018.05.08 03:24:31.449,1.58864,1.58886,1.44,1.69
2018.05.08 03:24:39.753,1.58864,1.58886,1.44,1.50
2018.05.08 03:24:40.303,1.58864,1.58886,1.25,1.69
2018.05.08 03:24:40.930,1.58864,1.58886,1.00,1.69
2018.05.08 03:24:41.683,1.58865,1.58886,1.00,1.19
2018.05.08 03:24:45.750,1.58865,1.58887,1.00,3.19
2018.05.08 03:24:50.314,1.58865,1.58886,1.00,1.69
2018.05.08 03:24:53.006,1.58865,1.58886,1.19,1.69
2018.05.08 03:24:53.571,1.58865,1.58886,1.19,1.69
2018.05.08 03:24:55.853,1.58865,1.58886,1.00,1.50
2018.05.08 03:24:58.472,1.58865,1.58886,1.19,1.50
2018.05.08 03:25:02.927,1.58864,1.58884,1.00,1.00
2018.05.08 03:25:03.479,1.58865,1.58884,1.00,1.00
2018.05.08 03:25:04.087,1.58865,1.58884,1.00,1.19
2018.05.08 03:25:05.729,1.58864,1.58884,1.00,1.25
2018.05.08 03:25:05.834,1.58862,1.58882,1.25,1.25
2018.05.08 03:25:06.336,1.58863,1.58883,1.00,1.50
2018.05.08 03:25:07.715,1.58863,1.58883,1.00,1.87
2018.05.08 03:25:16.758,1.58861,1.58881,1.37,1.12
2018.05.08 03:25:16.914,1.58859,1.5888,2.62,1.12
2018.05.08 03:25:17.051,1.58859,1.58879,1.44,2.06
2018.05.08 03:25:17.206,1.58859,1.58879,1.25,2.44
2018.05.08 03:25:17.361,1.58857,1.58879,1.19,1.75
2018.05.08 03:25:18.083,1.58856,1.58878,1.12,2.06
2018.05.08 03:25:18.617,1.58856,1.58877,1.00,1.44
2018.05.08 03:25:21.027,1.58857,1.58878,1.25,1.19
2018.05.08 03:25:21.134,1.58859,1.58881,1.31,2.06
2018.05.08 03:25:21.471,1.58861,1.58881,1.00,1.12
2018.05.08 03:25:22.565,1.58861,1.58882,1.00,4.12
2018.05.08 03:25:24.244,1.58861,1.58882,1.00,1.69
2018.05.08 03:25:25.210,1.58861,1.58883,1.00,2.44
2018.05.08 03:25:26.889,1.58861,1.58883,1.00,2.62
2018.05.08 03:25:28.062,1.58861,1.58883,1.00,2.44
2018.05.08 03:25:29.537,1.58861,1.58882,1.00,1.12
2018.05.08 03:25:30.734,1.58861,1.58883,1.00,2.81
2018.05.08 03:25:32.850,1.5886,1.58881,1.12,1.69
2018.05.08 03:25:35.088,1.5886,1.58881,1.12,1.31
2018.05.08 03:25:38.597,1.5886,1.58881,1.12,1.50
2018.05.08 03:25:40.839,1.58859,1.5888,1.12,2.44
2018.05.08 03:25:45.742,1.58861,1.58881,1.19,1.19
2018.05.08 03:25:45.795,1.58861,1.58881,1.19,1.00
2018.05.08 03:25:48.720,1.58861,1.58883,1.88,1.25
2018.05.08 03:25:49.914,1.58862,1.58885,1.50,3.00
2018.05.08 03:25:50.172,1.58863,1.58885,1.44,2.06
2018.05.08 03:25:51.491,1.58863,1.58885,1.81,1.50
2018.05.08 03:25:52.217,1.58863,1.58885,1.56,1.31
2018.05.08 03:25:53.714,1.58863,1.58885,1.19,2.25
2018.05.08 03:25:53.818,1.58862,1.58882,1.00,1.25
2018.05.08 03:25:54.342,1.58862,1.58882,1.25,2.06
2018.05.08 03:25:54.955,1.58862,1.58882,1.00,1.62
2018.05.08 03:25:56.443,1.5886,1.58881,1.00,1.19
2018.05.08 03:25:57.950,1.5886,1.58882,1.00,2.44
2018.05.08 03:25:59.122,1.5886,1.58881,1.00,1.50
2018.05.08 03:26:00.584,1.5886,1.58881,1.19,1.69
2018.05.08 03:26:01.091,1.5886,1.58881,1.00,1.50
2018.05.08 03:26:02.511,1.5886,1.58881,1.00,1.50
2018.05.08 03:26:03.724,1.5886,1.58881,1.00,1.69
2018.05.08 03:26:04.281,1.58859,1.58881,1.25,1.50
2018.05.08 03:26:05.153,1.58859,1.58881,1.25,1.38
2018.05.08 03:26:05.693,1.58859,1.5888,1.25,1.44
2018.05.08 03:26:06.476,1.5886,1.5888,1.00,1.37
2018.05.08 03:26:08.765,1.5886,1.5888,1.00,1.19
2018.05.08 03:26:09.098,1.58859,1.58882,3.00,2.25
2018.05.08 03:26:09.152,1.58863,1.58883,1.00,1.19
2018.05.08 03:26:09.207,1.58863,1.58884,1.00,2.19
2018.05.08 03:26:09.754,1.58863,1.58884,1.12,1.69
2018.05.08 03:26:10.300,1.58863,1.58884,1.00,2.06
2018.05.08 03:26:13.846,1.58863,1.58884,1.00,2.06
2018.05.08 03:26:14.988,1.58864,1.58884,1.00,1.62
2018.05.08 03:26:16.465,1.58864,1.58884,1.00,1.31
2018.05.08 03:26:20.569,1.58864,1.58884,1.00,1.31
2018.05.08 03:26:22.234,1.58864,1.58884,1.00,1.44
2018.05.08 03:26:23.330,1.58864,1.58884,1.00,1.44
2018.05.08 03:26:24.441,1.58864,1.58885,1.00,1.31
2018.05.08 03:26:24.928,1.58864,1.58886,1.25,1.69
2018.05.08 03:26:33.143,1.58866,1.58887,1.25,2.81
2018.05.08 03:26:33.809,1.58867,1.58887,1.00,1.31
2018.05.08 03:26:34.378,1.58867,1.58887,1.44,1.12
2018.05.08 03:26:35.416,1.58867,1.58888,1.56,1.12
2018.05.08 03:26:36.591,1.58867,1.58888,1.56,1.12
2018.05.08 03:26:39.194,1.58867,1.58888,1.12,1.31
2018.05.08 03:26:42.082,1.58871,1.58888,1.12,1.00
2018.05.08 03:26:42.400,1.5888,1.58902,1.62,1.56
2018.05.08 03:26:42.504,1.5888,1.58901,1.25,2.25
2018.05.08 03:26:45.035,1.58878,1.58901,1.25,2.44
2018.05.08 03:26:45.242,1.5888,1.58901,1.00,2.25
2018.05.08 03:26:45.838,1.5888,1.589,1.25,1.00
2018.05.08 03:26:46.358,1.58881,1.58902,1.12,1.75
2018.05.08 03:26:46.672,1.58883,1.58902,1.00,1.75
2018.05.08 03:26:47.857,1.58879,1.58898,1.87,1.00
2018.05.08 03:26:55.899,1.58879,1.58898,1.69,1.00
2018.05.08 03:26:57.113,1.58877,1.58895,1.56,1.00
2018.05.08 03:26:57.165,1.58877,1.58895,1.12,1.00
2018.05.08 03:26:57.528,1.58877,1.58893,1.12,1.00
2018.05.08 03:26:58.099,1.58875,1.58893,1.62,1.00
2018.05.08 03:27:00.205,1.58875,1.58893,1.31,1.00
2018.05.08 03:27:02.357,1.58875,1.58893,1.31,1.00
2018.05.08 03:27:03.413,1.58872,1.58893,2.81,1.00
2018.05.08 03:27:03.927,1.58872,1.58893,2.44,1.00
2018.05.08 03:27:05.563,1.58872,1.58893,2.44,1.00
2018.05.08 03:27:14.341,1.58872,1.58892,2.06,1.00
2018.05.08 03:27:16.047,1.58872,1.5889,2.06,1.00
2018.05.08 03:27:20.319,1.58872,1.58891,3.00,1.00
2018.05.08 03:27:23.159,1.58872,1.58891,2.81,1.00
2018.05.08 03:27:23.663,1.58872,1.58891,2.06,1.00
2018.05.08 03:27:24.266,1.58872,1.58891,2.81,1.00
2018.05.08 03:27:33.049,1.58873,1.58891,2.06,1.00
2018.05.08 03:27:44.428,1.58874,1.58891,1.94,1.00
2018.05.08 03:27:48.279,1.58872,1.58891,3.75,1.00
2018.05.08 03:27:50.614,1.58872,1.58891,2.81,1.00
2018.05.08 03:27:53.103,1.58872,1.58891,1.50,1.00
2018.05.08 03:27:55.908,1.58871,1.58891,3.00,1.00
2018.05.08 03:27:57.413,1.5887,1.5889,1.19,1.00
2018.05.08 03:27:57.465,1.58868,1.5889,3.75,1.19
2018.05.08 03:27:57.569,1.58868,1.58889,2.06,1.12
2018.05.08 03:27:58.114,1.58868,1.58887,2.06,1.00
2018.05.08 03:27:58.635,1.58869,1.58887,1.50,1.00
2018.05.08 03:27:59.689,1.58869,1.58889,2.25,1.00
2018.05.08 03:28:00.732,1.5887,1.58888,1.19,1.00
2018.05.08 03:28:01.971,1.5887,1.58888,1.25,1.00
2018.05.08 03:28:07.684,1.58868,1.58888,1.87,1.00
2018.05.08 03:28:16.811,1.58868,1.58888,2.62,1.00
2018.05.08 03:28:17.383,1.58868,1.58888,2.62,1.00
2018.05.08 03:28:28.890,1.58869,1.58888,1.37,1.00
2018.05.08 03:28:29.987,1.58869,1.58888,1.12,1.00
2018.05.08 03:28:36.860,1.58869,1.58888,1.50,1.00
2018.05.08 03:28:37.019,1.5887,1.58888,1.00,1.19
2018.05.08 03:28:37.071,1.58868,1.58887,1.12,1.19
2018.05.08 03:28:37.127,1.58869,1.58889,1.00,1.25
2018.05.08 03:28:37.288,1.58869,1.58888,1.87,1.00
2018.05.08 03:28:39.289,1.58866,1.58883,1.50,1.00
2018.05.08 03:28:39.447,1.58867,1.58885,1.00,1.00
2018.05.08 03:28:39.499,1.58867,1.58885,2.81,1.00
2018.05.08 03:28:40.773,1.58866,1.58885,1.44,1.00
2018.05.08 03:28:45.705,1.58867,1.58886,1.44,1.12
2018.05.08 03:28:53.772,1.58863,1.58884,3.37,1.25
2018.05.08 03:28:54.276,1.58863,1.58883,1.50,1.00
2018.05.08 03:28:55.154,1.58865,1.58883,1.00,1.00
2018.05.08 03:28:55.732,1.58865,1.58884,1.00,1.25
2018.05.08 03:28:56.582,1.58864,1.58884,1.87,1.25
2018.05.08 03:28:57.113,1.58865,1.58884,1.00,1.25
2018.05.08 03:28:58.174,1.58864,1.58884,2.81,1.00
2018.05.08 03:28:58.226,1.58866,1.58884,1.37,1.00
2018.05.08 03:28:58.934,1.58866,1.58884,1.00,1.00
2018.05.08 03:29:00.224,1.58864,1.58885,4.31,1.00
2018.05.08 03:29:01.576,1.58865,1.58884,1.44,1.00
2018.05.08 03:29:02.189,1.58865,1.58884,1.69,1.00
2018.05.08 03:29:02.350,1.58863,1.58882,1.00,1.00
2018.05.08 03:29:05.162,1.58862,1.58882,1.19,1.19
2018.05.08 03:29:05.470,1.58861,1.5888,1.25,1.00
2018.05.08 03:29:06.004,1.58861,1.5888,1.19,1.00
2018.05.08 03:29:08.990,1.5886,1.5888,2.44,1.25
2018.05.08 03:29:09.529,1.5886,1.5888,1.94,1.25
2018.05.08 03:29:10.104,1.5886,1.5888,1.94,1.25
2018.05.08 03:29:10.689,1.5886,1.58879,1.31,1.00
2018.05.08 03:29:11.312,1.5886,1.58879,1.31,1.00
2018.05.08 03:29:11.946,1.5886,1.58879,1.31,1.00
2018.05.08 03:29:12.452,1.5886,1.5888,2.06,1.00
2018.05.08 03:29:13.784,1.58861,1.5888,1.00,1.00
2018.05.08 03:29:13.840,1.58859,1.58879,1.63,1.19
2018.05.08 03:29:15.380,1.58859,1.58878,1.25,1.25
2018.05.08 03:29:16.322,1.58859,1.58878,1.25,1.19
2018.05.08 03:29:20.079,1.58858,1.58878,1.31,1.25
2018.05.08 03:29:20.478,1.5886,1.58879,1.69,1.00
2018.05.08 03:29:20.985,1.58861,1.58879,1.56,1.00
2018.05.08 03:29:22.942,1.58862,1.58879,1.19,1.00
2018.05.08 03:29:23.537,1.58862,1.58879,1.25,1.00
2018.05.08 03:29:24.085,1.58861,1.58879,2.06,1.00
2018.05.08 03:29:24.644,1.58862,1.58879,1.25,1.00
2018.05.08 03:29:25.510,1.58861,1.58879,2.44,1.00
2018.05.08 03:29:26.232,1.58862,1.58879,1.00,1.00
2018.05.08 03:29:26.696,1.58864,1.58882,1.13,1.00
2018.05.08 03:29:28.436,1.58862,1.58881,1.87,1.00
2018.05.08 03:29:28.964,1.58862,1.58882,2.06,1.00
2018.05.08 03:29:29.684,1.58863,1.58882,1.00,1.00
2018.05.08 03:29:30.678,1.58863,1.58882,1.19,1.00
2018.05.08 03:29:31.224,1.58862,1.58882,1.69,1.00
2018.05.08 03:29:31.744,1.58862,1.58882,2.44,1.00
2018.05.08 03:29:32.291,1.58863,1.58882,1.25,1.00
2018.05.08 03:29:32.708,1.58863,1.58882,1.19,1.00
2018.05.08 03:29:32.880,1.58863,1.58882,1.00,1.00
2018.05.08 03:29:33.174,1.58863,1.58882,1.19,1.00
2018.05.08 03:29:33.482,1.58862,1.58882,2.25,1.19
2018.05.08 03:29:34.312,1.58862,1.58882,1.31,1.19
2018.05.08 03:29:35.413,1.58862,1.58882,1.50,1.19
2018.05.08 03:29:36.465,1.58862,1.58882,1.44,1.19
2018.05.08 03:29:37.073,1.58862,1.58882,1.00,1.19
2018.05.08 03:29:46.748,1.58863,1.58884,1.00,1.87
2018.05.08 03:29:50.234,1.58865,1.58886,1.00,1.87
2018.05.08 03:29:50.716,1.58868,1.58887,1.00,1.19
2018.05.08 03:29:57.062,1.58868,1.58888,1.00,1.69
2018.05.08 03:29:58.968,1.58867,1.58887,1.00,1.44
2018.05.08 03:29:59.538,1.58866,1.58887,1.50,1.87
2018.05.08 03:30:00.084,1.58867,1.58886,1.00,1.69
2018.05.08 03:30:00.605,1.58866,1.58886,1.50,1.19
2018.05.08 03:30:01.074,1.58869,1.58886,1.00,1.19
2018.05.08 03:30:01.300,1.58867,1.58886,1.00,1.19
2018.05.08 03:30:02.596,1.58869,1.58886,1.00,1.69
2018.05.08 03:30:03.104,1.58868,1.58887,1.00,1.50
2018.05.08 03:30:03.427,1.5887,1.58887,1.00,1.50
2018.05.08 03:30:03.479,1.5887,1.58887,1.00,1.19
2018.05.08 03:30:03.748,1.5887,1.58889,1.00,2.44
2018.05.08 03:30:04.942,1.5887,1.58889,1.00,2.44
2018.05.08 03:30:08.789,1.58868,1.58887,1.19,1.25
2018.05.08 03:30:14.500,1.58868,1.58889,1.69,2.44
2018.05.08 03:30:15.434,1.58867,1.58885,1.50,1.25
2018.05.08 03:30:15.944,1.58866,1.58886,1.25,1.19
2018.05.08 03:30:16.462,1.58864,1.58883,1.19,1.00
2018.05.08 03:30:16.724,1.58872,1.58894,2.81,1.69
2018.05.08 03:30:16.777,1.58874,1.58895,1.31,1.31
2018.05.08 03:30:16.830,1.58875,1.58895,1.50,1.00
2018.05.08 03:30:16.961,1.58877,1.58897,1.12,1.00
2018.05.08 03:30:17.329,1.58878,1.58899,1.12,1.50
2018.05.08 03:30:17.888,1.58879,1.58899,1.00,1.50
2018.05.08 03:30:18.408,1.58879,1.58899,1.00,1.50
2018.05.08 03:30:19.629,1.58879,1.58899,1.00,1.50
2018.05.08 03:30:20.172,1.58878,1.58899,1.87,1.50
2018.05.08 03:30:21.856,1.58881,1.58902,1.37,1.50
2018.05.08 03:30:21.910,1.58881,1.58904,2.06,3.19
2018.05.08 03:30:22.450,1.5888,1.58903,1.50,1.69
2018.05.08 03:30:23.164,1.58879,1.58902,3.75,1.69
2018.05.08 03:30:23.223,1.58884,1.58904,1.31,2.25
2018.05.08 03:30:23.773,1.58884,1.58904,1.12,1.12
2018.05.08 03:30:24.472,1.58884,1.58904,1.37,1.12
2018.05.08 03:30:25.020,1.58884,1.58904,1.00,1.31
2018.05.08 03:30:26.291,1.58884,1.58904,1.00,1.50
2018.05.08 03:30:29.256,1.58882,1.58904,2.44,1.31
2018.05.08 03:30:50.456,1.58882,1.58904,1.31,2.06
2018.05.08 03:30:53.431,1.58882,1.58904,1.31,2.44
2018.05.08 03:30:55.393,1.58882,1.58904,1.25,2.44
2018.05.08 03:30:57.422,1.58881,1.58903,2.63,1.69
2018.05.08 03:31:03.414,1.58882,1.58904,2.06,1.87
2018.05.08 03:31:03.621,1.58883,1.58905,1.56,1.50
2018.05.08 03:31:03.673,1.58884,1.58906,1.44,1.37
2018.05.08 03:31:04.657,1.58884,1.58904,1.69,1.00
2018.05.08 03:31:04.812,1.58884,1.58904,1.00,1.25
2018.05.08 03:31:11.751,1.58884,1.58904,1.00,2.25
2018.05.08 03:31:12.766,1.58883,1.58903,1.25,1.37
2018.05.08 03:31:17.066,1.58884,1.58904,1.00,1.31
2018.05.08 03:31:19.666,1.58884,1.58905,1.00,1.69
2018.05.08 03:31:20.765,1.58884,1.58905,1.00,1.69
2018.05.08 03:31:26.682,1.58883,1.58905,1.50,1.69
2018.05.08 03:31:31.154,1.58883,1.58905,1.69,1.69
2018.05.08 03:31:31.358,1.58886,1.58905,1.00,1.50
2018.05.08 03:31:31.478,1.58884,1.58906,1.50,1.12
2018.05.08 03:31:32.514,1.58884,1.58906,1.50,1.87
2018.05.08 03:31:33.488,1.58885,1.58906,1.00,1.87
2018.05.08 03:31:48.783,1.58885,1.58904,1.00,1.00
2018.05.08 03:31:49.379,1.58884,1.58903,2.44,1.00
2018.05.08 03:31:50.371,1.58884,1.58904,2.25,1.00
2018.05.08 03:31:51.028,1.58884,1.58903,2.25,1.00
2018.05.08 03:31:51.576,1.58884,1.58903,2.81,1.00
2018.05.08 03:31:52.964,1.58884,1.58903,2.62,1.00
2018.05.08 03:31:53.761,1.58884,1.58902,2.25,1.00
2018.05.08 03:31:54.712,1.58884,1.58902,2.25,1.00
2018.05.08 03:31:55.714,1.58882,1.58902,1.75,1.25
2018.05.08 03:31:55.767,1.58882,1.589,1.00,1.19
2018.05.08 03:31:56.069,1.58877,1.58898,1.69,1.19
2018.05.08 03:31:56.601,1.58876,1.58898,2.06,1.44
2018.05.08 03:31:58.066,1.58876,1.58895,1.69,1.19
2018.05.08 03:31:59.814,1.58876,1.58897,1.00,1.19
2018.05.08 03:32:01.228,1.58876,1.58897,1.00,1.19
2018.05.08 03:32:01.785,1.58877,1.58896,1.19,1.19
2018.05.08 03:32:01.837,1.58875,1.58896,1.19,1.19
2018.05.08 03:32:01.943,1.58873,1.58895,2.06,1.44
2018.05.08 03:32:01.995,1.58873,1.58895,1.12,1.44
2018.05.08 03:32:02.401,1.58873,1.58895,2.25,2.62
2018.05.08 03:32:02.739,1.58874,1.58895,1.00,1.44
2018.05.08 03:32:03.566,1.58873,1.58895,1.50,1.37
2018.05.08 03:32:04.263,1.58872,1.58895,2.81,1.19
2018.05.08 03:32:05.065,1.58879,1.58894,1.00,1.00
2018.05.08 03:32:05.221,1.58881,1.589,1.56,1.19
2018.05.08 03:32:07.128,1.5888,1.58901,1.19,1.87
2018.05.08 03:32:07.182,1.58877,1.58898,1.19,1.69
2018.05.08 03:32:07.236,1.58876,1.58896,2.25,1.25
2018.05.08 03:32:07.340,1.58874,1.58895,1.69,1.37
2018.05.08 03:32:07.877,1.58874,1.58894,1.25,1.12
2018.05.08 03:32:09.784,1.58872,1.58894,2.06,1.12
2018.05.08 03:32:10.102,1.58872,1.58891,1.19,1.19
2018.05.08 03:32:10.154,1.58869,1.5889,2.25,1.00
2018.05.08 03:32:10.301,1.58871,1.58892,1.19,1.31
2018.05.08 03:32:10.406,1.5887,1.58892,1.19,1.50
2018.05.08 03:32:10.857,1.58872,1.58893,3.19,1.25
2018.05.08 03:32:11.831,1.58873,1.58895,1.56,1.87
2018.05.08 03:32:12.342,1.58873,1.58895,1.56,1.87
2018.05.08 03:32:14.326,1.58873,1.58895,1.31,1.69
2018.05.08 03:32:15.152,1.58877,1.58896,1.25,1.25
2018.05.08 03:32:15.465,1.58878,1.58897,2.06,1.19
2018.05.08 03:32:15.974,1.58878,1.589,2.06,1.62
2018.05.08 03:32:16.355,1.58878,1.589,2.81,1.62
2018.05.08 03:32:16.715,1.5888,1.589,1.19,1.19
2018.05.08 03:32:18.107,1.58881,1.58901,1.56,1.69
2018.05.08 03:32:18.656,1.58881,1.589,1.56,1.00
2018.05.08 03:32:19.281,1.58881,1.58901,2.06,1.25
2018.05.08 03:32:22.247,1.58881,1.589,2.06,1.00
2018.05.08 03:32:22.758,1.58883,1.58901,1.69,1.25
2018.05.08 03:32:22.862,1.58883,1.58904,1.87,1.00
2018.05.08 03:32:23.267,1.58883,1.58906,1.87,2.62
2018.05.08 03:32:24.674,1.58884,1.58906,1.37,2.44
2018.05.08 03:32:25.278,1.58884,1.58905,1.37,1.00
2018.05.08 03:32:27.691,1.58884,1.58905,1.87,1.19
2018.05.08 03:32:28.734,1.58885,1.58906,1.12,1.50
2018.05.08 03:32:29.530,1.58885,1.58906,1.12,2.06
2018.05.08 03:32:29.840,1.58888,1.58907,1.00,2.62
2018.05.08 03:32:30.669,1.58886,1.58907,1.37,1.37
2018.05.08 03:32:31.220,1.58886,1.58907,1.50,1.37
2018.05.08 03:32:34.148,1.58885,1.58904,1.50,1.44
2018.05.08 03:32:34.201,1.58883,1.58902,1.87,1.00
2018.05.08 03:32:35.146,1.58883,1.58902,1.25,1.44
2018.05.08 03:32:35.653,1.58883,1.58903,1.25,1.31
2018.05.08 03:32:38.279,1.58883,1.58904,1.19,2.44
2018.05.08 03:32:39.011,1.58883,1.58904,1.19,2.44
2018.05.08 03:32:40.989,1.58883,1.58904,1.19,1.69
2018.05.08 03:32:41.138,1.58883,1.58902,1.00,1.37
2018.05.08 03:32:41.190,1.5888,1.58901,1.87,1.12
2018.05.08 03:32:41.242,1.5888,1.589,1.12,1.50
2018.05.08 03:32:43.743,1.5888,1.589,1.12,1.62
2018.05.08 03:32:49.062,1.5888,1.589,1.00,1.50
2018.05.08 03:32:51.070,1.5888,1.589,1.00,1.69
2018.05.08 03:32:54.752,1.5888,1.589,1.37,1.69
2018.05.08 03:32:54.856,1.58881,1.58902,1.69,1.37
2018.05.08 03:32:56.099,1.58881,1.58902,1.69,1.37
2018.05.08 03:33:00.383,1.5888,1.58898,2.81,1.00
2018.05.08 03:33:00.915,1.5888,1.58897,2.44,1.00
2018.05.08 03:33:01.631,1.5888,1.58898,1.62,1.25
2018.05.08 03:33:02.330,1.58882,1.58899,1.00,1.00
2018.05.08 03:33:02.864,1.58881,1.58898,1.69,1.00
2018.05.08 03:33:02.970,1.58878,1.58898,1.12,1.50
2018.05.08 03:33:03.022,1.58877,1.58893,2.06,1.00
2018.05.08 03:33:03.760,1.58876,1.58893,1.37,1.00
2018.05.08 03:33:04.275,1.58876,1.58892,1.37,1.00
2018.05.08 03:33:04.804,1.58876,1.58893,1.37,1.00
2018.05.08 03:33:05.272,1.58876,1.58896,1.37,1.69
2018.05.08 03:33:06.178,1.58877,1.58895,1.12,1.00
2018.05.08 03:33:06.788,1.58877,1.58896,1.12,1.69
2018.05.08 03:33:07.772,1.58877,1.58895,1.12,1.00
2018.05.08 03:33:08.413,1.58877,1.58896,1.12,1.69
2018.05.08 03:33:10.246,1.58877,1.58895,1.12,1.00
2018.05.08 03:33:12.658,1.58877,1.58896,1.12,1.69
2018.05.08 03:33:13.064,1.58875,1.58893,1.87,1.00
2018.05.08 03:33:13.223,1.58868,1.58888,2.44,1.00
2018.05.08 03:33:13.379,1.58868,1.58888,3.19,1.00
2018.05.08 03:33:13.918,1.5887,1.58888,1.12,1.00
2018.05.08 03:33:14.526,1.5887,1.58888,1.31,1.00
2018.05.08 03:33:16.278,1.58868,1.58888,4.31,1.00
2018.05.08 03:33:16.590,1.58868,1.58886,5.81,1.00
2018.05.08 03:33:17.122,1.58868,1.58885,3.37,1.00
2018.05.08 03:33:18.189,1.58868,1.58885,2.62,1.00
2018.05.08 03:33:18.769,1.58868,1.58886,1.56,1.00
2018.05.08 03:33:21.580,1.58866,1.58885,1.69,1.00
2018.05.08 03:33:21.891,1.58867,1.58883,1.19,1.00
2018.05.08 03:33:22.182,1.58868,1.58886,1.25,1.00
2018.05.08 03:33:22.702,1.58868,1.58885,1.25,1.00
2018.05.08 03:33:23.502,1.58868,1.58886,1.25,1.00
2018.05.08 03:33:24.090,1.58868,1.58886,1.69,1.00
2018.05.08 03:33:24.748,1.58868,1.58885,1.69,1.00
2018.05.08 03:33:25.698,1.58868,1.58886,1.69,1.00
2018.05.08 03:33:26.740,1.58868,1.58885,1.25,1.00
2018.05.08 03:33:26.963,1.58868,1.58885,1.37,1.00
2018.05.08 03:33:28.078,1.58869,1.58886,1.87,1.00
2018.05.08 03:33:29.928,1.58869,1.58887,1.87,1.69
2018.05.08 03:33:30.277,1.58869,1.58887,1.87,1.69
2018.05.08 03:33:30.842,1.58869,1.58886,1.87,1.00
2018.05.08 03:33:34.722,1.58869,1.58887,1.87,1.69
2018.05.08 03:33:35.279,1.58869,1.58887,1.87,1.69
2018.05.08 03:33:35.724,1.58869,1.58885,1.37,1.00
2018.05.08 03:33:36.532,1.58869,1.58885,1.37,1.00
2018.05.08 03:33:37.047,1.58869,1.58886,1.37,1.00
2018.05.08 03:33:37.895,1.58869,1.58887,1.37,1.69
2018.05.08 03:33:38.680,1.58869,1.58886,1.37,1.00
2018.05.08 03:33:39.213,1.58868,1.58887,1.69,1.69
2018.05.08 03:33:39.734,1.58868,1.58885,1.25,1.00
2018.05.08 03:33:40.673,1.58866,1.58886,3.37,1.69
2018.05.08 03:33:41.424,1.58866,1.58885,3.00,1.00
2018.05.08 03:33:41.984,1.58866,1.58886,2.81,1.69
2018.05.08 03:33:42.564,1.58866,1.58885,3.37,1.00
2018.05.08 03:33:43.090,1.58866,1.58884,3.75,1.00
2018.05.08 03:33:43.623,1.58866,1.58885,3.00,1.00
2018.05.08 03:33:44.205,1.58866,1.58884,2.81,1.00
2018.05.08 03:33:44.769,1.58866,1.58885,2.81,1.50
2018.05.08 03:33:45.432,1.58866,1.58884,3.00,1.00
2018.05.08 03:33:47.413,1.58867,1.58886,1.19,1.69
2018.05.08 03:33:47.965,1.58867,1.58884,1.19,1.00
2018.05.08 03:33:49.622,1.58867,1.58884,1.44,1.00
2018.05.08 03:33:50.951,1.58867,1.58885,1.44,1.00
2018.05.08 03:33:52.806,1.58871,1.58884,1.00,1.00
2018.05.08 03:33:53.177,1.58866,1.58882,1.87,1.00
2018.05.08 03:33:53.795,1.58866,1.58881,2.25,1.00
2018.05.08 03:33:54.228,1.58866,1.58881,2.25,1.00
2018.05.08 03:33:55.544,1.58866,1.58881,2.81,1.00
2018.05.08 03:33:56.051,1.58866,1.58882,2.44,1.00
2018.05.08 03:33:57.072,1.58866,1.58881,2.81,1.00
2018.05.08 03:33:57.236,1.58866,1.58883,2.44,1.00
2018.05.08 03:33:58.030,1.58866,1.58882,2.44,1.00
2018.05.08 03:34:00.064,1.58866,1.58882,3.00,1.00
2018.05.08 03:34:00.420,1.58866,1.58884,3.00,1.00
2018.05.08 03:34:01.139,1.58866,1.58885,2.62,1.00
2018.05.08 03:34:01.679,1.58866,1.58884,3.00,1.00
2018.05.08 03:34:02.330,1.58867,1.58885,1.00,1.00
2018.05.08 03:34:02.859,1.58866,1.58886,2.62,1.69
2018.05.08 03:34:05.389,1.58866,1.58885,3.00,1.00
2018.05.08 03:34:06.539,1.58866,1.58885,2.81,1.00
2018.05.08 03:34:08.196,1.58866,1.58886,2.44,1.69
2018.05.08 03:34:08.531,1.58866,1.58884,2.81,1.00
2018.05.08 03:34:08.904,1.58866,1.58886,2.44,1.69
2018.05.08 03:34:09.441,1.58866,1.58884,2.81,1.00
2018.05.08 03:34:10.120,1.58866,1.58885,2.81,1.00
2018.05.08 03:34:11.980,1.58866,1.58885,3.00,1.00
2018.05.08 03:34:12.490,1.58867,1.58886,1.00,1.69
2018.05.08 03:34:12.873,1.58867,1.58884,1.00,1.00
2018.05.08 03:34:13.969,1.58866,1.58884,2.25,1.00
2018.05.08 03:34:15.516,1.58866,1.58885,1.87,1.25
2018.05.08 03:34:15.822,1.58866,1.58883,1.37,1.25
2018.05.08 03:34:16.029,1.5886,1.5888,1.94,1.69
2018.05.08 03:34:16.146,1.5886,1.58879,1.75,1.19
2018.05.08 03:34:16.984,1.5886,1.58878,1.50,1.19
2018.05.08 03:34:20.566,1.58867,1.58878,1.00,1.19
2018.05.08 03:34:20.620,1.58871,1.58884,1.12,1.00
2018.05.08 03:34:20.673,1.58872,1.58892,1.87,2.06
2018.05.08 03:34:21.102,1.58872,1.58892,2.06,2.44
2018.05.08 03:34:22.920,1.58873,1.58892,1.00,1.19
2018.05.08 03:34:25.205,1.58872,1.58891,1.31,1.00
2018.05.08 03:34:25.868,1.58873,1.58892,1.87,1.25
2018.05.08 03:34:26.025,1.58874,1.58896,2.19,3.19
2018.05.08 03:34:26.365,1.58874,1.58895,2.00,1.19
2018.05.08 03:34:27.892,1.58875,1.58895,1.44,1.19
2018.05.08 03:34:27.944,1.58875,1.58896,1.69,2.06
2018.05.08 03:34:28.048,1.58876,1.58896,1.25,2.06
2018.05.08 03:34:28.203,1.58876,1.58896,2.06,2.06
2018.05.08 03:34:29.170,1.58875,1.58894,1.50,1.00
2018.05.08 03:34:29.328,1.58875,1.58894,1.12,1.25
2018.05.08 03:34:29.484,1.58874,1.58894,2.44,1.19
2018.05.08 03:34:30.100,1.58873,1.58893,2.25,1.19
2018.05.08 03:34:33.793,1.58873,1.58893,1.44,1.19
2018.05.08 03:34:34.963,1.58873,1.58893,1.12,1.19
2018.05.08 03:34:35.990,1.58873,1.58893,1.44,2.06
2018.05.08 03:34:36.253,1.5888,1.58899,3.56,1.00
2018.05.08 03:34:36.777,1.58879,1.589,3.56,1.19
2018.05.08 03:34:37.593,1.5888,1.589,1.87,1.69
2018.05.08 03:34:38.099,1.5888,1.589,1.87,1.19
2018.05.08 03:34:38.746,1.5888,1.589,1.50,1.69
2018.05.08 03:34:49.429,1.5888,1.589,1.69,1.69
2018.05.08 03:34:51.916,1.5888,1.589,1.44,1.69
2018.05.08 03:35:05.119,1.5888,1.589,1.50,1.69
2018.05.08 03:35:05.171,1.5888,1.589,1.50,1.69
2018.05.08 03:35:06.298,1.58878,1.58899,1.69,1.69
2018.05.08 03:35:06.850,1.58878,1.58899,1.12,1.19
2018.05.08 03:35:07.284,1.58877,1.58898,3.19,1.19
2018.05.08 03:35:07.337,1.58877,1.58896,1.25,1.69
2018.05.08 03:35:09.360,1.58875,1.58896,2.25,1.19
2018.05.08 03:35:09.864,1.58875,1.58896,2.25,1.19
2018.05.08 03:35:11.998,1.58877,1.58897,1.37,1.19
2018.05.08 03:35:13.196,1.58877,1.58896,1.50,1.19
2018.05.08 03:35:13.809,1.58877,1.58896,1.31,1.19
2018.05.08 03:35:15.728,1.58877,1.58895,1.87,1.19
2018.05.08 03:35:19.113,1.58877,1.58895,1.31,1.19
2018.05.08 03:35:22.387,1.58877,1.58895,1.50,1.19
2018.05.08 03:35:24.374,1.58878,1.58897,2.06,1.00
2018.05.08 03:35:24.427,1.58879,1.58899,1.13,1.00
2018.05.08 03:35:24.966,1.58881,1.58901,1.62,1.19
2018.05.08 03:35:26.215,1.5888,1.58901,3.19,1.19
2018.05.08 03:35:29.555,1.58884,1.58901,1.37,1.00
2018.05.08 03:35:30.073,1.58884,1.58902,1.37,1.00
2018.05.08 03:35:30.389,1.5888,1.58898,1.87,1.00
2018.05.08 03:35:30.494,1.5888,1.58896,1.00,1.00
2018.05.08 03:35:35.248,1.5888,1.58898,1.62,1.50
2018.05.08 03:35:35.301,1.58881,1.58901,3.56,1.00
2018.05.08 03:35:35.409,1.5888,1.589,1.50,1.19
2018.05.08 03:35:35.462,1.58879,1.589,2.06,1.25
2018.05.08 03:35:35.514,1.58875,1.58895,1.87,1.25
2018.05.08 03:35:35.567,1.58874,1.58894,2.62,1.31
2018.05.08 03:35:35.620,1.58873,1.58892,1.31,1.19
2018.05.08 03:35:36.300,1.58871,1.58892,1.31,1.31
2018.05.08 03:35:36.612,1.58871,1.5889,1.31,1.00
2018.05.08 03:35:37.530,1.58871,1.5889,1.87,1.00
2018.05.08 03:35:38.026,1.58872,1.5889,1.44,1.19
2018.05.08 03:35:38.078,1.58871,1.5889,2.06,1.69
2018.05.08 03:35:38.749,1.58869,1.58888,2.44,1.25
2018.05.08 03:35:39.678,1.58869,1.58889,2.06,1.69
2018.05.08 03:35:40.269,1.58868,1.58887,2.06,1.00
2018.05.08 03:35:44.504,1.58871,1.58889,1.50,1.19
2018.05.08 03:35:44.643,1.58871,1.58889,1.75,1.19
2018.05.08 03:35:45.253,1.5887,1.58888,2.25,1.00
2018.05.08 03:35:54.917,1.5887,1.5889,1.81,1.25
2018.05.08 03:35:56.576,1.5887,1.5889,2.63,1.25
2018.05.08 03:35:57.106,1.5887,1.58889,2.63,1.00
2018.05.08 03:36:00.304,1.58871,1.58889,2.44,1.00
2018.05.08 03:36:00.818,1.58872,1.58889,1.69,1.00
2018.05.08 03:36:01.674,1.58871,1.58889,1.13,1.00
2018.05.08 03:36:02.835,1.5887,1.58888,3.56,1.00
2018.05.08 03:36:03.362,1.5887,1.58887,3.56,1.00
2018.05.08 03:36:03.414,1.5887,1.58889,3.19,1.00
2018.05.08 03:36:07.052,1.5887,1.58889,2.44,1.00
2018.05.08 03:36:08.846,1.58872,1.5889,2.06,1.00
2018.05.08 03:36:09.271,1.58872,1.58892,1.31,1.50
2018.05.08 03:36:09.551,1.58872,1.5889,1.75,1.00
2018.05.08 03:36:09.892,1.58885,1.58896,1.00,1.00
2018.05.08 03:36:09.996,1.58881,1.58896,1.25,1.25
2018.05.08 03:36:11.845,1.58877,1.58896,3.19,1.69
2018.05.08 03:36:13.628,1.58877,1.58895,3.19,1.00
2018.05.08 03:36:14.173,1.58877,1.58896,2.81,1.69
2018.05.08 03:36:14.896,1.58877,1.58896,2.81,1.69
2018.05.08 03:36:17.146,1.58877,1.58896,2.44,1.00
2018.05.08 03:36:17.198,1.58877,1.58892,1.87,1.00
2018.05.08 03:36:17.354,1.58873,1.58891,1.31,1.19
2018.05.08 03:36:17.458,1.58872,1.58887,1.44,1.00
2018.05.08 03:36:18.462,1.5887,1.58887,3.19,1.00
2018.05.08 03:36:19.562,1.58869,1.58886,3.56,1.00
2018.05.08 03:36:20.844,1.58869,1.58885,2.44,1.00
2018.05.08 03:36:21.384,1.58869,1.58886,2.25,1.00
2018.05.08 03:36:25.812,1.58869,1.58886,2.25,1.00
2018.05.08 03:36:26.326,1.58869,1.58886,2.44,1.00
2018.05.08 03:36:27.392,1.58869,1.58887,2.25,1.50
2018.05.08 03:36:27.807,1.58871,1.58887,1.50,1.00
2018.05.08 03:36:27.909,1.58873,1.5889,1.19,1.00
2018.05.08 03:36:28.452,1.58873,1.58891,1.87,1.00
2018.05.08 03:36:29.196,1.58873,1.5889,1.87,1.00
2018.05.08 03:36:29.249,1.58874,1.5889,1.37,1.00
2018.05.08 03:36:29.770,1.58874,1.58891,1.37,1.00
2018.05.08 03:36:30.380,1.58874,1.5889,1.37,1.00
2018.05.08 03:36:30.774,1.58874,1.58892,1.75,1.25
2018.05.08 03:36:31.317,1.58874,1.58891,2.00,1.00
2018.05.08 03:36:33.718,1.58874,1.58891,1.75,1.00
2018.05.08 03:36:34.232,1.58874,1.58892,1.75,1.25
2018.05.08 03:36:34.808,1.58874,1.58891,1.75,1.00
2018.05.08 03:36:35.460,1.58874,1.58892,1.75,1.25
2018.05.08 03:36:36.176,1.58874,1.58891,1.87,1.00
2018.05.08 03:36:36.281,1.58872,1.58891,1.69,1.19
2018.05.08 03:36:36.880,1.58872,1.58891,1.69,1.19
2018.05.08 03:36:43.046,1.58869,1.58887,1.75,1.50
2018.05.08 03:36:43.368,1.58866,1.58883,1.37,1.00
2018.05.08 03:36:43.421,1.58867,1.58882,1.25,1.00
2018.05.08 03:36:43.475,1.58863,1.58879,1.00,1.87
2018.05.08 03:36:43.791,1.58861,1.58875,1.12,1.00
2018.05.08 03:36:44.105,1.58859,1.58877,3.00,1.50
2018.05.08 03:36:44.363,1.5886,1.58877,2.06,1.00
2018.05.08 03:36:44.888,1.5886,1.58878,2.25,1.00
2018.05.08 03:36:45.233,1.58862,1.58882,3.75,1.25
2018.05.08 03:36:45.285,1.58865,1.58881,1.50,1.00
2018.05.08 03:36:45.338,1.58867,1.58886,2.25,1.50
2018.05.08 03:36:45.930,1.58867,1.58884,1.37,1.50
2018.05.08 03:36:46.520,1.58866,1.58884,2.19,1.50
2018.05.08 03:36:46.958,1.58869,1.58885,1.62,1.50
2018.05.08 03:36:47.466,1.58869,1.58884,1.62,1.00
2018.05.08 03:36:47.548,1.58867,1.58885,1.31,1.50
2018.05.08 03:36:48.031,1.58867,1.58885,1.62,1.50
2018.05.08 03:36:48.572,1.58867,1.58884,1.50,1.00
2018.05.08 03:36:49.095,1.58867,1.58885,1.62,1.50
2018.05.08 03:36:50.195,1.58867,1.58884,1.69,1.00
2018.05.08 03:36:50.710,1.58867,1.58885,1.62,1.50
2018.05.08 03:36:51.350,1.58867,1.58884,1.69,1.00
2018.05.08 03:36:52.048,1.58867,1.58885,2.44,2.25
2018.05.08 03:36:52.226,1.58876,1.58893,1.25,1.00
2018.05.08 03:36:52.278,1.58876,1.58894,1.31,1.00
2018.05.08 03:36:52.432,1.58876,1.58896,1.50,1.25
2018.05.08 03:36:53.124,1.58876,1.58895,2.25,1.00
2018.05.08 03:36:53.642,1.58876,1.58896,1.50,1.69
2018.05.08 03:36:54.185,1.58876,1.58896,2.25,2.44
2018.05.08 03:37:02.307,1.58878,1.58896,1.37,1.00
2018.05.08 03:37:02.844,1.58877,1.58897,2.25,1.00
