2008.08.08 05:00:00.150,1.7011,1.70165,9.70,2.10
2008.08.08 05:00:02.164,1.7011,1.7016,6.40,3.20
2008.08.08 05:00:02.305,1.7011,1.7016,6.40,4.30
2008.08.08 05:00:02.443,1.7011,1.7016,6.40,6.40
2008.08.08 05:00:02.578,1.7011,1.7014,5.40,3.20
2008.08.08 05:00:03.105,1.7011,1.70155,1.00,2.10
2008.08.08 05:00:03.669,1.7011,1.7016,1.00,7.10
2008.08.08 05:00:06.324,1.701,1.7016,6.40,9.30
2008.08.08 05:00:06.593,1.70105,1.70155,5.40,2.10
2008.08.08 05:00:06.812,1.701,1.70155,6.40,2.10
2008.08.08 05:00:07.584,1.701,1.70155,9.70,2.10
2008.08.08 05:00:07.974,1.7011,1.70155,1.00,2.10
2008.08.08 05:00:08.178,1.7011,1.7016,1.00,7.10
2008.08.08 05:00:11.070,1.7011,1.70155,1.00,2.10
2008.08.08 05:00:11.360,1.7011,1.7016,1.00,12.50
2008.08.08 05:00:11.512,1.7011,1.7016,1.00,7.10
2008.08.08 05:00:12.362,1.7011,1.7016,1.00,9.30
2008.08.08 05:00:13.514,1.70105,1.7016,5.40,9.30
2008.08.08 05:00:13.766,1.70105,1.70155,5.40,2.10
2008.08.08 05:00:14.180,1.701,1.7015,5.40,2.10
2008.08.08 05:00:14.778,1.70095,1.7015,5.40,2.10
2008.08.08 05:00:15.301,1.70095,1.7015,5.40,6.40
2008.08.08 05:00:15.640,1.70095,1.70145,5.40,2.10
2008.08.08 05:00:15.810,1.7009,1.70145,5.40,2.10
2008.08.08 05:00:17.997,1.7009,1.7013,5.40,1.00
2008.08.08 05:00:18.492,1.7009,1.7013,5.40,4.30
2008.08.08 05:00:18.742,1.70085,1.7013,5.40,4.30
2008.08.08 05:00:21.400,1.70085,1.7013,5.40,7.10
2008.08.08 05:00:21.539,1.70075,1.70125,5.40,2.10
2008.08.08 05:00:21.678,1.7007,1.70125,7.20,2.10
2008.08.08 05:00:22.359,1.7007,1.7012,7.20,3.20
2008.08.08 05:00:23.019,1.7007,1.7012,7.20,5.40
2008.08.08 05:00:23.169,1.7007,1.7011,6.20,1.00
2008.08.08 05:00:23.697,1.7007,1.701,6.20,4.30
2008.08.08 05:00:24.009,1.70065,1.701,5.40,4.30
2008.08.08 05:00:24.318,1.7006,1.701,5.40,4.30
2008.08.08 05:00:25.026,1.7007,1.701,1.00,4.30
2008.08.08 05:00:25.458,1.7007,1.701,1.00,1.00
2008.08.08 05:00:25.661,1.7007,1.7011,5.40,4.90
2008.08.08 05:00:26.029,1.7005,1.70105,5.40,2.10
2008.08.08 05:00:26.667,1.7005,1.701,5.40,2.10
2008.08.08 05:00:26.769,1.70045,1.701,5.40,2.10
2008.08.08 05:00:28.944,1.7005,1.701,1.00,2.10
2008.08.08 05:00:29.148,1.7005,1.70105,1.80,7.50
2008.08.08 05:00:29.356,1.7005,1.70105,7.20,2.10
2008.08.08 05:00:32.208,1.7005,1.701,7.20,4.30
2008.08.08 05:00:32.288,1.7005,1.701,1.80,6.40
2008.08.08 05:00:32.617,1.7005,1.701,1.00,7.10
2008.08.08 05:00:32.778,1.7005,1.701,1.00,2.80
2008.08.08 05:00:33.203,1.7005,1.7009,1.00,4.30
2008.08.08 05:00:33.547,1.7005,1.70105,7.20,2.10
2008.08.08 05:00:33.897,1.7005,1.7009,7.20,3.20
2008.08.08 05:00:34.249,1.7005,1.7008,5.40,1.00
2008.08.08 05:00:34.682,1.7004,1.70095,7.20,2.10
2008.08.08 05:00:34.894,1.7005,1.70095,1.00,2.10
2008.08.08 05:00:35.120,1.7005,1.701,1.00,12.50
2008.08.08 05:00:35.278,1.7005,1.701,1.00,7.10
2008.08.08 05:00:35.437,1.7005,1.701,1.00,3.90
2008.08.08 05:00:35.597,1.70045,1.701,5.40,2.80
2008.08.08 05:00:35.757,1.7005,1.701,1.00,2.10
2008.08.08 05:00:35.918,1.7005,1.70105,1.00,7.50
2008.08.08 05:00:36.086,1.7005,1.70105,6.40,2.10
2008.08.08 05:00:36.408,1.70055,1.70105,5.40,2.10
2008.08.08 05:00:36.724,1.70055,1.7011,5.40,3.90
2008.08.08 05:00:38.078,1.70055,1.701,5.40,3.20
2008.08.08 05:00:38.215,1.70055,1.701,5.40,4.30
2008.08.08 05:00:38.953,1.70055,1.701,5.40,7.10
2008.08.08 05:00:39.300,1.70045,1.701,5.40,3.90
2008.08.08 05:00:40.295,1.7005,1.701,1.00,7.10
2008.08.08 05:00:40.545,1.7005,1.701,1.00,4.90
2008.08.08 05:00:40.734,1.7005,1.701,6.40,4.90
2008.08.08 05:00:42.165,1.7005,1.7009,6.40,3.20
2008.08.08 05:00:42.352,1.7005,1.7009,5.40,4.30
2008.08.08 05:00:42.480,1.7005,1.7008,5.40,1.00
2008.08.08 05:00:42.936,1.7004,1.7009,1.80,6.40
2008.08.08 05:00:43.291,1.7004,1.70095,1.80,5.40
2008.08.08 05:00:43.977,1.70045,1.701,5.40,2.10
2008.08.08 05:00:44.195,1.70045,1.70105,5.40,7.50
2008.08.08 05:00:44.414,1.7005,1.701,5.40,2.10
2008.08.08 05:00:44.635,1.70045,1.701,5.40,2.10
2008.08.08 05:00:46.875,1.70045,1.701,5.40,3.20
2008.08.08 05:00:47.036,1.70045,1.70095,5.40,2.10
2008.08.08 05:00:47.374,1.7004,1.70095,7.20,2.10
2008.08.08 05:00:49.549,1.7004,1.7009,7.20,4.30
2008.08.08 05:00:49.706,1.7004,1.7009,7.20,6.40
2008.08.08 05:00:50.022,1.7004,1.7009,7.20,2.10
2008.08.08 05:00:50.173,1.7004,1.70095,1.80,7.50
2008.08.08 05:00:50.322,1.7004,1.70095,7.20,2.10
2008.08.08 05:00:52.350,1.7004,1.7009,7.20,1.00
2008.08.08 05:00:52.866,1.70045,1.7009,5.40,1.00
2008.08.08 05:00:55.037,1.7004,1.7009,7.20,1.00
2008.08.08 05:00:55.606,1.7004,1.7009,7.20,4.30
2008.08.08 05:00:55.990,1.7004,1.7009,7.20,6.40
2008.08.08 05:00:56.262,1.7004,1.7009,1.80,6.40
2008.08.08 05:00:57.366,1.7004,1.7009,1.80,7.50
2008.08.08 05:00:57.534,1.7004,1.7009,1.80,9.70
2008.08.08 05:00:57.696,1.7004,1.7009,1.80,8.60
2008.08.08 05:00:57.868,1.7004,1.7009,1.80,6.40
2008.08.08 05:00:58.730,1.7004,1.7009,1.80,3.20
2008.08.08 05:00:58.991,1.7004,1.7009,1.80,1.00
2008.08.08 05:00:59.400,1.7005,1.7009,5.40,1.00
2008.08.08 05:01:00.467,1.70055,1.7009,5.40,1.00
2008.08.08 05:01:00.786,1.70045,1.7009,5.40,1.00
2008.08.08 05:01:01.005,1.7004,1.7009,7.20,1.00
2008.08.08 05:01:02.810,1.7005,1.7009,5.40,1.00
2008.08.08 05:01:03.123,1.70055,1.701,5.40,1.70
2008.08.08 05:01:05.591,1.70055,1.7008,5.40,1.00
2008.08.08 05:01:05.880,1.7004,1.7008,5.40,1.00
2008.08.08 05:01:06.829,1.70035,1.7008,5.40,1.00
2008.08.08 05:01:07.172,1.70035,1.7008,5.40,1.70
2008.08.08 05:01:07.232,1.70035,1.7008,5.40,3.90
2008.08.08 05:01:07.412,1.70035,1.7007,5.40,1.00
2008.08.08 05:01:07.767,1.70035,1.7006,5.40,3.20
2008.08.08 05:01:08.010,1.7002,1.7006,1.80,3.20
2008.08.08 05:01:09.250,1.7002,1.7007,1.80,3.20
2008.08.08 05:01:09.500,1.7004,1.70075,1.00,5.40
2008.08.08 05:01:09.767,1.7003,1.7007,1.00,3.20
2008.08.08 05:01:09.944,1.70035,1.7007,5.40,3.20
2008.08.08 05:01:10.035,1.7003,1.7007,6.40,3.20
2008.08.08 05:01:10.377,1.7003,1.7007,6.40,3.90
2008.08.08 05:01:11.495,1.7003,1.7008,9.70,3.90
2008.08.08 05:01:11.687,1.7003,1.7008,9.70,1.70
2008.08.08 05:01:12.559,1.7003,1.7008,5.40,1.70
2008.08.08 05:01:13.046,1.7003,1.7008,5.40,3.90
2008.08.08 05:01:13.317,1.70025,1.7008,5.40,3.90
2008.08.08 05:01:14.466,1.70025,1.70075,5.40,2.10
2008.08.08 05:01:14.667,1.70025,1.7007,5.40,1.00
2008.08.08 05:01:14.869,1.7002,1.7007,6.40,1.00
2008.08.08 05:01:15.068,1.7002,1.7006,6.40,3.20
2008.08.08 05:01:15.237,1.7002,1.7006,1.00,3.20
2008.08.08 05:01:15.407,1.7002,1.70065,1.00,2.10
2008.08.08 05:01:15.955,1.7002,1.7007,1.00,3.90
2008.08.08 05:01:18.823,1.7002,1.7006,1.00,1.00
2008.08.08 05:01:18.952,1.70015,1.7005,5.40,1.70
2008.08.08 05:01:19.283,1.7001,1.7005,1.00,1.00
2008.08.08 05:01:19.636,1.7002,1.7007,1.00,4.90
2008.08.08 05:01:20.032,1.7003,1.7007,1.00,1.00
2008.08.08 05:01:20.129,1.7002,1.7005,5.40,1.00
2008.08.08 05:01:20.462,1.70035,1.7005,5.40,1.00
2008.08.08 05:01:20.925,1.7002,1.7005,5.40,1.00
2008.08.08 05:01:21.067,1.7002,1.7004,5.40,1.00
2008.08.08 05:01:21.698,1.7001,1.7004,1.00,1.00
2008.08.08 05:01:22.043,1.7001,1.7004,5.40,1.00
2008.08.08 05:01:22.254,1.70005,1.7004,5.40,1.00
2008.08.08 05:01:22.791,1.7001,1.7004,5.40,1.00
2008.08.08 05:01:23.225,1.70005,1.7004,5.40,1.00
2008.08.08 05:01:23.461,1.70005,1.7004,5.40,1.70
2008.08.08 05:01:24.555,1.7001,1.7004,4.30,1.00
2008.08.08 05:01:24.795,1.7001,1.7006,4.30,1.70
2008.08.08 05:01:25.039,1.7003,1.7006,3.20,1.00
2008.08.08 05:01:25.275,1.70035,1.7006,5.40,1.00
2008.08.08 05:01:25.849,1.7003,1.7006,8.60,1.00
2008.08.08 05:01:26.975,1.7003,1.7006,5.40,1.00
2008.08.08 05:01:27.178,1.7003,1.7006,8.60,1.00
2008.08.08 05:01:27.304,1.7003,1.7006,3.20,1.00
2008.08.08 05:01:27.794,1.7003,1.7006,8.60,1.00
2008.08.08 05:01:28.226,1.7003,1.7006,5.40,1.00
2008.08.08 05:01:28.654,1.7002,1.7006,5.40,1.00
2008.08.08 05:01:32.654,1.7002,1.7005,5.40,1.00
2008.08.08 05:01:33.192,1.70025,1.7005,5.40,1.00
2008.08.08 05:01:33.592,1.7002,1.7005,5.40,1.00
2008.08.08 05:01:34.923,1.7,1.7005,3.20,1.00
2008.08.08 05:01:35.053,1.7,1.7005,1.00,1.00
2008.08.08 05:01:35.184,1.6999,1.7004,2.90,1.00
2008.08.08 05:01:35.551,1.6998,1.7005,4.30,1.70
2008.08.08 05:01:35.683,1.6998,1.7005,6.40,1.70
2008.08.08 05:01:35.906,1.6998,1.7005,6.40,1.00
2008.08.08 05:01:37.013,1.6999,1.7005,3.20,1.00
2008.08.08 05:01:37.251,1.6999,1.7005,4.00,1.00
2008.08.08 05:01:37.408,1.7001,1.70055,1.00,2.10
2008.08.08 05:01:37.602,1.7001,1.7006,1.00,6.40
2008.08.08 05:01:37.682,1.7001,1.7006,1.00,11.80
2008.08.08 05:01:37.962,1.7001,1.7006,1.00,6.40
2008.08.08 05:01:38.240,1.7001,1.7006,6.40,4.30
2008.08.08 05:01:39.773,1.70015,1.7006,5.40,4.30
2008.08.08 05:01:41.107,1.7002,1.7006,5.40,4.30
2008.08.08 05:01:42.818,1.7001,1.7006,1.00,4.30
2008.08.08 05:01:46.249,1.7001,1.7006,1.00,6.40
2008.08.08 05:01:46.790,1.7001,1.7005,1.00,1.00
2008.08.08 05:01:46.937,1.70015,1.7005,5.40,1.00
2008.08.08 05:01:48.394,1.7002,1.7007,1.00,9.30
2008.08.08 05:01:48.593,1.70025,1.7007,5.40,9.30
2008.08.08 05:01:48.780,1.70025,1.7008,5.40,6.00
2008.08.08 05:01:49.140,1.7002,1.7008,1.00,9.30
2008.08.08 05:01:49.380,1.70035,1.7006,5.40,4.30
2008.08.08 05:01:49.560,1.7003,1.7006,5.40,4.30
2008.08.08 05:01:49.883,1.7003,1.7005,5.40,1.00
2008.08.08 05:01:50.209,1.7002,1.7005,5.40,1.00
2008.08.08 05:01:51.579,1.7002,1.7005,5.40,1.70
2008.08.08 05:01:51.839,1.7002,1.7005,5.40,1.00
2008.08.08 05:01:51.972,1.70015,1.7005,5.40,1.00
2008.08.08 05:01:52.496,1.7002,1.7005,5.40,1.00
2008.08.08 05:01:52.731,1.7002,1.7006,5.40,4.30
2008.08.08 05:01:53.148,1.70025,1.7006,5.40,4.30
2008.08.08 05:01:53.562,1.7001,1.7006,1.80,4.30
2008.08.08 05:01:53.777,1.7001,1.7006,1.00,4.30
2008.08.08 05:01:54.513,1.7001,1.7007,1.80,1.00
2008.08.08 05:01:55.047,1.7001,1.7008,1.80,7.10
2008.08.08 05:01:55.148,1.7001,1.7008,1.80,6.40
2008.08.08 05:01:55.422,1.7001,1.7008,1.80,4.30
2008.08.08 05:01:55.618,1.70025,1.7008,5.40,4.30
2008.08.08 05:01:57.028,1.70035,1.7007,5.40,1.00
2008.08.08 05:01:57.532,1.7003,1.7007,5.40,1.00
2008.08.08 05:02:00.051,1.7003,1.7006,5.40,4.30
2008.08.08 05:02:00.286,1.70025,1.7006,5.40,4.30
2008.08.08 05:02:00.751,1.70025,1.7007,5.40,1.00
2008.08.08 05:02:00.921,1.7003,1.7007,5.40,1.00
2008.08.08 05:02:01.615,1.70035,1.7007,5.40,1.00
2008.08.08 05:02:08.385,1.70035,1.7008,5.40,4.90
2008.08.08 05:02:08.671,1.70035,1.7008,5.40,1.00
2008.08.08 05:02:08.844,1.7003,1.7008,3.20,1.00
2008.08.08 05:02:09.019,1.7005,1.7008,5.40,1.00
2008.08.08 05:02:09.705,1.70045,1.7008,5.40,1.00
2008.08.08 05:02:10.413,1.70045,1.7007,5.40,4.30
2008.08.08 05:02:11.124,1.7004,1.7007,5.40,4.30
2008.08.08 05:02:11.507,1.7004,1.7007,5.40,1.00
2008.08.08 05:02:12.208,1.7004,1.7008,5.40,1.00
2008.08.08 05:02:12.402,1.7002,1.7008,1.80,1.00
2008.08.08 05:02:13.963,1.7003,1.7008,4.30,1.00
2008.08.08 05:02:14.231,1.70045,1.7008,5.40,1.00
2008.08.08 05:02:17.271,1.7005,1.7009,5.40,1.00
2008.08.08 05:02:17.397,1.7005,1.701,5.40,4.30
2008.08.08 05:02:17.542,1.7006,1.701,5.40,4.30
2008.08.08 05:02:18.332,1.70065,1.701,5.40,4.30
2008.08.08 05:02:20.426,1.70065,1.7009,5.40,1.00
2008.08.08 05:02:20.981,1.7006,1.7009,5.40,1.00
2008.08.08 05:02:22.202,1.7006,1.701,8.60,1.00
2008.08.08 05:02:22.591,1.70065,1.701,5.40,1.00
2008.08.08 05:02:24.433,1.70065,1.7009,5.40,1.00
2008.08.08 05:02:24.980,1.7006,1.7009,5.40,1.00
2008.08.08 05:02:27.240,1.7006,1.701,5.40,4.30
2008.08.08 05:02:27.552,1.70065,1.701,5.40,1.00
2008.08.08 05:02:28.102,1.7007,1.701,5.40,1.00
2008.08.08 05:02:29.390,1.70065,1.701,5.40,1.00
2008.08.08 05:02:29.610,1.70065,1.701,5.40,1.70
2008.08.08 05:02:31.261,1.70065,1.7009,5.40,1.00
2008.08.08 05:02:31.569,1.70055,1.7009,5.40,1.00
2008.08.08 05:02:31.718,1.7006,1.701,1.00,1.00
2008.08.08 05:02:32.086,1.7006,1.701,6.40,1.00
2008.08.08 05:02:32.288,1.7007,1.701,5.40,1.00
2008.08.08 05:02:32.608,1.7007,1.701,5.40,2.80
2008.08.08 05:02:32.768,1.7007,1.701,5.40,3.90
2008.08.08 05:02:32.848,1.7005,1.701,5.40,3.90
2008.08.08 05:02:33.021,1.7005,1.7008,5.40,1.70
2008.08.08 05:02:33.346,1.7004,1.7008,5.40,1.70
2008.08.08 05:02:36.447,1.7004,1.7008,5.40,3.90
2008.08.08 05:02:36.496,1.7003,1.7008,5.40,3.90
2008.08.08 05:02:37.144,1.7003,1.7006,5.40,1.00
2008.08.08 05:02:37.647,1.7003,1.7006,5.40,1.70
2008.08.08 05:02:38.056,1.7002,1.7006,5.40,1.70
2008.08.08 05:02:42.150,1.7002,1.7005,5.40,4.30
2008.08.08 05:02:42.435,1.7001,1.7005,5.40,4.30
2008.08.08 05:02:44.172,1.7001,1.7004,5.40,1.00
2008.08.08 05:02:45.025,1.70005,1.7004,5.40,1.00
2008.08.08 05:02:50.077,1.70005,1.7005,5.40,4.30
2008.08.08 05:02:50.264,1.7001,1.7005,5.40,4.30
2008.08.08 05:02:50.493,1.70015,1.7005,5.40,4.30
2008.08.08 05:02:57.379,1.70015,1.7005,5.40,1.00
2008.08.08 05:03:04.836,1.70015,1.7006,5.40,3.90
2008.08.08 05:03:05.012,1.70015,1.7006,5.40,1.70
2008.08.08 05:03:05.181,1.7003,1.7008,1.00,11.40
2008.08.08 05:03:05.350,1.7003,1.7008,6.40,3.90
2008.08.08 05:03:05.520,1.7004,1.7008,5.40,1.70
2008.08.08 05:03:05.899,1.7004,1.7008,5.40,1.00
2008.08.08 05:03:06.119,1.7004,1.7009,5.40,2.10
2008.08.08 05:03:06.338,1.7004,1.701,5.40,9.30
2008.08.08 05:03:06.558,1.7005,1.701,5.40,3.90
2008.08.08 05:03:07.603,1.7005,1.701,6.40,3.90
2008.08.08 05:03:07.919,1.7005,1.701,6.40,1.70
2008.08.08 05:03:07.988,1.7006,1.701,5.40,1.70
2008.08.08 05:03:08.289,1.7006,1.7008,5.40,1.00
2008.08.08 05:03:08.493,1.7006,1.7008,5.40,3.20
2008.08.08 05:03:08.689,1.7004,1.7008,5.40,3.90
2008.08.08 05:03:08.889,1.7003,1.7008,6.40,3.90
2008.08.08 05:03:11.289,1.7003,1.7007,6.40,1.00
2008.08.08 05:03:11.485,1.7003,1.7007,5.40,1.70
2008.08.08 05:03:11.649,1.70025,1.7007,5.40,1.70
2008.08.08 05:03:12.061,1.7003,1.7007,1.00,1.00
2008.08.08 05:03:12.160,1.7003,1.7008,1.00,3.90
2008.08.08 05:03:12.619,1.70035,1.7008,5.40,3.90
2008.08.08 05:03:12.752,1.7003,1.7008,6.40,3.90
2008.08.08 05:03:16.568,1.70035,1.7008,5.40,3.90
2008.08.08 05:03:17.521,1.7004,1.7008,5.40,3.90
2008.08.08 05:03:17.833,1.7004,1.7008,5.40,1.70
2008.08.08 05:03:18.717,1.7004,1.7008,5.40,1.00
2008.08.08 05:03:18.860,1.7004,1.7009,6.40,3.90
2008.08.08 05:03:18.996,1.7004,1.7009,6.40,1.70
2008.08.08 05:03:19.142,1.7005,1.7008,5.40,1.00
2008.08.08 05:03:19.419,1.70055,1.7008,5.40,1.00
2008.08.08 05:03:19.767,1.70045,1.7008,5.40,1.00
2008.08.08 05:03:20.117,1.7005,1.7008,5.40,1.00
2008.08.08 05:03:21.567,1.7005,1.7007,5.40,1.00
2008.08.08 05:03:22.137,1.70045,1.7007,5.40,1.00
2008.08.08 05:03:31.646,1.70045,1.7007,5.40,1.70
2008.08.08 05:03:31.877,1.70045,1.7005,5.40,1.00
2008.08.08 05:03:32.008,1.70025,1.70065,5.40,2.10
2008.08.08 05:03:32.134,1.70025,1.7007,5.40,1.70
2008.08.08 05:03:32.467,1.70025,1.7005,5.40,1.00
2008.08.08 05:03:32.793,1.70015,1.7005,5.40,1.00
2008.08.08 05:03:33.049,1.70015,1.7005,5.40,1.70
2008.08.08 05:03:33.414,1.70015,1.7004,5.40,1.00
2008.08.08 05:03:33.826,1.70005,1.7004,5.40,1.00
2008.08.08 05:03:34.034,1.70005,1.7004,5.40,1.70
2008.08.08 05:03:34.644,1.70005,1.7006,5.40,1.70
2008.08.08 05:03:34.855,1.70015,1.7006,5.40,1.00
2008.08.08 05:03:35.073,1.70015,1.70065,5.40,2.10
2008.08.08 05:03:35.288,1.7003,1.7007,5.40,1.70
2008.08.08 05:03:36.022,1.7003,1.7007,5.40,1.00
2008.08.08 05:03:36.271,1.7004,1.7007,5.40,1.00
2008.08.08 05:03:38.214,1.70045,1.7007,5.40,1.00
2008.08.08 05:03:42.747,1.70045,1.7008,5.40,1.00
2008.08.08 05:03:43.320,1.7005,1.7008,5.40,1.00
2008.08.08 05:03:47.401,1.7005,1.7007,5.40,1.00
2008.08.08 05:03:47.512,1.70045,1.7007,5.40,1.00
2008.08.08 05:03:49.565,1.70045,1.7008,5.40,1.00
2008.08.08 05:03:50.599,1.7005,1.7008,5.40,1.00
2008.08.08 05:04:00.270,1.7004,1.7008,5.40,1.70
2008.08.08 05:04:01.527,1.7005,1.7008,5.40,1.70
2008.08.08 05:04:02.487,1.70045,1.7008,5.40,1.70
2008.08.08 05:04:06.060,1.7005,1.7008,5.40,1.00
2008.08.08 05:04:06.233,1.7005,1.7009,5.40,1.70
2008.08.08 05:04:07.086,1.70055,1.7009,5.40,1.00
2008.08.08 05:04:09.106,1.70055,1.7009,5.40,1.70
2008.08.08 05:04:13.364,1.70045,1.7009,5.40,1.70
2008.08.08 05:04:13.845,1.70045,1.70085,5.40,2.10
2008.08.08 05:04:13.975,1.70035,1.70085,5.40,2.10
2008.08.08 05:04:14.244,1.70035,1.7008,5.40,1.00
2008.08.08 05:04:14.423,1.70035,1.7008,5.40,1.70
2008.08.08 05:04:14.538,1.70035,1.7008,5.40,1.00
2008.08.08 05:04:14.653,1.70035,1.7008,5.40,2.80
2008.08.08 05:04:14.717,1.70035,1.70065,5.40,2.10
2008.08.08 05:04:15.066,1.7003,1.70065,1.00,2.10
2008.08.08 05:04:15.405,1.7003,1.70085,1.00,5.40
2008.08.08 05:04:15.770,1.7004,1.7009,5.40,3.20
2008.08.08 05:04:15.952,1.7004,1.7009,5.40,3.90
2008.08.08 05:04:16.657,1.7005,1.7009,1.00,2.80
2008.08.08 05:04:16.856,1.7004,1.7009,6.40,1.70
2008.08.08 05:04:16.943,1.7004,1.7009,6.40,1.00
2008.08.08 05:04:17.113,1.7005,1.7009,6.40,1.00
2008.08.08 05:04:17.793,1.7005,1.7009,1.00,1.00
2008.08.08 05:04:18.402,1.70045,1.7008,5.40,1.00
2008.08.08 05:04:18.832,1.7004,1.7009,6.40,6.00
2008.08.08 05:04:19.136,1.7004,1.7008,5.40,1.00
2008.08.08 05:04:19.582,1.70045,1.7008,5.40,1.00
2008.08.08 05:04:19.803,1.7003,1.7008,1.00,4.30
2008.08.08 05:04:19.890,1.7001,1.7008,6.40,4.90
2008.08.08 05:04:20.343,1.7001,1.7008,6.40,3.90
2008.08.08 05:04:20.692,1.7003,1.7008,5.40,3.90
2008.08.08 05:04:21.439,1.7003,1.7006,5.40,1.00
2008.08.08 05:04:21.654,1.7001,1.7006,4.30,1.00
2008.08.08 05:04:21.861,1.70025,1.7006,5.40,1.00
2008.08.08 05:04:22.072,1.70025,1.7006,5.40,1.70
2008.08.08 05:04:22.771,1.70035,1.7006,5.40,1.70
2008.08.08 05:04:23.083,1.70035,1.7006,5.40,1.00
2008.08.08 05:04:23.194,1.70035,1.7006,5.40,1.70
2008.08.08 05:04:23.422,1.7003,1.7006,5.40,1.70
2008.08.08 05:04:23.652,1.7002,1.7006,5.40,1.70
2008.08.08 05:04:25.032,1.7002,1.7006,6.40,1.00
2008.08.08 05:04:25.262,1.7002,1.7006,5.40,1.70
2008.08.08 05:04:25.394,1.7003,1.7006,5.40,1.70
2008.08.08 05:04:25.513,1.70025,1.7006,5.40,1.70
2008.08.08 05:04:25.742,1.70025,1.7005,5.40,1.00
2008.08.08 05:04:26.005,1.70015,1.7005,5.40,1.00
2008.08.08 05:04:27.422,1.70015,1.7004,5.40,1.00
2008.08.08 05:04:27.572,1.70015,1.7006,5.40,1.70
2008.08.08 05:04:27.722,1.7002,1.7006,3.20,1.00
2008.08.08 05:04:28.109,1.7002,1.7006,8.60,1.00
2008.08.08 05:04:28.601,1.70025,1.7006,5.40,1.00
2008.08.08 05:04:28.849,1.7002,1.7006,3.20,1.00
2008.08.08 05:04:29.590,1.7002,1.7006,5.40,1.00
2008.08.08 05:04:29.872,1.70015,1.7006,5.40,1.70
2008.08.08 05:04:30.329,1.70015,1.7005,5.40,1.00
2008.08.08 05:04:30.543,1.7001,1.7006,7.20,3.20
2008.08.08 05:04:30.949,1.7001,1.7005,7.20,2.10
2008.08.08 05:04:31.197,1.7001,1.70055,1.80,2.10
2008.08.08 05:04:31.429,1.7001,1.7006,1.80,3.20
2008.08.08 05:04:31.669,1.7001,1.7006,7.20,3.20
2008.08.08 05:04:34.450,1.7001,1.7004,5.40,1.00
2008.08.08 05:04:34.820,1.70005,1.7004,5.40,1.00
2008.08.08 05:04:35.009,1.69995,1.7004,5.40,1.00
2008.08.08 05:04:37.148,1.7,1.7003,5.40,1.00
2008.08.08 05:04:45.378,1.69995,1.7002,5.40,1.00
2008.08.08 05:04:46.246,1.6999,1.7002,8.60,1.00
2008.08.08 05:04:47.115,1.6999,1.7003,8.60,1.00
2008.08.08 05:04:48.484,1.6999,1.7003,5.40,1.00
2008.08.08 05:04:48.638,1.6999,1.7004,6.20,2.10
2008.08.08 05:04:48.787,1.7,1.7004,1.00,2.10
2008.08.08 05:04:48.936,1.6999,1.7004,7.20,2.10
2008.08.08 05:04:49.092,1.7001,1.7004,1.00,2.10
2008.08.08 05:04:49.387,1.7001,1.7004,1.00,1.00
2008.08.08 05:04:49.677,1.7001,1.7003,1.00,1.00
2008.08.08 05:04:50.759,1.7001,1.7004,1.00,1.00
2008.08.08 05:04:50.866,1.7001,1.7005,1.00,6.40
2008.08.08 05:04:51.076,1.7001,1.7005,1.00,4.30
2008.08.08 05:04:52.130,1.70015,1.7005,5.40,4.30
2008.08.08 05:04:53.599,1.70015,1.7005,5.40,3.20
2008.08.08 05:04:53.960,1.7002,1.7005,5.40,3.20
2008.08.08 05:04:54.028,1.7002,1.7006,5.40,8.60
2008.08.08 05:04:54.292,1.7002,1.7006,5.40,6.40
2008.08.08 05:04:56.737,1.7002,1.7006,5.40,4.30
2008.08.08 05:04:56.976,1.7002,1.7006,6.20,1.00
2008.08.08 05:04:57.145,1.70025,1.7006,5.40,1.00
2008.08.08 05:04:57.555,1.7003,1.7007,5.40,6.40
2008.08.08 05:04:57.655,1.7003,1.7007,5.40,4.30
2008.08.08 05:04:57.770,1.7003,1.7007,6.20,4.30
2008.08.08 05:04:58.329,1.70035,1.7007,5.40,4.30
2008.08.08 05:05:00.146,1.70035,1.7007,5.40,1.00
2008.08.08 05:05:00.778,1.70035,1.7008,5.40,4.30
2008.08.08 05:05:01.065,1.70045,1.7008,5.40,4.30
2008.08.08 05:05:01.345,1.70045,1.7007,5.40,1.00
2008.08.08 05:05:01.624,1.7004,1.7007,1.00,1.00
2008.08.08 05:05:01.814,1.7004,1.7006,1.00,1.00
2008.08.08 05:05:02.002,1.70035,1.7006,5.40,1.00
2008.08.08 05:05:02.608,1.70035,1.7008,5.40,3.20
2008.08.08 05:05:02.788,1.70045,1.7008,5.40,1.00
2008.08.08 05:05:03.126,1.7005,1.7008,1.00,1.00
2008.08.08 05:05:03.292,1.7005,1.7007,1.00,1.00
2008.08.08 05:05:03.677,1.7005,1.7007,5.40,1.00
2008.08.08 05:05:04.133,1.7005,1.7006,5.40,1.00
2008.08.08 05:05:04.599,1.7004,1.7006,6.20,1.00
2008.08.08 05:05:05.490,1.7004,1.7008,6.20,4.30
2008.08.08 05:05:06.302,1.7005,1.7008,5.40,4.30
2008.08.08 05:05:07.310,1.70055,1.7008,5.40,4.30
2008.08.08 05:05:07.522,1.70055,1.7009,5.40,4.30
2008.08.08 05:05:07.922,1.70045,1.7009,5.40,4.30
2008.08.08 05:05:08.140,1.70055,1.7009,5.40,4.30
2008.08.08 05:05:10.691,1.7006,1.7009,1.00,4.30
2008.08.08 05:05:11.181,1.70065,1.701,5.40,1.00
2008.08.08 05:05:14.902,1.70065,1.7008,5.40,1.00
2008.08.08 05:05:15.284,1.70055,1.7008,5.40,1.00
2008.08.08 05:05:22.219,1.7005,1.7007,5.40,1.00
2008.08.08 05:05:22.300,1.70045,1.7007,5.40,1.00
2008.08.08 05:05:25.317,1.7005,1.7007,1.00,1.00
2008.08.08 05:05:25.468,1.7005,1.7009,1.00,1.00
2008.08.08 05:05:25.757,1.70055,1.7009,5.40,1.00
2008.08.08 05:05:30.097,1.70055,1.7009,5.40,1.70
2008.08.08 05:05:30.288,1.7005,1.7008,5.40,1.00
2008.08.08 05:05:31.724,1.7005,1.7009,5.40,1.70
2008.08.08 05:05:34.357,1.7005,1.7009,5.40,1.00
2008.08.08 05:05:34.556,1.70055,1.701,5.40,4.90
2008.08.08 05:05:35.557,1.70055,1.7008,5.40,4.30
2008.08.08 05:05:35.923,1.7005,1.7008,5.40,4.30
2008.08.08 05:05:40.038,1.7005,1.7008,5.40,1.00
2008.08.08 05:05:40.624,1.70055,1.7008,5.40,1.00
2008.08.08 05:05:41.909,1.70055,1.7009,5.40,4.30
2008.08.08 05:05:43.985,1.70055,1.7009,5.40,3.20
2008.08.08 05:05:53.503,1.7006,1.7009,5.40,3.20
2008.08.08 05:05:55.259,1.7006,1.701,5.40,1.00
2008.08.08 05:05:55.921,1.70065,1.7011,5.40,1.00
2008.08.08 05:05:56.662,1.70075,1.7011,5.40,1.00
2008.08.08 05:05:58.898,1.70075,1.7011,5.40,4.30
2008.08.08 05:05:59.567,1.7008,1.7011,5.40,4.30
2008.08.08 05:06:00.398,1.7008,1.7011,5.40,3.20
2008.08.08 05:06:00.778,1.7008,1.7011,5.40,4.30
2008.08.08 05:06:01.156,1.7008,1.701,5.40,3.20
2008.08.08 05:06:01.380,1.7008,1.7009,5.40,1.00
2008.08.08 05:06:01.708,1.70075,1.7009,5.40,1.00
2008.08.08 05:06:01.919,1.70075,1.701,5.40,1.00
2008.08.08 05:06:02.327,1.7007,1.701,5.40,1.00
2008.08.08 05:06:02.976,1.7007,1.7011,5.40,1.00
2008.08.08 05:06:03.228,1.7007,1.701,5.40,3.20
2008.08.08 05:06:03.488,1.7007,1.7009,5.40,1.00
2008.08.08 05:06:03.746,1.7007,1.701,5.40,4.30
2008.08.08 05:06:06.000,1.7007,1.701,5.40,1.00
2008.08.08 05:06:06.607,1.7006,1.7011,1.80,4.30
2008.08.08 05:06:06.918,1.7008,1.701,5.40,1.00
2008.08.08 05:06:07.269,1.7007,1.701,5.40,1.00
2008.08.08 05:06:09.278,1.7007,1.701,5.40,4.30
2008.08.08 05:06:09.398,1.7007,1.7009,5.40,1.00
2008.08.08 05:06:09.651,1.70065,1.7009,5.40,1.00
2008.08.08 05:06:09.775,1.70065,1.7008,5.40,1.00
2008.08.08 05:06:10.236,1.7006,1.7008,5.40,1.00
2008.08.08 05:06:10.576,1.70055,1.7008,5.40,1.00
2008.08.08 05:06:12.727,1.70055,1.7007,5.40,1.00
2008.08.08 05:06:13.072,1.7004,1.7007,5.40,1.00
2008.08.08 05:06:15.275,1.70045,1.7007,5.40,1.00
2008.08.08 05:06:16.135,1.70045,1.7008,5.40,1.00
2008.08.08 05:06:16.925,1.70045,1.7007,5.40,1.00
2008.08.08 05:06:19.504,1.70045,1.7008,5.40,1.00
2008.08.08 05:06:19.566,1.70045,1.7009,5.40,1.70
2008.08.08 05:06:20.035,1.70055,1.7009,5.40,1.70
2008.08.08 05:06:20.394,1.70055,1.7009,5.40,1.00
2008.08.08 05:06:20.654,1.7006,1.7009,5.40,1.00
2008.08.08 05:06:20.918,1.7006,1.701,5.40,4.90
2008.08.08 05:06:25.481,1.7006,1.7009,5.40,1.00
2008.08.08 05:06:25.691,1.7006,1.701,5.40,6.00
2008.08.08 05:06:25.948,1.7006,1.701,5.40,3.90
2008.08.08 05:06:26.161,1.70055,1.701,5.40,1.70
2008.08.08 05:06:29.307,1.7006,1.701,5.40,1.70
2008.08.08 05:06:29.449,1.7006,1.701,5.40,1.00
2008.08.08 05:06:30.710,1.7006,1.7009,5.40,4.30
2008.08.08 05:06:31.140,1.70055,1.7009,5.40,4.30
2008.08.08 05:06:36.591,1.70055,1.7009,5.40,3.20
2008.08.08 05:06:41.940,1.70055,1.7009,5.40,1.00
2008.08.08 05:06:42.357,1.7005,1.7009,5.40,1.00
2008.08.08 05:06:42.957,1.7005,1.7009,5.40,4.30
2008.08.08 05:06:43.141,1.7005,1.7009,5.40,1.00
2008.08.08 05:06:46.396,1.7005,1.7009,5.40,4.30
2008.08.08 05:06:46.947,1.70055,1.7009,5.40,4.30
2008.08.08 05:06:49.706,1.70055,1.7009,5.40,1.00
2008.08.08 05:06:49.851,1.7005,1.7009,5.40,1.00
2008.08.08 05:06:59.059,1.7005,1.701,5.40,9.30
2008.08.08 05:06:59.255,1.7005,1.701,5.40,3.90
2008.08.08 05:06:59.423,1.7005,1.701,5.40,1.70
2008.08.08 05:06:59.744,1.70055,1.701,5.40,1.70
2008.08.08 05:07:00.357,1.70065,1.701,5.40,1.70
2008.08.08 05:07:00.765,1.7007,1.701,5.40,1.70
2008.08.08 05:07:01.055,1.7007,1.701,5.40,1.00
2008.08.08 05:07:05.823,1.7006,1.701,5.40,1.00
2008.08.08 05:07:07.963,1.7006,1.701,6.20,1.00
2008.08.08 05:07:08.381,1.7007,1.701,5.40,1.00
2008.08.08 05:07:10.081,1.7007,1.7012,6.40,6.00
2008.08.08 05:07:10.342,1.7007,1.701,5.40,1.00
2008.08.08 05:07:10.800,1.7007,1.701,5.40,1.70
2008.08.08 05:07:11.112,1.70065,1.7009,5.40,4.30
2008.08.08 05:07:11.271,1.70065,1.7009,5.40,4.90
2008.08.08 05:07:11.622,1.7006,1.7009,5.40,4.90
2008.08.08 05:07:11.981,1.70055,1.7009,5.40,4.90
2008.08.08 05:07:12.531,1.70055,1.7009,5.40,4.30
2008.08.08 05:07:12.646,1.70055,1.701,5.40,1.00
2008.08.08 05:07:12.851,1.7007,1.70105,1.00,2.10
2008.08.08 05:07:13.295,1.7007,1.70115,1.00,5.40
2008.08.08 05:07:13.541,1.7007,1.7012,6.40,3.90
2008.08.08 05:07:14.120,1.7007,1.7012,5.40,6.00
2008.08.08 05:07:14.369,1.7007,1.70115,5.40,2.10
2008.08.08 05:07:14.620,1.70065,1.70115,5.40,2.10
2008.08.08 05:07:20.317,1.70065,1.7011,5.40,3.20
2008.08.08 05:07:20.679,1.70065,1.701,5.40,1.00
2008.08.08 05:07:21.001,1.7006,1.701,6.20,1.00
2008.08.08 05:07:21.262,1.7006,1.701,5.40,1.00
2008.08.08 05:07:21.799,1.70055,1.701,5.40,1.70
2008.08.08 05:07:22.147,1.7006,1.701,5.40,1.70
2008.08.08 05:07:24.427,1.7006,1.7009,5.40,1.00
2008.08.08 05:07:25.054,1.7005,1.7009,5.40,1.00
2008.08.08 05:07:27.991,1.7005,1.701,5.40,3.90
2008.08.08 05:07:28.508,1.70055,1.701,5.40,3.90
2008.08.08 05:07:28.582,1.70055,1.701,5.40,1.70
2008.08.08 05:07:29.175,1.7006,1.701,5.40,1.70
2008.08.08 05:07:30.146,1.7006,1.701,5.40,4.30
2008.08.08 05:07:30.328,1.7006,1.7009,5.40,1.00
2008.08.08 05:07:30.508,1.7005,1.7009,6.20,1.00
2008.08.08 05:07:30.686,1.7005,1.701,5.40,1.70
2008.08.08 05:07:30.868,1.7005,1.701,5.40,3.90
2008.08.08 05:07:31.289,1.7006,1.701,5.40,3.90
2008.08.08 05:07:31.498,1.7006,1.701,5.40,1.70
2008.08.08 05:07:31.713,1.7006,1.701,5.40,3.90
2008.08.08 05:07:31.920,1.7005,1.701,5.40,3.90
2008.08.08 05:07:32.269,1.7005,1.7009,5.40,1.00
2008.08.08 05:07:35.306,1.7005,1.7009,5.40,1.70
2008.08.08 05:07:35.624,1.7005,1.7009,1.00,1.00
2008.08.08 05:07:36.237,1.70055,1.7009,5.40,1.00
2008.08.08 05:07:36.805,1.70055,1.701,5.40,1.00
2008.08.08 05:07:37.313,1.7006,1.701,5.40,1.00
2008.08.08 05:07:37.995,1.7006,1.701,5.40,1.70
2008.08.08 05:07:38.485,1.7006,1.7009,5.40,1.00
2008.08.08 05:07:38.702,1.70055,1.7009,5.40,1.00
2008.08.08 05:07:38.875,1.7005,1.7009,5.40,1.00
2008.08.08 05:07:39.924,1.7005,1.701,6.40,3.90
2008.08.08 05:07:40.136,1.7005,1.701,7.20,5.40
2008.08.08 05:07:40.344,1.7006,1.701,5.40,3.20
2008.08.08 05:07:40.766,1.7006,1.7009,5.40,1.00
2008.08.08 05:07:41.093,1.70055,1.7009,5.40,1.00
2008.08.08 05:07:44.424,1.70055,1.7009,5.40,3.90
2008.08.08 05:07:44.584,1.70055,1.7009,5.40,1.00
2008.08.08 05:07:44.919,1.70055,1.7009,5.40,2.80
2008.08.08 05:07:45.007,1.70055,1.7008,5.40,3.20
2008.08.08 05:07:45.180,1.7004,1.7008,5.40,3.20
2008.08.08 05:07:45.803,1.7004,1.7008,5.40,3.90
2008.08.08 05:07:46.133,1.7004,1.7008,5.40,1.00
2008.08.08 05:07:46.341,1.7004,1.7009,5.40,2.80
2008.08.08 05:07:46.615,1.70045,1.7009,5.40,1.00
2008.08.08 05:07:47.954,1.70045,1.7009,5.40,3.90
2008.08.08 05:07:48.533,1.7005,1.7009,5.40,3.90
2008.08.08 05:07:50.624,1.7005,1.7009,5.40,1.00
2008.08.08 05:07:52.062,1.70045,1.7009,5.40,1.00
2008.08.08 05:07:52.415,1.7004,1.7009,5.40,1.00
2008.08.08 05:07:52.536,1.7005,1.70095,5.40,2.10
2008.08.08 05:07:52.782,1.7005,1.701,5.40,2.80
2008.08.08 05:07:54.065,1.70045,1.701,5.40,6.00
2008.08.08 05:07:54.378,1.70045,1.70095,5.40,2.10
2008.08.08 05:07:54.640,1.70045,1.7009,5.40,1.00
2008.08.08 05:07:55.730,1.7005,1.7009,5.40,1.00
2008.08.08 05:07:55.990,1.7005,1.7009,5.40,1.70
2008.08.08 05:07:56.340,1.7005,1.7008,5.40,1.00
2008.08.08 05:07:57.162,1.70055,1.7009,5.40,1.00
2008.08.08 05:07:57.525,1.7006,1.701,1.00,1.00
2008.08.08 05:07:58.009,1.70055,1.701,5.40,1.00
2008.08.08 05:07:58.151,1.7006,1.701,6.40,1.00
2008.08.08 05:07:58.582,1.7006,1.701,5.40,1.00
2008.08.08 05:07:58.730,1.7006,1.701,5.40,1.70
2008.08.08 05:07:59.069,1.7005,1.7009,5.40,1.00
2008.08.08 05:08:00.249,1.7005,1.7007,5.40,1.00
2008.08.08 05:08:00.476,1.7005,1.7008,5.40,4.30
2008.08.08 05:08:00.699,1.7004,1.7008,1.00,4.30
2008.08.08 05:08:00.925,1.70035,1.7008,5.40,4.90
2008.08.08 05:08:01.215,1.7004,1.7008,5.40,4.90
2008.08.08 05:08:02.248,1.70045,1.7008,5.40,4.90
2008.08.08 05:08:02.581,1.70035,1.7008,5.40,1.70
2008.08.08 05:08:02.912,1.7005,1.7008,3.20,1.70
2008.08.08 05:08:03.240,1.7005,1.7008,3.20,1.00
2008.08.08 05:08:04.236,1.7005,1.7008,3.20,1.70
2008.08.08 05:08:04.638,1.7005,1.7008,3.20,1.00
2008.08.08 05:08:05.559,1.7004,1.7006,5.40,1.70
2008.08.08 05:08:06.166,1.7002,1.7006,5.40,1.70
2008.08.08 05:08:06.417,1.7002,1.7006,6.40,1.00
2008.08.08 05:08:06.807,1.7003,1.7006,5.40,1.00
2008.08.08 05:08:07.008,1.7003,1.7006,5.40,1.70
2008.08.08 05:08:07.397,1.7003,1.7006,5.40,4.90
2008.08.08 05:08:08.077,1.70025,1.7006,5.40,4.90
2008.08.08 05:08:08.434,1.7001,1.7006,6.40,4.90
2008.08.08 05:08:08.613,1.7001,1.7006,6.40,7.10
2008.08.08 05:08:09.637,1.7001,1.7006,4.30,3.90
2008.08.08 05:08:10.192,1.7001,1.7006,9.70,3.90
2008.08.08 05:08:10.452,1.7002,1.7006,1.00,2.80
2008.08.08 05:08:11.066,1.7001,1.7006,9.70,3.90
2008.08.08 05:08:11.267,1.7001,1.70055,6.40,2.10
2008.08.08 05:08:11.468,1.7001,1.7005,5.40,2.10
2008.08.08 05:08:11.687,1.7,1.7005,1.80,2.10
2008.08.08 05:08:13.100,1.7001,1.7005,3.20,2.10
2008.08.08 05:08:13.236,1.7001,1.7005,4.30,2.10
2008.08.08 05:08:13.528,1.7001,1.7006,4.30,3.90
2008.08.08 05:08:13.662,1.7001,1.7006,9.70,3.90
2008.08.08 05:08:14.264,1.7001,1.7006,9.70,1.70
2008.08.08 05:08:14.575,1.70015,1.7006,5.40,1.70
2008.08.08 05:08:15.358,1.70015,1.70065,5.40,2.10
2008.08.08 05:08:15.834,1.7002,1.7007,5.40,9.30
2008.08.08 05:08:18.766,1.7002,1.7006,5.40,1.00
2008.08.08 05:08:19.295,1.70015,1.7006,5.40,1.00
2008.08.08 05:08:19.460,1.70015,1.7006,5.40,1.70
2008.08.08 05:08:21.365,1.70015,1.7005,5.40,4.30
2008.08.08 05:08:21.635,1.7001,1.7005,5.40,4.30
2008.08.08 05:08:21.998,1.7001,1.7005,5.40,4.90
2008.08.08 05:08:22.352,1.7001,1.7005,6.40,3.90
2008.08.08 05:08:23.044,1.70015,1.7005,5.40,3.90
2008.08.08 05:08:23.594,1.70015,1.7004,5.40,1.00
2008.08.08 05:08:23.923,1.7001,1.7004,5.40,1.00
2008.08.08 05:08:24.093,1.7,1.7004,5.40,1.00
2008.08.08 05:08:25.533,1.7,1.7005,5.40,7.10
2008.08.08 05:08:25.822,1.7,1.7005,5.40,4.90
2008.08.08 05:08:26.071,1.70005,1.7005,5.40,4.90
2008.08.08 05:08:27.574,1.70005,1.7004,5.40,1.00
2008.08.08 05:08:27.977,1.7,1.7004,5.40,1.00
2008.08.08 05:08:28.853,1.7,1.7004,5.40,1.70
2008.08.08 05:08:29.084,1.7,1.7003,5.40,1.00
2008.08.08 05:08:29.535,1.69985,1.7003,5.40,1.00
2008.08.08 05:08:29.636,1.69985,1.7002,5.40,1.00
2008.08.08 05:08:29.810,1.6999,1.7002,5.40,1.00
2008.08.08 05:08:30.062,1.69985,1.7002,5.40,1.00
2008.08.08 05:08:30.345,1.69985,1.7002,5.40,1.70
2008.08.08 05:08:30.891,1.6998,1.7002,5.40,1.70
2008.08.08 05:08:31.111,1.69975,1.7002,5.40,1.70
2008.08.08 05:08:32.572,1.69975,1.7,5.40,1.00
2008.08.08 05:08:32.726,1.69975,1.7,5.40,4.90
2008.08.08 05:08:33.150,1.6997,1.7,5.40,7.10
2008.08.08 05:08:33.300,1.6995,1.7,5.40,7.10
2008.08.08 05:08:34.100,1.6995,1.7,5.40,4.90
2008.08.08 05:08:34.391,1.69955,1.7,5.40,4.90
2008.08.08 05:08:38.089,1.69955,1.7,5.40,1.70
2008.08.08 05:08:38.199,1.69955,1.70005,5.40,2.10
2008.08.08 05:08:38.630,1.6996,1.7001,5.40,3.90
2008.08.08 05:08:39.759,1.6996,1.7001,6.40,3.90
2008.08.08 05:08:40.003,1.6996,1.7001,6.40,1.70
2008.08.08 05:08:40.159,1.69965,1.7001,5.40,1.70
2008.08.08 05:08:46.108,1.69965,1.7001,5.40,1.00
2008.08.08 05:08:46.209,1.6998,1.7001,1.00,1.00
2008.08.08 05:08:46.807,1.6998,1.7001,6.40,1.00
2008.08.08 05:08:47.537,1.6998,1.7001,5.40,1.70
2008.08.08 05:08:47.809,1.69985,1.7001,5.40,1.70
2008.08.08 05:08:48.085,1.69975,1.7001,5.40,1.70
2008.08.08 05:08:48.365,1.69975,1.7,5.40,3.20
2008.08.08 05:08:48.857,1.6997,1.7001,5.40,1.70
2008.08.08 05:08:49.549,1.6997,1.7,5.40,3.20
2008.08.08 05:08:49.867,1.6998,1.7,5.40,3.20
2008.08.08 05:08:50.056,1.6997,1.7,5.40,3.90
2008.08.08 05:08:52.189,1.6997,1.7,5.40,1.00
2008.08.08 05:08:52.325,1.6997,1.7001,5.40,1.70
2008.08.08 05:08:52.606,1.6997,1.7001,5.40,1.00
2008.08.08 05:08:52.828,1.6998,1.7003,6.40,7.10
2008.08.08 05:08:53.006,1.69985,1.7003,5.40,4.90
2008.08.08 05:08:53.541,1.6999,1.7003,5.40,4.90
2008.08.08 05:08:54.430,1.6999,1.7001,5.40,1.00
2008.08.08 05:08:54.736,1.69995,1.7001,5.40,1.00
2008.08.08 05:08:54.918,1.69975,1.7001,5.40,1.00
2008.08.08 05:08:57.135,1.69975,1.7003,5.40,6.00
2008.08.08 05:08:57.278,1.69975,1.7003,5.40,3.90
2008.08.08 05:08:57.576,1.69975,1.7002,5.40,4.30
2008.08.08 05:08:57.715,1.69985,1.7002,5.40,4.30
2008.08.08 05:08:58.134,1.6998,1.7002,5.40,4.30
2008.08.08 05:08:58.633,1.6998,1.7002,5.40,1.00
2008.08.08 05:08:58.838,1.6998,1.7002,5.40,4.30
2008.08.08 05:08:59.070,1.6998,1.7001,5.40,1.00
2008.08.08 05:08:59.705,1.69975,1.7001,5.40,1.00
2008.08.08 05:08:59.927,1.69975,1.7002,5.40,6.40
2008.08.08 05:09:00.268,1.6997,1.7002,7.20,6.40
2008.08.08 05:09:00.633,1.69975,1.7002,5.40,4.30
2008.08.08 05:09:00.964,1.6998,1.7002,5.40,4.30
2008.08.08 05:09:01.969,1.6998,1.7,5.40,1.00
2008.08.08 05:09:02.343,1.6998,1.7,5.40,1.00
2008.08.08 05:09:02.700,1.6996,1.70005,5.40,2.10
2008.08.08 05:09:03.050,1.6996,1.7001,5.40,2.10
2008.08.08 05:09:05.019,1.6996,1.70015,5.40,2.10
2008.08.08 05:09:05.613,1.6997,1.70015,5.40,2.10
2008.08.08 05:09:08.823,1.6997,1.7,5.40,1.00
2008.08.08 05:09:09.430,1.69965,1.7,5.40,1.00
2008.08.08 05:09:09.568,1.69965,1.7001,5.40,2.80
2008.08.08 05:09:09.703,1.69965,1.7001,5.40,1.70
2008.08.08 05:09:09.971,1.69975,1.7001,5.40,1.00
2008.08.08 05:09:13.251,1.69975,1.7001,5.40,1.70
2008.08.08 05:09:13.431,1.69975,1.7,5.40,1.00
2008.08.08 05:09:13.610,1.69965,1.7,5.40,1.00
2008.08.08 05:09:15.940,1.69965,1.7,5.40,1.70
2008.08.08 05:09:16.280,1.6996,1.7,5.40,1.70
2008.08.08 05:09:16.960,1.6996,1.7,5.40,1.00
2008.08.08 05:09:17.134,1.6996,1.7001,5.40,3.90
2008.08.08 05:09:17.300,1.6996,1.7001,5.40,1.70
2008.08.08 05:09:17.654,1.69965,1.7001,5.40,1.70
2008.08.08 05:09:18.050,1.6997,1.7001,5.40,1.70
2008.08.08 05:09:18.409,1.6997,1.6999,5.40,1.00
2008.08.08 05:09:18.683,1.69965,1.7001,5.40,2.10
2008.08.08 05:09:19.210,1.69965,1.7002,5.40,3.90
2008.08.08 05:09:19.478,1.6996,1.7001,5.40,3.90
2008.08.08 05:09:21.412,1.69965,1.7001,5.40,1.70
2008.08.08 05:09:27.420,1.69965,1.6999,5.40,1.00
2008.08.08 05:09:27.986,1.69955,1.7001,5.40,3.90
2008.08.08 05:09:28.176,1.6996,1.7001,5.40,3.90
2008.08.08 05:09:28.367,1.6996,1.7001,6.40,7.10
2008.08.08 05:09:28.557,1.6996,1.7,6.40,3.20
2008.08.08 05:09:28.812,1.69965,1.6999,5.40,1.00
2008.08.08 05:09:29.330,1.6996,1.7,1.00,1.00
2008.08.08 05:09:29.584,1.6996,1.7,6.40,1.00
2008.08.08 05:09:29.878,1.6996,1.7,1.00,1.00
2008.08.08 05:09:31.140,1.6996,1.70005,1.00,2.10
2008.08.08 05:09:31.433,1.69955,1.70005,5.40,2.10
2008.08.08 05:09:31.556,1.69955,1.7001,5.40,3.90
2008.08.08 05:09:31.675,1.6996,1.7001,5.40,3.90
2008.08.08 05:09:40.345,1.6996,1.7001,6.40,3.90
2008.08.08 05:09:40.550,1.69965,1.7001,5.40,3.90
2008.08.08 05:09:40.645,1.69965,1.7001,5.40,1.70
2008.08.08 05:09:41.795,1.69965,1.6999,5.40,1.00
2008.08.08 05:09:42.107,1.6996,1.6999,5.40,1.00
2008.08.08 05:09:46.854,1.6996,1.6999,5.40,1.70
2008.08.08 05:09:47.446,1.69955,1.6999,5.40,4.90
2008.08.08 05:09:47.794,1.6994,1.6998,5.40,2.10
2008.08.08 05:09:48.142,1.6993,1.6998,5.40,2.10
2008.08.08 05:09:49.838,1.6993,1.6998,5.40,5.40
2008.08.08 05:09:49.972,1.6993,1.6998,5.40,6.40
2008.08.08 05:09:50.301,1.6993,1.69975,5.40,2.10
2008.08.08 05:09:50.561,1.69925,1.69975,5.40,2.10
2008.08.08 05:09:57.428,1.6991,1.69975,1.80,2.10
2008.08.08 05:10:03.169,1.6993,1.69975,1.00,2.10
2008.08.08 05:10:03.397,1.6993,1.6998,1.00,1.70
2008.08.08 05:10:03.849,1.69935,1.6998,5.40,1.70
2008.08.08 05:10:10.856,1.6993,1.6998,1.00,1.70
2008.08.08 05:10:11.805,1.6993,1.6998,1.00,1.00
2008.08.08 05:10:11.835,1.6993,1.69985,1.80,2.10
2008.08.08 05:10:11.866,1.6993,1.6999,1.80,3.90
2008.08.08 05:10:12.059,1.6994,1.6999,5.40,3.90
2008.08.08 05:10:12.106,1.6994,1.6999,9.70,3.90
2008.08.08 05:10:12.474,1.6994,1.6999,9.70,1.70
2008.08.08 05:10:13.615,1.69945,1.6999,5.40,1.70
2008.08.08 05:10:22.253,1.69945,1.6999,5.40,3.90
2008.08.08 05:10:22.523,1.69945,1.6999,5.40,1.70
2008.08.08 05:10:24.819,1.69945,1.6998,5.40,1.00
2008.08.08 05:10:25.019,1.69945,1.6998,5.40,1.70
2008.08.08 05:10:25.307,1.6994,1.6998,5.40,1.70
2008.08.08 05:10:25.554,1.69935,1.6998,5.40,1.70
2008.08.08 05:10:27.826,1.6994,1.6998,4.30,1.00
2008.08.08 05:10:28.079,1.69945,1.6999,5.40,1.70
2008.08.08 05:10:28.272,1.69945,1.6999,5.40,3.90
2008.08.08 05:10:28.454,1.6994,1.6999,6.40,3.90
2008.08.08 05:10:28.803,1.6994,1.6999,6.40,1.70
2008.08.08 05:10:28.987,1.6994,1.6999,9.70,1.70
2008.08.08 05:10:29.291,1.69955,1.6999,5.40,1.70
2008.08.08 05:10:30.040,1.69955,1.6999,5.40,4.90
2008.08.08 05:10:30.309,1.69955,1.6998,5.40,1.00
2008.08.08 05:10:30.542,1.6995,1.6998,5.40,1.00
2008.08.08 05:10:30.773,1.6995,1.6998,5.40,1.70
2008.08.08 05:10:31.222,1.69945,1.6998,5.40,1.70
2008.08.08 05:10:32.753,1.69935,1.6998,5.40,1.70
2008.08.08 05:10:33.007,1.69935,1.6997,5.40,1.00
2008.08.08 05:10:33.504,1.69935,1.6997,5.40,3.20
2008.08.08 05:10:33.712,1.6992,1.6997,10.50,3.20
2008.08.08 05:10:34.387,1.6994,1.6997,3.20,3.20
2008.08.08 05:10:34.568,1.6994,1.6997,3.20,2.10
2008.08.08 05:10:34.881,1.6994,1.6998,3.20,3.20
2008.08.08 05:10:36.034,1.6993,1.6997,1.00,1.00
2008.08.08 05:10:38.191,1.6993,1.6996,1.00,1.00
2008.08.08 05:10:38.450,1.6992,1.6996,9.40,1.00
2008.08.08 05:10:38.919,1.6992,1.6996,4.00,1.00
2008.08.08 05:10:40.495,1.6993,1.69975,1.00,2.10
2008.08.08 05:10:40.689,1.6993,1.6998,1.00,7.10
2008.08.08 05:10:40.893,1.6994,1.6998,5.40,1.70
2008.08.08 05:10:41.766,1.6994,1.6998,5.40,1.00
2008.08.08 05:10:42.180,1.6994,1.6997,5.40,1.00
2008.08.08 05:10:42.936,1.69935,1.6997,5.40,1.00
2008.08.08 05:10:43.648,1.6993,1.6997,5.40,1.00
2008.08.08 05:10:44.828,1.6993,1.6997,6.20,1.00
2008.08.08 05:10:45.260,1.69935,1.6997,5.40,1.00
2008.08.08 05:10:45.670,1.6993,1.6997,6.20,1.00
2008.08.08 05:10:46.080,1.69935,1.6997,5.40,1.00
2008.08.08 05:10:46.315,1.6994,1.69985,1.00,2.10
2008.08.08 05:10:46.451,1.6994,1.6999,1.00,4.90
2008.08.08 05:10:46.588,1.6995,1.6999,5.40,4.90
2008.08.08 05:10:46.730,1.6995,1.6998,5.40,1.00
2008.08.08 05:10:47.000,1.69945,1.6998,5.40,1.00
2008.08.08 05:10:47.139,1.69945,1.6998,5.40,1.70
2008.08.08 05:10:50.551,1.6994,1.6997,5.40,1.00
2008.08.08 05:10:51.191,1.6993,1.6997,6.20,1.00
2008.08.08 05:10:51.627,1.6993,1.6997,5.40,1.70
2008.08.08 05:10:52.667,1.69935,1.6996,5.40,1.00
2008.08.08 05:10:53.283,1.6993,1.6996,5.40,1.70
2008.08.08 05:10:58.035,1.6993,1.6996,5.40,1.00
2008.08.08 05:10:58.556,1.6993,1.6997,5.40,1.70
2008.08.08 05:10:58.992,1.69935,1.6997,5.40,1.70
2008.08.08 05:11:01.026,1.69935,1.6996,5.40,1.00
2008.08.08 05:11:01.294,1.6993,1.6996,5.40,1.00
2008.08.08 05:11:01.745,1.6993,1.6997,5.40,1.70
2008.08.08 05:11:02.107,1.69935,1.6997,5.40,1.70
2008.08.08 05:11:05.017,1.69935,1.6996,5.40,1.00
2008.08.08 05:11:05.237,1.6994,1.6997,1.00,1.00
2008.08.08 05:11:05.405,1.6994,1.6999,1.00,14.70
2008.08.08 05:11:05.575,1.6993,1.6998,6.40,1.70
2008.08.08 05:11:05.794,1.69935,1.6998,5.40,1.70
2008.08.08 05:11:08.227,1.6994,1.6998,5.40,1.70
2008.08.08 05:11:11.818,1.6994,1.6998,5.40,4.90
2008.08.08 05:11:12.135,1.6994,1.6996,5.40,1.00
2008.08.08 05:11:12.328,1.69935,1.6995,5.40,1.00
2008.08.08 05:11:12.710,1.69925,1.6995,5.40,1.00
2008.08.08 05:11:13.073,1.6992,1.6995,5.40,1.70
2008.08.08 05:11:15.412,1.6992,1.6995,5.40,1.00
2008.08.08 05:11:15.632,1.6992,1.6996,5.40,1.70
2008.08.08 05:11:16.208,1.69925,1.6996,5.40,1.70
2008.08.08 05:11:18.850,1.6992,1.6996,5.40,1.70
2008.08.08 05:11:21.100,1.6992,1.6995,5.40,1.00
2008.08.08 05:11:21.200,1.6992,1.6996,5.40,1.70
2008.08.08 05:11:21.440,1.6992,1.6995,5.40,1.00
2008.08.08 05:11:21.540,1.69915,1.6995,5.40,1.00
2008.08.08 05:11:22.550,1.6992,1.6995,5.40,1.00
2008.08.08 05:11:22.719,1.6992,1.6996,5.40,1.70
2008.08.08 05:11:37.569,1.6992,1.6995,5.40,1.00
2008.08.08 05:11:37.878,1.69915,1.6995,5.40,1.70
2008.08.08 05:11:43.664,1.6991,1.6995,5.40,1.70
2008.08.08 05:11:46.269,1.6991,1.6994,5.40,1.00
2008.08.08 05:11:46.754,1.6991,1.6995,5.40,1.70
2008.08.08 05:11:46.884,1.69905,1.6995,5.40,1.70
2008.08.08 05:11:47.334,1.6991,1.6995,5.40,1.70
2008.08.08 05:11:48.374,1.6992,1.6995,1.00,1.00
2008.08.08 05:11:48.605,1.6992,1.6996,1.00,2.80
2008.08.08 05:11:48.834,1.6992,1.6996,6.40,1.00
2008.08.08 05:11:49.065,1.6993,1.6996,5.40,1.00
2008.08.08 05:11:49.838,1.69935,1.6997,5.40,1.70
2008.08.08 05:11:51.310,1.69935,1.6997,5.40,1.00
2008.08.08 05:11:55.395,1.69935,1.6998,5.40,4.90
2008.08.08 05:11:55.718,1.6994,1.6998,5.40,4.90
2008.08.08 05:12:01.582,1.6994,1.6998,5.40,3.90
2008.08.08 05:12:01.851,1.6994,1.6999,5.40,3.90
2008.08.08 05:12:02.121,1.69935,1.69985,5.40,2.10
2008.08.08 05:12:02.395,1.6994,1.6999,5.40,1.00
2008.08.08 05:12:02.672,1.6995,1.7001,9.70,9.30
2008.08.08 05:12:02.860,1.6996,1.7001,5.40,3.90
2008.08.08 05:12:03.050,1.6997,1.7001,5.40,3.90
2008.08.08 05:12:03.242,1.6997,1.7001,5.40,2.80
2008.08.08 05:12:03.486,1.6995,1.70005,10.50,2.10
2008.08.08 05:12:03.669,1.6996,1.70015,5.40,2.10
2008.08.08 05:12:04.549,1.6996,1.7001,5.40,1.00
2008.08.08 05:12:04.978,1.6995,1.7001,5.10,1.70
2008.08.08 05:12:05.121,1.6995,1.69995,5.10,2.10
2008.08.08 05:12:06.364,1.6995,1.7,5.10,2.10
2008.08.08 05:12:07.849,1.6996,1.7,3.20,2.10
2008.08.08 05:12:08.219,1.6996,1.70005,3.20,2.10
2008.08.08 05:12:08.591,1.6996,1.70005,4.30,2.10
2008.08.08 05:12:08.788,1.6996,1.70005,5.10,2.10
2008.08.08 05:12:13.102,1.6996,1.70005,1.80,2.10
2008.08.08 05:12:13.237,1.6997,1.7002,5.40,4.90
2008.08.08 05:12:13.388,1.6997,1.7001,5.40,1.00
2008.08.08 05:12:13.823,1.69965,1.7001,5.40,1.00
2008.08.08 05:12:16.847,1.69965,1.7001,5.40,1.70
2008.08.08 05:12:27.249,1.69965,1.7001,5.40,4.90
2008.08.08 05:12:27.759,1.69965,1.7,5.40,1.00
2008.08.08 05:12:27.994,1.6996,1.7,5.40,1.00
2008.08.08 05:12:30.633,1.6998,1.7001,1.00,5.40
2008.08.08 05:12:30.723,1.6998,1.7001,1.00,2.10
2008.08.08 05:12:30.812,1.6998,1.7002,1.00,8.20
2008.08.08 05:12:30.953,1.6998,1.7002,1.00,9.30
2008.08.08 05:12:31.139,1.6996,1.7001,5.40,1.00
2008.08.08 05:12:31.377,1.69975,1.7001,5.40,1.00
2008.08.08 05:12:31.732,1.6997,1.7001,5.40,1.00
2008.08.08 05:12:32.433,1.6997,1.7002,5.40,2.10
2008.08.08 05:12:32.683,1.69975,1.7002,5.40,2.10
2008.08.08 05:12:32.935,1.69975,1.70025,5.40,2.10
2008.08.08 05:12:33.601,1.69975,1.7003,5.40,3.90
2008.08.08 05:12:33.892,1.6998,1.7003,5.40,7.10
2008.08.08 05:12:34.222,1.69985,1.7003,5.40,7.10
2008.08.08 05:12:36.861,1.69985,1.7003,5.40,3.90
2008.08.08 05:12:37.111,1.69985,1.7003,5.40,9.30
2008.08.08 05:12:37.172,1.69985,1.7001,5.40,3.20
2008.08.08 05:12:37.763,1.69985,1.7001,5.40,3.90
2008.08.08 05:12:38.092,1.69985,1.7001,5.40,1.00
2008.08.08 05:12:38.423,1.69965,1.7001,5.40,1.00
2008.08.08 05:12:38.752,1.6997,1.7001,5.40,1.00
2008.08.08 05:12:38.993,1.6997,1.7002,5.40,1.70
2008.08.08 05:12:39.190,1.69975,1.7002,5.40,1.70
2008.08.08 05:12:41.540,1.69975,1.7002,5.40,1.20
2008.08.08 05:12:51.440,1.6998,1.7002,1.00,1.20
2008.08.08 05:12:51.561,1.6998,1.7002,1.00,1.00
2008.08.08 05:12:51.722,1.7,1.7002,1.00,1.00
2008.08.08 05:12:51.844,1.6998,1.7002,1.00,1.00
2008.08.08 05:12:52.070,1.7,1.7002,1.00,1.00
2008.08.08 05:12:53.764,1.7,1.7002,4.30,1.00
2008.08.08 05:12:55.609,1.7,1.7002,1.00,1.00
2008.08.08 05:12:58.948,1.7,1.7002,4.30,1.00
2008.08.08 05:12:59.067,1.7,1.7004,4.30,1.00
2008.08.08 05:12:59.596,1.70005,1.7004,5.40,1.00
2008.08.08 05:13:11.273,1.7001,1.7004,5.40,1.00
2008.08.08 05:13:15.185,1.7001,1.7003,5.40,3.20
2008.08.08 05:13:15.802,1.7,1.7003,6.40,3.20
2008.08.08 05:13:22.182,1.7,1.7004,6.40,1.00
2008.08.08 05:13:22.793,1.70005,1.7004,5.40,1.00
2008.08.08 05:13:26.028,1.69995,1.7004,5.40,1.00
2008.08.08 05:13:26.445,1.69995,1.7002,5.40,1.00
2008.08.08 05:13:26.799,1.6999,1.7002,5.40,1.00
2008.08.08 05:13:27.130,1.6999,1.7004,5.40,4.30
2008.08.08 05:13:27.342,1.6999,1.7005,5.40,5.40
2008.08.08 05:13:27.553,1.6999,1.7005,5.40,9.70
2008.08.08 05:13:27.799,1.70005,1.7005,5.40,4.30
2008.08.08 05:13:28.190,1.70005,1.7005,5.40,4.90
2008.08.08 05:13:29.400,1.70005,1.70055,5.40,2.10
2008.08.08 05:13:29.607,1.70005,1.7006,5.40,3.90
2008.08.08 05:13:29.817,1.7001,1.7006,5.40,3.90
2008.08.08 05:13:31.731,1.7001,1.7005,5.40,4.30
2008.08.08 05:13:32.006,1.70005,1.7005,5.40,4.30
2008.08.08 05:13:32.235,1.7001,1.7005,5.40,4.30
2008.08.08 05:13:32.379,1.7001,1.7005,5.40,4.90
2008.08.08 05:13:34.128,1.7001,1.7003,5.40,3.20
2008.08.08 05:13:34.639,1.70005,1.7003,5.40,4.30
2008.08.08 05:13:35.146,1.7,1.7003,5.40,4.30
2008.08.08 05:13:37.310,1.69995,1.7003,5.40,4.30
2008.08.08 05:13:44.496,1.69995,1.7002,5.40,1.00
2008.08.08 05:13:44.786,1.6999,1.7003,5.40,4.30
2008.08.08 05:13:45.263,1.69995,1.7003,5.40,4.30
2008.08.08 05:13:47.085,1.6999,1.7003,5.40,4.30
2008.08.08 05:13:49.084,1.6999,1.7002,5.40,1.00
2008.08.08 05:13:49.255,1.69985,1.7002,5.40,1.00
2008.08.08 05:13:50.172,1.6998,1.7002,6.20,1.00
2008.08.08 05:13:50.648,1.6998,1.7002,1.00,1.00
2008.08.08 05:13:50.938,1.6998,1.7002,6.20,1.00
2008.08.08 05:13:51.224,1.69985,1.7002,5.40,1.00
2008.08.08 05:13:51.503,1.6998,1.7002,6.20,1.00
2008.08.08 05:13:51.784,1.6998,1.7003,6.20,6.40
2008.08.08 05:13:51.882,1.6998,1.7003,7.20,6.40
2008.08.08 05:13:52.103,1.6998,1.7003,7.20,4.30
2008.08.08 05:13:52.294,1.69985,1.7003,5.40,4.30
2008.08.08 05:13:53.407,1.69985,1.7002,5.40,1.00
2008.08.08 05:14:09.201,1.69985,1.7001,5.40,1.00
2008.08.08 05:14:09.969,1.69975,1.7001,5.40,1.00
2008.08.08 05:14:11.119,1.6998,1.7001,5.40,1.00
2008.08.08 05:14:11.328,1.69975,1.7001,5.40,1.00
2008.08.08 05:14:13.329,1.69975,1.7002,5.40,1.70
2008.08.08 05:14:13.710,1.69975,1.7002,5.40,1.00
2008.08.08 05:14:13.841,1.6998,1.7003,5.40,2.10
2008.08.08 05:14:13.968,1.6998,1.7004,5.40,9.30
2008.08.08 05:14:14.216,1.6999,1.7004,5.40,3.90
2008.08.08 05:14:14.888,1.69995,1.7004,5.40,1.70
2008.08.08 05:14:17.331,1.69995,1.7003,5.40,3.20
2008.08.08 05:14:17.671,1.69995,1.7003,5.40,1.00
2008.08.08 05:14:17.807,1.6999,1.7003,5.40,4.30
2008.08.08 05:14:18.356,1.6999,1.7003,5.40,4.90
2008.08.08 05:14:18.497,1.69985,1.7003,5.40,4.90
2008.08.08 05:14:20.273,1.69985,1.7001,5.40,1.00
2008.08.08 05:14:20.845,1.6997,1.7001,5.40,1.00
2008.08.08 05:14:39.885,1.6997,1.7002,5.40,1.70
2008.08.08 05:14:40.017,1.69975,1.7002,5.40,1.70
2008.08.08 05:14:40.502,1.69975,1.7001,5.40,1.00
2008.08.08 05:14:40.634,1.6999,1.7001,5.40,1.00
2008.08.08 05:14:40.894,1.69985,1.7002,5.40,1.70
2008.08.08 05:14:42.885,1.69985,1.7002,5.40,1.00
2008.08.08 05:14:52.609,1.69985,1.7001,5.40,1.00
2008.08.08 05:14:53.240,1.69975,1.7001,5.40,1.00
2008.08.08 05:14:54.631,1.69975,1.7002,5.40,1.70
2008.08.08 05:14:54.929,1.6998,1.7002,5.40,1.70
2008.08.08 05:14:57.546,1.6998,1.7001,5.40,1.00
2008.08.08 05:14:57.901,1.69975,1.7001,5.40,1.00
2008.08.08 05:14:59.447,1.69975,1.7002,5.40,1.70
2008.08.08 05:14:59.681,1.6998,1.7002,1.00,1.00
2008.08.08 05:15:00.238,1.6999,1.7002,5.40,1.00
2008.08.08 05:15:01.290,1.6999,1.7001,5.40,1.00
2008.08.08 05:15:01.702,1.69985,1.7001,5.40,1.00
2008.08.08 05:15:01.808,1.69985,1.7002,5.40,1.70
2008.08.08 05:15:02.054,1.6999,1.7002,5.40,1.70
2008.08.08 05:15:02.156,1.6999,1.7002,5.40,1.00
2008.08.08 05:15:08.075,1.6999,1.7001,5.40,1.00
2008.08.08 05:15:08.638,1.69985,1.7001,5.40,1.00
2008.08.08 05:15:08.867,1.69985,1.7002,5.40,1.00
2008.08.08 05:15:09.373,1.6999,1.7002,5.40,1.00
2008.08.08 05:15:15.805,1.69985,1.7002,5.40,1.00
2008.08.08 05:15:16.041,1.69975,1.7002,5.40,1.00
2008.08.08 05:15:23.901,1.69975,1.7001,5.40,1.00
2008.08.08 05:15:24.376,1.6997,1.7001,5.40,1.00
2008.08.08 05:15:25.545,1.6998,1.7002,1.00,2.80
2008.08.08 05:15:25.712,1.6998,1.7002,1.80,2.10
2008.08.08 05:15:25.885,1.6998,1.70025,1.80,2.10
2008.08.08 05:15:26.370,1.6998,1.7003,7.20,3.20
2008.08.08 05:15:31.569,1.6998,1.7002,6.20,1.00
2008.08.08 05:15:31.840,1.6998,1.7002,1.00,1.00
2008.08.08 05:15:32.243,1.69975,1.7002,5.40,3.90
2008.08.08 05:15:32.558,1.6997,1.7001,6.40,1.00
2008.08.08 05:15:34.948,1.6997,1.7002,6.40,3.90
2008.08.08 05:15:35.100,1.6997,1.7002,6.40,1.70
2008.08.08 05:15:35.249,1.69975,1.7002,5.40,1.70
2008.08.08 05:15:39.399,1.69975,1.7001,5.40,4.30
2008.08.08 05:15:39.948,1.6997,1.7001,6.40,1.00
2008.08.08 05:15:40.366,1.6997,1.7002,6.40,1.70
2008.08.08 05:15:40.539,1.69975,1.7002,5.40,1.70
2008.08.08 05:15:42.550,1.69975,1.7002,5.40,4.90
2008.08.08 05:15:43.037,1.69975,1.7002,5.40,4.30
2008.08.08 05:15:43.528,1.6998,1.7002,5.40,4.30
2008.08.08 05:15:45.811,1.6998,1.7002,6.40,3.20
2008.08.08 05:15:50.298,1.6998,1.69995,5.40,1.00
2008.08.08 05:15:50.374,1.6998,1.69995,5.40,3.20
2008.08.08 05:15:50.489,1.6998,1.69995,5.40,6.40
2008.08.08 05:15:50.555,1.6998,1.69995,5.40,4.30
2008.08.08 05:15:50.593,1.69965,1.69995,5.40,4.30
2008.08.08 05:15:50.692,1.69965,1.6998,5.40,2.10
2008.08.08 05:15:50.775,1.69965,1.69975,5.40,4.30
2008.08.08 05:15:50.810,1.69965,1.6997,5.40,2.10
2008.08.08 05:15:50.880,1.69955,1.69965,9.40,2.10
2008.08.08 05:15:51.096,1.6993,1.69965,5.40,2.10
2008.08.08 05:15:51.271,1.6988,1.69965,5.40,2.10
2008.08.08 05:15:52.656,1.69915,1.6996,5.40,4.30
2008.08.08 05:15:52.814,1.69915,1.6996,5.40,6.40
2008.08.08 05:15:53.736,1.69915,1.6994,5.40,4.30
2008.08.08 05:15:54.014,1.69915,1.6994,5.40,6.40
2008.08.08 05:15:54.297,1.699,1.6993,5.40,6.40
2008.08.08 05:15:54.805,1.699,1.6993,5.40,4.30
2008.08.08 05:15:55.054,1.69895,1.6993,5.40,4.30
2008.08.08 05:15:55.308,1.699,1.6993,5.40,3.20
2008.08.08 05:15:55.905,1.699,1.6993,5.40,4.30
2008.08.08 05:15:56.254,1.699,1.6994,5.40,1.70
2008.08.08 05:15:56.741,1.69905,1.6994,5.40,1.70
2008.08.08 05:15:59.461,1.6987,1.6994,1.80,1.70
2008.08.08 05:16:00.286,1.6989,1.6994,5.40,1.70
2008.08.08 05:16:05.281,1.69895,1.6994,5.40,1.70
2008.08.08 05:16:07.936,1.69895,1.6994,5.40,1.00
2008.08.08 05:16:08.321,1.699,1.6994,5.40,1.00
2008.08.08 05:16:09.610,1.699,1.6994,5.40,1.70
2008.08.08 05:16:09.992,1.699,1.6994,5.40,3.90
2008.08.08 05:16:13.699,1.699,1.6994,5.40,4.90
2008.08.08 05:16:14.021,1.699,1.6994,5.40,4.30
2008.08.08 05:16:16.647,1.6989,1.69935,1.80,2.10
2008.08.08 05:16:18.608,1.6989,1.6993,1.00,1.00
2008.08.08 05:16:18.758,1.6989,1.69925,1.00,2.10
2008.08.08 05:16:19.708,1.6989,1.6992,1.00,4.30
2008.08.08 05:16:20.200,1.6989,1.6992,1.00,1.00
2008.08.08 05:16:20.532,1.6989,1.6993,1.00,4.30
2008.08.08 05:16:20.689,1.6989,1.6993,1.00,3.20
2008.08.08 05:16:20.958,1.6988,1.6993,13.70,3.90
2008.08.08 05:16:21.228,1.6988,1.6993,4.30,1.70
2008.08.08 05:16:21.767,1.69885,1.6993,5.40,1.00
2008.08.08 05:16:21.987,1.6988,1.6993,7.20,1.00
2008.08.08 05:16:22.163,1.6988,1.6993,10.50,1.00
2008.08.08 05:16:23.736,1.6988,1.6993,7.20,1.00
2008.08.08 05:16:23.907,1.6988,1.69935,7.20,2.10
2008.08.08 05:16:24.365,1.6988,1.69935,1.80,2.10
2008.08.08 05:16:25.300,1.69885,1.69935,5.40,2.10
2008.08.08 05:16:25.384,1.6989,1.69935,3.20,2.10
2008.08.08 05:16:25.581,1.6989,1.69935,4.30,2.10
2008.08.08 05:16:25.868,1.6989,1.6994,4.30,3.90
2008.08.08 05:16:26.008,1.699,1.6994,1.00,3.20
2008.08.08 05:16:27.488,1.6989,1.6994,5.40,3.90
2008.08.08 05:16:27.708,1.6989,1.6993,5.40,1.00
2008.08.08 05:16:28.114,1.6988,1.6993,10.50,1.00
2008.08.08 05:16:28.656,1.6988,1.6993,7.20,1.00
2008.08.08 05:16:29.118,1.6988,1.6993,6.20,1.00
2008.08.08 05:16:29.282,1.6988,1.6993,5.40,1.70
2008.08.08 05:16:29.640,1.6988,1.6993,5.40,3.90
2008.08.08 05:16:30.037,1.69875,1.6993,5.40,3.90
2008.08.08 05:16:30.386,1.6989,1.6993,5.40,1.70
2008.08.08 05:16:31.476,1.6989,1.6992,5.40,1.00
2008.08.08 05:16:32.089,1.69885,1.6991,5.40,1.00
2008.08.08 05:16:32.571,1.69885,1.6993,5.40,3.90
2008.08.08 05:16:33.594,1.6989,1.6993,5.40,3.90
2008.08.08 05:16:34.583,1.6989,1.6993,5.40,1.70
2008.08.08 05:16:34.895,1.6989,1.6992,5.40,1.00
2008.08.08 05:16:35.068,1.6989,1.6991,5.40,1.00
2008.08.08 05:16:35.407,1.69885,1.6991,5.40,1.00
2008.08.08 05:16:36.075,1.69885,1.6991,5.40,1.70
2008.08.08 05:16:36.584,1.6987,1.6991,5.40,1.70
2008.08.08 05:16:36.852,1.6987,1.6991,6.40,1.00
2008.08.08 05:16:37.085,1.69875,1.6991,5.40,1.00
2008.08.08 05:16:37.214,1.6988,1.6991,4.30,1.00
2008.08.08 05:16:37.454,1.6988,1.69925,4.30,2.10
2008.08.08 05:16:37.626,1.6988,1.6993,4.30,1.70
2008.08.08 05:16:37.747,1.6989,1.6993,1.00,1.00
2008.08.08 05:16:37.804,1.6989,1.69935,1.00,5.40
2008.08.08 05:16:38.048,1.699,1.6994,5.40,3.90
2008.08.08 05:16:38.734,1.699,1.6992,5.40,1.00
2008.08.08 05:16:39.084,1.69895,1.6992,5.40,1.00
2008.08.08 05:16:39.403,1.6989,1.6992,5.40,1.00
2008.08.08 05:16:40.342,1.69895,1.6992,5.40,1.00
2008.08.08 05:16:41.376,1.69895,1.6993,5.40,6.40
2008.08.08 05:16:41.863,1.69885,1.6993,5.40,6.40
2008.08.08 05:16:42.763,1.69885,1.6993,5.40,7.10
2008.08.08 05:16:42.928,1.69885,1.6991,5.40,1.00
2008.08.08 05:16:43.362,1.69875,1.6991,5.40,1.00
2008.08.08 05:16:44.871,1.6987,1.6992,7.20,5.40
2008.08.08 05:16:45.435,1.6988,1.6992,1.00,4.30
2008.08.08 05:16:45.506,1.6988,1.6992,1.00,2.10
2008.08.08 05:16:45.617,1.6988,1.6992,1.80,2.10
2008.08.08 05:16:45.663,1.6988,1.69925,1.80,2.10
2008.08.08 05:16:45.894,1.6988,1.6993,1.80,10.80
2008.08.08 05:16:46.046,1.6989,1.6993,1.00,9.70
2008.08.08 05:16:46.771,1.6989,1.6993,1.00,2.10
2008.08.08 05:16:47.422,1.69885,1.6993,5.40,3.20
2008.08.08 05:16:50.381,1.69885,1.6993,5.40,1.00
2008.08.08 05:16:50.928,1.69885,1.6992,5.40,1.00
2008.08.08 05:16:51.331,1.6988,1.69925,1.80,2.10
2008.08.08 05:16:52.379,1.6988,1.69925,7.20,2.10
2008.08.08 05:16:52.645,1.6988,1.6992,5.40,1.00
2008.08.08 05:16:52.910,1.6988,1.6991,5.40,1.00
2008.08.08 05:16:53.169,1.69875,1.6992,5.40,1.00
2008.08.08 05:16:53.511,1.6988,1.69925,1.00,2.10
2008.08.08 05:16:53.867,1.6988,1.69925,6.40,2.10
2008.08.08 05:16:53.992,1.6988,1.69925,7.20,2.10
2008.08.08 05:16:54.449,1.6988,1.69925,1.80,2.10
2008.08.08 05:16:55.762,1.6988,1.6992,1.00,1.00
2008.08.08 05:16:55.871,1.69875,1.6991,5.40,1.00
2008.08.08 05:16:56.097,1.6987,1.6991,6.20,1.00
2008.08.08 05:16:59.609,1.6987,1.699,6.20,3.20
2008.08.08 05:17:00.648,1.6987,1.6991,6.20,1.00
2008.08.08 05:17:01.352,1.6987,1.699,6.20,3.20
2008.08.08 05:17:01.698,1.6987,1.699,7.20,3.20
2008.08.08 05:17:03.134,1.6987,1.6992,7.20,5.40
2008.08.08 05:17:03.322,1.6987,1.699,6.20,1.00
2008.08.08 05:17:03.517,1.6987,1.699,5.40,1.00
2008.08.08 05:17:03.908,1.69875,1.699,5.40,1.00
2008.08.08 05:17:04.116,1.6984,1.699,6.20,1.00
2008.08.08 05:17:04.676,1.6984,1.699,7.20,6.40
2008.08.08 05:17:04.889,1.6986,1.699,1.80,2.10
2008.08.08 05:17:05.139,1.6987,1.699,1.80,3.20
2008.08.08 05:17:05.388,1.69875,1.699,5.40,3.20
2008.08.08 05:17:06.128,1.6987,1.699,5.40,3.20
2008.08.08 05:17:09.036,1.6987,1.6992,6.40,5.40
2008.08.08 05:17:09.189,1.6987,1.6992,6.40,3.20
2008.08.08 05:17:09.496,1.69875,1.6992,5.40,3.20
2008.08.08 05:17:09.807,1.69875,1.6991,5.40,1.00
2008.08.08 05:17:10.121,1.69875,1.699,5.40,1.00
2008.08.08 05:17:10.426,1.6987,1.699,5.40,1.00
2008.08.08 05:17:10.658,1.6987,1.6988,5.40,1.00
2008.08.08 05:17:10.923,1.69865,1.6988,5.40,1.00
2008.08.08 05:17:11.049,1.69855,1.6989,5.40,4.30
2008.08.08 05:17:15.137,1.69855,1.6988,5.40,1.00
2008.08.08 05:17:17.345,1.6986,1.699,5.40,1.00
2008.08.08 05:17:17.552,1.69865,1.699,5.40,1.00
2008.08.08 05:17:19.504,1.6986,1.699,5.40,1.00
2008.08.08 05:17:20.513,1.6986,1.699,5.40,1.70
2008.08.08 05:17:21.052,1.69855,1.699,5.40,1.70
2008.08.08 05:17:21.394,1.69855,1.699,5.40,1.00
2008.08.08 05:17:23.334,1.69855,1.699,5.40,4.30
2008.08.08 05:17:23.875,1.6987,1.699,1.00,4.30
2008.08.08 05:17:26.335,1.6987,1.6989,1.00,3.20
2008.08.08 05:17:26.562,1.6987,1.6989,1.00,4.30
2008.08.08 05:17:26.791,1.6986,1.6989,5.40,4.30
2008.08.08 05:17:27.020,1.6985,1.6989,6.20,4.30
2008.08.08 05:17:29.466,1.6985,1.6989,6.20,1.00
2008.08.08 05:17:29.581,1.6985,1.699,7.20,3.20
2008.08.08 05:17:29.791,1.6985,1.699,7.20,1.00
2008.08.08 05:17:30.091,1.69855,1.699,5.40,1.00
2008.08.08 05:17:32.170,1.69855,1.699,5.40,4.30
2008.08.08 05:17:32.458,1.69855,1.699,5.40,1.00
2008.08.08 05:17:32.613,1.69855,1.699,5.40,4.30
2008.08.08 05:17:32.785,1.69855,1.699,5.40,1.00
2008.08.08 05:17:33.084,1.6986,1.699,5.40,1.00
2008.08.08 05:17:33.445,1.69855,1.699,5.40,1.00
2008.08.08 05:17:33.855,1.6986,1.6988,5.40,1.00
2008.08.08 05:17:34.200,1.6986,1.6989,5.40,1.00
2008.08.08 05:17:34.512,1.69855,1.6989,5.40,1.00
2008.08.08 05:17:34.820,1.69855,1.699,5.40,3.20
2008.08.08 05:17:35.136,1.6986,1.699,5.40,1.00
2008.08.08 05:17:36.198,1.6986,1.699,5.40,3.20
2008.08.08 05:17:36.550,1.69855,1.699,5.40,3.20
2008.08.08 05:17:38.793,1.69855,1.6989,5.40,3.20
2008.08.08 05:17:38.961,1.69855,1.6988,5.40,1.00
2008.08.08 05:17:39.589,1.6985,1.6988,5.40,1.00
2008.08.08 05:17:41.658,1.6985,1.699,7.20,8.60
2008.08.08 05:17:41.938,1.6985,1.699,7.20,6.40
2008.08.08 05:17:42.210,1.6986,1.699,5.40,6.40
2008.08.08 05:17:42.678,1.6986,1.699,5.40,3.20
2008.08.08 05:17:43.100,1.6986,1.6989,5.40,3.20
2008.08.08 05:17:43.327,1.6986,1.6988,5.40,1.00
2008.08.08 05:17:43.538,1.69855,1.6988,5.40,1.00
2008.08.08 05:17:43.928,1.6985,1.6988,5.40,1.00
2008.08.08 05:17:45.003,1.6985,1.699,5.40,5.40
2008.08.08 05:17:45.347,1.6985,1.699,5.40,3.20
2008.08.08 05:17:45.700,1.69855,1.699,5.40,6.40
2008.08.08 05:17:46.098,1.6986,1.699,5.40,6.40
2008.08.08 05:17:46.854,1.6986,1.6988,5.40,1.00
2008.08.08 05:17:47.165,1.6985,1.6988,6.20,1.00
2008.08.08 05:17:47.470,1.6985,1.699,7.20,8.60
2008.08.08 05:17:47.783,1.6986,1.699,5.40,8.60
2008.08.08 05:17:48.014,1.6986,1.699,5.40,6.40
2008.08.08 05:17:48.631,1.6986,1.6988,5.40,1.00
2008.08.08 05:17:49.116,1.6985,1.6988,5.40,1.00
2008.08.08 05:17:49.586,1.6985,1.699,6.40,5.40
2008.08.08 05:17:49.824,1.6985,1.699,6.40,3.20
2008.08.08 05:17:50.127,1.6986,1.699,5.40,3.20
2008.08.08 05:17:50.721,1.6986,1.699,5.40,6.40
2008.08.08 05:17:51.374,1.6987,1.699,1.00,6.40
2008.08.08 05:17:51.602,1.6987,1.699,1.00,4.30
2008.08.08 05:17:52.487,1.69865,1.699,5.40,3.20
2008.08.08 05:17:53.195,1.6986,1.699,5.40,3.20
2008.08.08 05:17:53.467,1.69855,1.699,5.40,3.20
2008.08.08 05:17:53.737,1.6986,1.699,5.40,3.20
2008.08.08 05:17:55.595,1.6986,1.6988,5.40,1.00
2008.08.08 05:17:56.467,1.6986,1.6989,5.40,3.20
2008.08.08 05:17:57.406,1.6986,1.6988,5.40,1.00
2008.08.08 05:17:58.117,1.6986,1.6989,5.40,3.20
2008.08.08 05:17:59.244,1.6986,1.6988,5.40,1.00
2008.08.08 05:17:59.483,1.69855,1.6988,5.40,1.00
2008.08.08 05:18:05.083,1.6986,1.6988,5.40,1.00
2008.08.08 05:18:10.705,1.6986,1.6989,5.40,1.00
2008.08.08 05:18:10.833,1.6986,1.6989,8.60,1.00
2008.08.08 05:18:11.042,1.6986,1.6989,9.40,1.00
2008.08.08 05:18:11.167,1.6987,1.6989,5.40,1.00
2008.08.08 05:18:15.903,1.69865,1.6989,5.40,1.00
2008.08.08 05:18:17.780,1.69865,1.6988,5.40,1.00
2008.08.08 05:18:19.551,1.69865,1.6989,5.40,1.00
2008.08.08 05:18:20.018,1.6987,1.6989,5.40,1.00
2008.08.08 05:18:27.468,1.6986,1.6989,9.40,1.00
2008.08.08 05:18:27.768,1.6987,1.6989,5.40,1.00
2008.08.08 05:18:31.637,1.6987,1.6991,5.40,3.20
2008.08.08 05:18:32.278,1.69875,1.6991,5.40,3.20
2008.08.08 05:18:33.739,1.6987,1.6991,5.40,3.20
2008.08.08 05:18:36.186,1.6987,1.6989,5.40,1.00
2008.08.08 05:18:36.975,1.6987,1.699,5.40,1.00
2008.08.08 05:18:43.846,1.69865,1.699,5.40,1.00
2008.08.08 05:18:45.263,1.69865,1.699,5.40,4.30
2008.08.08 05:18:45.464,1.6986,1.6991,10.50,5.40
2008.08.08 05:18:45.602,1.6986,1.699,9.40,1.00
2008.08.08 05:18:45.883,1.69865,1.699,5.40,1.00
2008.08.08 05:18:48.613,1.69865,1.6991,5.40,3.20
2008.08.08 05:18:49.283,1.69865,1.699,5.40,1.00
2008.08.08 05:18:49.444,1.69865,1.6991,5.40,3.20
2008.08.08 05:18:54.195,1.69865,1.699,5.40,1.00
2008.08.08 05:18:55.474,1.69865,1.699,5.40,2.10
2008.08.08 05:18:55.975,1.69865,1.699,5.40,3.20
2008.08.08 05:18:57.005,1.69865,1.699,5.40,2.10
2008.08.08 05:18:59.159,1.69865,1.6991,5.40,3.20
2008.08.08 05:18:59.431,1.69865,1.699,5.40,1.00
2008.08.08 05:18:59.621,1.69865,1.6989,5.40,1.00
2008.08.08 05:18:59.890,1.69875,1.6989,5.40,1.00
2008.08.08 05:19:00.811,1.69875,1.699,5.40,2.10
2008.08.08 05:19:01.066,1.69875,1.6991,5.40,3.20
2008.08.08 05:19:01.318,1.6987,1.6991,5.40,3.20
2008.08.08 05:19:02.298,1.6987,1.699,5.40,1.00
2008.08.08 05:19:02.428,1.6987,1.6989,5.40,1.00
2008.08.08 05:19:02.836,1.69865,1.699,5.40,1.00
2008.08.08 05:19:02.937,1.6987,1.699,1.00,1.00
2008.08.08 05:19:03.640,1.6987,1.699,6.20,1.00
2008.08.08 05:19:04.169,1.6987,1.699,5.40,1.00
2008.08.08 05:19:04.860,1.69865,1.699,5.40,1.00
2008.08.08 05:19:05.297,1.69865,1.699,5.40,3.20
2008.08.08 05:19:05.517,1.6986,1.699,9.40,3.20
2008.08.08 05:19:06.063,1.6986,1.699,6.20,6.40
2008.08.08 05:19:06.478,1.69865,1.699,5.40,6.40
2008.08.08 05:19:07.584,1.69865,1.699,5.40,3.20
2008.08.08 05:19:07.709,1.69865,1.699,5.40,1.00
2008.08.08 05:19:07.832,1.6986,1.699,4.00,3.20
2008.08.08 05:19:12.300,1.6987,1.699,1.00,1.00
2008.08.08 05:19:12.959,1.6986,1.699,4.00,1.00
2008.08.08 05:19:13.336,1.6986,1.6989,4.00,1.00
2008.08.08 05:19:14.495,1.6986,1.6989,1.00,1.00
2008.08.08 05:19:14.705,1.6984,1.6989,5.10,1.00
2008.08.08 05:19:14.934,1.6984,1.6989,10.50,1.00
2008.08.08 05:19:15.145,1.69845,1.6989,5.40,1.00
2008.08.08 05:19:15.576,1.6986,1.6989,3.20,1.00
2008.08.08 05:19:17.139,1.69845,1.6989,5.40,1.00
2008.08.08 05:19:17.204,1.6986,1.6989,3.20,1.00
2008.08.08 05:19:17.399,1.6986,1.6988,3.20,1.00
2008.08.08 05:19:17.553,1.69845,1.6988,5.40,1.00
2008.08.08 05:19:17.790,1.69845,1.6989,5.40,9.30
2008.08.08 05:19:17.881,1.6986,1.6989,5.40,9.30
2008.08.08 05:19:17.929,1.6986,1.6988,5.40,1.00
2008.08.08 05:19:18.068,1.6984,1.6988,5.40,1.00
2008.08.08 05:19:19.096,1.6985,1.6988,5.40,1.00
2008.08.08 05:19:21.756,1.6985,1.6986,5.40,1.00
2008.08.08 05:19:21.986,1.6985,1.6988,6.20,3.20
2008.08.08 05:19:22.217,1.69855,1.6988,5.40,1.00
2008.08.08 05:19:22.714,1.6985,1.6988,5.40,1.00
2008.08.08 05:19:22.792,1.6985,1.699,6.40,5.40
2008.08.08 05:19:22.992,1.6985,1.699,6.40,8.60
2008.08.08 05:19:23.202,1.6985,1.699,6.40,6.40
2008.08.08 05:19:23.272,1.69855,1.699,5.40,6.40
2008.08.08 05:19:26.810,1.69855,1.699,5.40,4.30
2008.08.08 05:19:27.823,1.69845,1.6988,5.40,1.00
2008.08.08 05:19:28.151,1.6984,1.6988,5.40,1.00
2008.08.08 05:19:28.994,1.6985,1.6989,1.00,2.10
2008.08.08 05:19:29.186,1.6985,1.699,1.00,4.30
2008.08.08 05:19:29.391,1.6985,1.699,6.40,4.30
2008.08.08 05:19:29.574,1.6985,1.699,7.20,4.30
2008.08.08 05:19:30.812,1.6985,1.699,7.20,1.00
2008.08.08 05:19:31.340,1.6985,1.699,1.80,1.00
2008.08.08 05:19:31.755,1.69855,1.699,5.40,1.00
2008.08.08 05:19:32.832,1.6987,1.699,5.40,1.00
2008.08.08 05:19:33.572,1.6987,1.699,5.40,4.30
2008.08.08 05:19:33.733,1.6987,1.6989,5.40,1.00
2008.08.08 05:19:33.892,1.6987,1.699,5.40,4.30
2008.08.08 05:19:34.051,1.69865,1.699,5.40,4.30
2008.08.08 05:19:34.905,1.69865,1.699,5.40,6.40
2008.08.08 05:19:35.100,1.69855,1.699,5.40,6.40
2008.08.08 05:19:37.391,1.69855,1.6989,5.40,1.00
2008.08.08 05:19:39.250,1.69865,1.6989,5.40,1.00
2008.08.08 05:19:39.520,1.69865,1.699,5.40,3.20
2008.08.08 05:19:39.871,1.6987,1.6991,6.40,2.10
2008.08.08 05:19:40.560,1.6987,1.6991,5.40,3.20
2008.08.08 05:19:40.925,1.6987,1.6991,5.40,5.40
2008.08.08 05:19:41.059,1.69865,1.6991,5.40,5.40
2008.08.08 05:19:41.120,1.69865,1.6991,5.40,4.30
2008.08.08 05:19:41.400,1.69865,1.6991,5.40,2.10
2008.08.08 05:19:41.473,1.69865,1.69915,5.40,2.10
2008.08.08 05:19:43.260,1.69865,1.6992,5.40,8.60
2008.08.08 05:19:43.625,1.6987,1.6992,6.40,8.60
2008.08.08 05:19:43.800,1.69875,1.6992,5.40,6.40
2008.08.08 05:19:47.212,1.69875,1.6992,5.40,7.10
2008.08.08 05:19:47.340,1.69875,1.6992,5.40,3.90
2008.08.08 05:19:47.570,1.69875,1.6992,5.40,7.10
2008.08.08 05:19:47.850,1.69875,1.6991,5.40,3.20
2008.08.08 05:19:48.127,1.69865,1.6991,5.40,3.20
2008.08.08 05:19:48.407,1.69865,1.6991,5.40,6.00
2008.08.08 05:19:49.076,1.6986,1.6991,5.40,6.00
2008.08.08 05:19:49.848,1.6986,1.6991,8.60,6.00
2008.08.08 05:19:50.135,1.6986,1.6991,9.70,3.90
2008.08.08 05:19:50.389,1.69865,1.6991,5.40,3.90
2008.08.08 05:19:50.884,1.69865,1.6991,5.40,3.20
2008.08.08 05:19:56.288,1.69865,1.6989,5.40,1.00
2008.08.08 05:19:56.396,1.69865,1.699,5.40,3.20
2008.08.08 05:19:56.792,1.6986,1.699,4.00,3.20
2008.08.08 05:19:57.247,1.6986,1.699,1.00,6.40
2008.08.08 05:19:57.479,1.6986,1.6989,1.00,1.00
2008.08.08 05:19:57.767,1.69855,1.6989,5.40,1.00
2008.08.08 05:19:58.067,1.6985,1.6989,1.00,1.00
2008.08.08 05:19:58.364,1.6985,1.6989,6.20,1.00
2008.08.08 05:19:59.476,1.6985,1.6988,6.20,1.00
2008.08.08 05:20:00.024,1.69855,1.6988,5.40,1.00
2008.08.08 05:20:01.299,1.69855,1.6989,5.40,1.00
2008.08.08 05:20:01.390,1.6986,1.699,1.00,5.40
2008.08.08 05:20:01.501,1.6986,1.699,1.00,3.20
2008.08.08 05:20:01.745,1.69865,1.699,5.40,3.20
2008.08.08 05:20:02.143,1.6986,1.699,6.40,3.20
2008.08.08 05:20:02.385,1.6986,1.699,5.40,6.40
2008.08.08 05:20:02.854,1.6986,1.6988,5.40,1.00
2008.08.08 05:20:03.097,1.6985,1.699,7.20,8.60
2008.08.08 05:20:04.423,1.6985,1.699,7.20,5.40
2008.08.08 05:20:04.733,1.6985,1.699,7.20,3.20
2008.08.08 05:20:04.894,1.69855,1.699,5.40,3.20
2008.08.08 05:20:05.053,1.69855,1.699,5.40,4.30
2008.08.08 05:20:05.295,1.6986,1.6989,5.40,1.00
2008.08.08 05:20:05.763,1.6985,1.6989,6.20,1.00
2008.08.08 05:20:06.563,1.6985,1.6989,6.20,4.30
2008.08.08 05:20:06.762,1.6985,1.6989,1.00,6.40
2008.08.08 05:20:07.153,1.6985,1.6989,1.00,8.60
2008.08.08 05:20:09.811,1.6984,1.6989,7.20,8.60
2008.08.08 05:20:10.401,1.6984,1.69885,7.20,2.10
2008.08.08 05:20:10.632,1.6984,1.69885,1.80,2.10
2008.08.08 05:20:10.865,1.6984,1.6988,1.00,1.00
2008.08.08 05:20:11.598,1.69845,1.6988,5.40,1.00
2008.08.08 05:20:12.174,1.69845,1.6989,5.40,6.40
2008.08.08 05:20:12.381,1.69845,1.69885,5.40,2.10
2008.08.08 05:20:12.562,1.6984,1.69885,1.80,2.10
2008.08.08 05:20:15.616,1.6984,1.6987,1.00,1.00
2008.08.08 05:20:20.823,1.6984,1.6987,1.00,1.00
2008.08.08 05:20:21.371,1.6984,1.6988,1.00,3.20
2008.08.08 05:20:21.760,1.6984,1.6988,1.00,1.00
2008.08.08 05:20:21.969,1.6985,1.6988,1.00,1.00
2008.08.08 05:20:24.881,1.6984,1.6986,1.00,1.00
2008.08.08 05:20:25.142,1.6984,1.6987,1.00,1.00
2008.08.08 05:20:28.143,1.69825,1.6987,5.40,1.00
2008.08.08 05:20:28.282,1.69825,1.6986,5.40,1.00
2008.08.08 05:20:28.527,1.6982,1.6986,6.20,1.00
2008.08.08 05:20:28.779,1.6982,1.6985,6.20,1.00
2008.08.08 05:20:29.048,1.6982,1.6985,1.00,1.00
2008.08.08 05:20:29.318,1.6982,1.6986,1.00,1.00
2008.08.08 05:20:29.848,1.69825,1.6986,5.40,1.00
2008.08.08 05:20:31.127,1.69825,1.6987,5.40,4.30
2008.08.08 05:20:32.228,1.69825,1.6986,5.40,1.00
2008.08.08 05:20:32.747,1.69825,1.6987,5.40,4.30
2008.08.08 05:20:34.376,1.6982,1.6987,1.80,6.40
2008.08.08 05:20:35.259,1.6982,1.6987,1.00,3.20
2008.08.08 05:20:35.606,1.69815,1.6987,5.40,3.20
2008.08.08 05:20:35.785,1.69825,1.6987,5.40,1.00
2008.08.08 05:20:37.200,1.69825,1.6986,5.40,1.00
2008.08.08 05:20:37.605,1.6982,1.6986,5.40,1.00
2008.08.08 05:20:37.816,1.69815,1.6986,5.40,1.00
2008.08.08 05:20:41.349,1.69815,1.6986,5.40,4.30
2008.08.08 05:20:41.915,1.6981,1.6986,1.80,4.30
2008.08.08 05:20:42.034,1.6981,1.6986,1.80,6.40
2008.08.08 05:20:44.995,1.6981,1.6985,1.00,1.00
2008.08.08 05:20:46.796,1.69815,1.6985,5.40,1.00
2008.08.08 05:20:48.334,1.69815,1.6986,5.40,4.30
2008.08.08 05:20:50.104,1.69815,1.6985,5.40,1.00
2008.08.08 05:20:50.485,1.69815,1.6986,5.40,6.40
2008.08.08 05:20:50.713,1.6981,1.6986,1.80,6.40
2008.08.08 05:20:52.942,1.6981,1.6986,1.80,3.20
2008.08.08 05:20:53.205,1.6981,1.6986,1.80,1.00
2008.08.08 05:20:53.341,1.69815,1.6986,5.40,1.00
2008.08.08 05:20:53.963,1.69815,1.6986,5.40,4.30
2008.08.08 05:20:54.272,1.69815,1.6986,5.40,6.40
2008.08.08 05:20:54.582,1.6981,1.6986,1.80,6.40
2008.08.08 05:21:00.735,1.6981,1.6985,1.00,1.00
2008.08.08 05:21:01.103,1.6981,1.6985,1.00,3.20
2008.08.08 05:21:01.611,1.6981,1.6985,1.00,1.00
2008.08.08 05:21:01.802,1.6981,1.69855,1.80,5.40
2008.08.08 05:21:01.869,1.6981,1.6986,1.80,6.40
2008.08.08 05:21:05.003,1.6982,1.6986,1.00,5.40
2008.08.08 05:21:05.428,1.6982,1.6986,1.00,2.10
2008.08.08 05:21:05.652,1.6982,1.6987,9.70,1.70
2008.08.08 05:21:05.850,1.6982,1.6987,10.50,1.00
2008.08.08 05:21:06.249,1.6983,1.6987,5.40,1.00
2008.08.08 05:21:08.208,1.6983,1.6986,5.40,1.00
2008.08.08 05:21:08.842,1.6983,1.6987,5.40,1.00
2008.08.08 05:21:09.103,1.6982,1.6987,7.20,1.00
2008.08.08 05:21:10.676,1.6982,1.6986,7.20,3.20
2008.08.08 05:21:10.867,1.6982,1.6986,6.20,4.30
2008.08.08 05:21:11.416,1.6982,1.6986,1.00,4.30
2008.08.08 05:21:12.453,1.6982,1.6986,4.00,1.00
2008.08.08 05:21:12.788,1.6983,1.69875,1.00,5.40
2008.08.08 05:21:13.215,1.6983,1.6988,6.40,4.90
2008.08.08 05:21:13.519,1.6983,1.6987,5.40,1.00
2008.08.08 05:21:16.279,1.6983,1.6986,5.40,1.00
2008.08.08 05:21:16.840,1.6982,1.6986,4.00,1.00
2008.08.08 05:21:17.147,1.6984,1.69865,1.00,2.10
2008.08.08 05:21:17.826,1.6984,1.6987,1.00,1.00
2008.08.08 05:21:17.966,1.6984,1.6987,1.00,4.30
2008.08.08 05:21:18.527,1.6984,1.6987,1.00,6.40
2008.08.08 05:21:18.827,1.6984,1.6987,1.00,3.20
2008.08.08 05:21:19.414,1.6984,1.6987,1.00,1.00
2008.08.08 05:21:21.107,1.6983,1.6987,5.40,1.00
2008.08.08 05:21:21.925,1.6982,1.6987,10.50,1.00
2008.08.08 05:21:22.154,1.69825,1.6987,5.40,1.00
2008.08.08 05:21:22.604,1.6983,1.6987,5.40,1.00
2008.08.08 05:21:23.634,1.6984,1.6988,1.00,2.80
2008.08.08 05:21:23.815,1.6983,1.6988,6.40,1.70
2008.08.08 05:21:23.995,1.6984,1.6988,1.00,1.00
2008.08.08 05:21:24.174,1.6984,1.6988,6.40,1.00
2008.08.08 05:21:24.353,1.6984,1.6989,1.80,4.30
2008.08.08 05:21:24.704,1.6983,1.6988,1.00,1.70
2008.08.08 05:21:24.996,1.69845,1.6988,5.40,1.70
2008.08.08 05:21:25.284,1.6983,1.6988,6.40,4.90
2008.08.08 05:21:25.605,1.6983,1.6987,5.40,1.70
2008.08.08 05:21:25.893,1.69825,1.6987,5.40,1.70
2008.08.08 05:21:33.121,1.6982,1.6987,9.70,1.70
2008.08.08 05:21:33.373,1.6982,1.6986,8.60,1.00
2008.08.08 05:21:33.621,1.6982,1.6986,3.20,1.00
2008.08.08 05:21:34.320,1.6982,1.6986,8.60,1.00
2008.08.08 05:21:35.371,1.6982,1.6987,9.70,3.90
2008.08.08 05:21:35.552,1.6982,1.6987,4.30,3.90
2008.08.08 05:21:35.730,1.6982,1.6987,4.30,1.70
2008.08.08 05:21:35.780,1.69825,1.6987,5.40,1.70
2008.08.08 05:21:35.913,1.6983,1.6987,1.00,1.00
2008.08.08 05:21:37.643,1.69825,1.6987,5.40,1.70
2008.08.08 05:21:38.140,1.6982,1.6987,9.70,1.70
2008.08.08 05:21:40.272,1.6982,1.6987,6.40,4.90
2008.08.08 05:21:40.590,1.6982,1.6987,6.40,7.10
2008.08.08 05:21:40.912,1.6982,1.6986,1.00,1.00
2008.08.08 05:21:41.342,1.6982,1.6986,6.40,1.00
2008.08.08 05:21:41.520,1.6982,1.6987,7.20,6.40
2008.08.08 05:21:41.672,1.6982,1.6987,1.80,6.40
2008.08.08 05:21:42.674,1.6982,1.6985,1.00,1.00
2008.08.08 05:21:43.013,1.69815,1.6986,5.40,1.70
2008.08.08 05:21:43.250,1.69815,1.69855,5.40,2.10
2008.08.08 05:21:43.526,1.6981,1.6986,4.30,6.40
2008.08.08 05:21:43.751,1.69815,1.6986,5.40,1.00
2008.08.08 05:21:43.973,1.6983,1.6986,3.20,1.00
2008.08.08 05:21:44.492,1.69825,1.6986,5.40,1.00
2008.08.08 05:21:44.803,1.69825,1.6987,5.40,1.00
2008.08.08 05:21:44.969,1.6983,1.6987,1.00,1.00
2008.08.08 05:21:45.488,1.6983,1.6987,6.20,1.00
2008.08.08 05:21:46.278,1.6983,1.6986,8.60,1.00
2008.08.08 05:21:46.401,1.69825,1.6985,5.40,1.00
2008.08.08 05:21:46.854,1.69815,1.6985,5.40,1.00
2008.08.08 05:21:47.110,1.69815,1.6983,5.40,1.00
2008.08.08 05:21:47.579,1.698,1.6984,5.40,1.00
2008.08.08 05:21:48.001,1.6981,1.6985,1.00,6.40
2008.08.08 05:21:48.359,1.6981,1.6985,1.00,1.00
2008.08.08 05:21:48.932,1.6981,1.6986,5.10,3.20
2008.08.08 05:21:49.395,1.6982,1.69865,1.00,2.10
2008.08.08 05:21:49.580,1.6982,1.6986,1.00,4.30
2008.08.08 05:21:49.930,1.6981,1.6985,5.40,2.10
2008.08.08 05:21:50.113,1.698,1.6985,1.80,2.10
2008.08.08 05:21:50.799,1.6981,1.6985,4.30,2.10
2008.08.08 05:21:51.491,1.6981,1.6985,3.20,1.00
2008.08.08 05:21:51.900,1.6981,1.6985,4.30,2.10
2008.08.08 05:21:52.110,1.6981,1.6985,3.20,8.60
2008.08.08 05:21:52.316,1.6981,1.6985,3.20,6.40
2008.08.08 05:21:52.528,1.6982,1.6985,3.20,5.40
2008.08.08 05:21:52.738,1.6982,1.6985,1.00,5.40
2008.08.08 05:21:52.951,1.6982,1.6986,1.00,8.60
2008.08.08 05:21:53.165,1.6982,1.6986,1.00,6.40
2008.08.08 05:21:53.396,1.6982,1.6986,1.00,1.00
2008.08.08 05:21:53.757,1.6982,1.69855,1.00,2.10
2008.08.08 05:21:54.068,1.6982,1.69855,1.00,7.50
2008.08.08 05:21:55.882,1.6982,1.69855,4.00,7.50
2008.08.08 05:21:56.587,1.6982,1.6985,4.00,5.40
2008.08.08 05:21:56.861,1.6981,1.6985,1.00,8.60
2008.08.08 05:21:57.079,1.6981,1.6985,1.00,6.40
2008.08.08 05:21:57.305,1.698,1.6985,4.30,3.90
2008.08.08 05:21:57.556,1.698,1.6985,4.30,9.30
2008.08.08 05:21:58.785,1.6979,1.6984,9.70,1.70
2008.08.08 05:21:59.047,1.6979,1.6984,7.20,3.20
2008.08.08 05:21:59.313,1.6979,1.6984,5.10,8.60
2008.08.08 05:21:59.787,1.6979,1.6984,4.30,9.30
2008.08.08 05:22:00.444,1.6979,1.6983,1.00,3.20
2008.08.08 05:22:00.524,1.6978,1.6983,7.20,4.30
2008.08.08 05:22:00.752,1.6979,1.6983,1.00,3.90
2008.08.08 05:22:00.840,1.6978,1.6983,6.40,4.90
2008.08.08 05:22:01.106,1.6978,1.6983,1.00,10.30
2008.08.08 05:22:01.454,1.6978,1.6983,1.00,12.50
2008.08.08 05:22:03.354,1.6978,1.6982,1.00,3.20
2008.08.08 05:22:03.935,1.6977,1.6982,7.20,4.30
2008.08.08 05:22:04.185,1.6977,1.6982,1.80,1.00
2008.08.08 05:22:04.435,1.6977,1.6982,1.00,9.30
2008.08.08 05:22:04.683,1.6977,1.69815,1.00,2.10
2008.08.08 05:22:04.984,1.6977,1.69815,1.00,7.50
2008.08.08 05:22:05.575,1.6978,1.69815,1.00,7.50
2008.08.08 05:22:05.715,1.6978,1.69815,1.80,7.50
2008.08.08 05:22:06.153,1.6978,1.69815,1.80,5.40
2008.08.08 05:22:06.297,1.6978,1.69825,1.80,7.50
2008.08.08 05:22:06.434,1.6978,1.69825,1.80,5.40
2008.08.08 05:22:06.581,1.6978,1.6983,1.80,8.60
2008.08.08 05:22:07.244,1.6978,1.6982,1.00,1.00
2008.08.08 05:22:07.871,1.6978,1.69825,1.80,5.40
2008.08.08 05:22:08.048,1.6979,1.69825,4.30,5.40
2008.08.08 05:22:08.280,1.6979,1.6983,4.00,8.60
2008.08.08 05:22:08.507,1.6979,1.6983,4.00,6.40
2008.08.08 05:22:08.626,1.6979,1.69835,1.80,5.40
2008.08.08 05:22:09.317,1.6981,1.6984,1.00,2.10
2008.08.08 05:22:09.667,1.6982,1.69845,1.00,7.50
2008.08.08 05:22:09.928,1.6983,1.69845,3.20,5.40
2008.08.08 05:22:10.175,1.6983,1.69905,5.10,7.50
2008.08.08 05:22:10.423,1.69845,1.69915,5.40,1.00
2008.08.08 05:22:10.673,1.6985,1.69915,5.40,1.00
2008.08.08 05:22:11.026,1.69855,1.69905,5.40,1.00
2008.08.08 05:22:11.143,1.69845,1.69895,5.40,1.00
2008.08.08 05:22:14.171,1.6983,1.6988,5.10,1.00
2008.08.08 05:22:14.293,1.6983,1.6988,5.10,3.20
2008.08.08 05:22:15.131,1.6983,1.6988,1.80,7.50
2008.08.08 05:22:15.488,1.6983,1.6988,5.10,8.60
2008.08.08 05:22:15.840,1.6983,1.6988,5.10,1.00
2008.08.08 05:22:15.963,1.6984,1.6988,4.00,1.00
2008.08.08 05:22:16.133,1.6984,1.6988,5.10,7.50
2008.08.08 05:22:16.394,1.6984,1.6988,5.10,5.40
2008.08.08 05:22:16.726,1.6984,1.6989,5.10,3.20
2008.08.08 05:22:16.851,1.6984,1.6989,5.10,8.60
2008.08.08 05:22:17.641,1.6983,1.6988,7.20,1.00
2008.08.08 05:22:17.999,1.6983,1.6988,1.80,1.00
2008.08.08 05:22:18.246,1.6983,1.6988,1.80,2.10
2008.08.08 05:22:18.531,1.6983,1.6988,1.80,7.50
2008.08.08 05:22:18.750,1.6983,1.6988,1.80,5.40
2008.08.08 05:22:18.971,1.6983,1.69885,1.80,7.50
2008.08.08 05:22:19.135,1.6984,1.69885,1.00,7.50
2008.08.08 05:22:19.446,1.6984,1.69885,4.30,5.40
2008.08.08 05:22:19.601,1.6985,1.6989,1.00,8.20
2008.08.08 05:22:19.759,1.6985,1.6989,1.00,6.00
2008.08.08 05:22:19.999,1.6985,1.6989,1.00,1.00
2008.08.08 05:22:20.330,1.6985,1.69895,1.00,7.50
2008.08.08 05:22:20.672,1.6985,1.6989,1.00,3.20
2008.08.08 05:22:21.014,1.6984,1.6989,1.00,4.90
2008.08.08 05:22:23.578,1.6985,1.6989,1.00,3.90
2008.08.08 05:22:23.827,1.6984,1.6989,1.00,4.90
2008.08.08 05:22:24.627,1.6985,1.6989,1.00,1.00
2008.08.08 05:22:24.870,1.6984,1.6989,1.00,4.90
2008.08.08 05:22:25.138,1.6984,1.6989,6.40,4.90
2008.08.08 05:22:25.984,1.6985,1.6989,1.00,3.90
2008.08.08 05:22:27.149,1.6985,1.6989,1.00,11.40
2008.08.08 05:22:28.851,1.6986,1.6989,1.00,1.00
2008.08.08 05:22:29.210,1.6986,1.69895,1.00,7.50
2008.08.08 05:22:29.384,1.6986,1.69895,1.00,2.10
2008.08.08 05:22:29.549,1.6985,1.6989,1.00,3.20
2008.08.08 05:22:29.842,1.6985,1.6989,1.00,3.90
2008.08.08 05:22:35.981,1.6984,1.6989,1.00,4.90
2008.08.08 05:22:36.117,1.6985,1.6989,1.00,4.30
2008.08.08 05:22:36.497,1.6985,1.6989,1.80,3.20
2008.08.08 05:22:36.550,1.6985,1.6989,1.00,4.30
2008.08.08 05:22:37.607,1.6985,1.6989,1.80,3.20
2008.08.08 05:22:38.248,1.6985,1.69895,5.10,7.50
2008.08.08 05:22:38.737,1.6985,1.69895,1.80,5.40
2008.08.08 05:22:38.910,1.6985,1.699,1.80,11.80
2008.08.08 05:22:39.125,1.6985,1.699,1.80,6.40
2008.08.08 05:22:39.205,1.6985,1.699,5.10,3.20
2008.08.08 05:22:42.747,1.6985,1.6989,1.80,3.20
2008.08.08 05:22:43.033,1.6985,1.6989,1.00,4.30
2008.08.08 05:22:45.204,1.6984,1.6989,1.00,4.90
2008.08.08 05:22:45.465,1.69835,1.6988,5.40,1.00
2008.08.08 05:22:45.726,1.6985,1.69885,3.20,2.10
2008.08.08 05:22:45.984,1.6985,1.69885,3.20,5.40
2008.08.08 05:22:46.244,1.6985,1.6989,4.00,8.60
2008.08.08 05:22:47.445,1.6985,1.6989,4.00,7.50
2008.08.08 05:22:47.492,1.6985,1.6989,5.10,7.50
2008.08.08 05:22:47.696,1.6986,1.6989,1.00,7.50
2008.08.08 05:22:47.894,1.6986,1.6989,1.00,5.40
2008.08.08 05:22:47.945,1.6985,1.6989,6.20,5.40
2008.08.08 05:22:47.995,1.6985,1.6989,5.40,5.40
2008.08.08 05:22:48.090,1.6985,1.699,5.40,1.70
2008.08.08 05:22:48.150,1.69845,1.699,5.40,1.70
2008.08.08 05:22:48.210,1.6985,1.699,4.30,1.70
2008.08.08 05:22:48.365,1.6985,1.6988,3.20,1.00
2008.08.08 05:22:48.874,1.6985,1.6988,4.00,1.00
2008.08.08 05:22:49.135,1.6985,1.6989,1.00,4.30
2008.08.08 05:22:52.108,1.6985,1.6988,1.00,1.00
2008.08.08 05:22:54.875,1.6984,1.6988,1.00,1.00
2008.08.08 05:22:55.047,1.6984,1.6987,1.00,1.00
2008.08.08 05:22:55.466,1.6984,1.6988,6.20,1.00
2008.08.08 05:22:55.821,1.6984,1.6989,7.20,8.60
2008.08.08 05:22:56.111,1.6986,1.6989,1.00,1.00
2008.08.08 05:22:56.402,1.6986,1.6989,4.00,1.00
2008.08.08 05:22:56.520,1.6986,1.699,4.00,8.60
2008.08.08 05:22:57.404,1.6986,1.6989,1.00,1.00
2008.08.08 05:23:04.752,1.6986,1.6989,1.00,4.30
2008.08.08 05:23:04.993,1.6986,1.6988,1.00,1.00
2008.08.08 05:23:05.089,1.6985,1.6988,1.00,1.00
2008.08.08 05:23:12.781,1.6985,1.6989,1.80,3.20
2008.08.08 05:23:12.878,1.6985,1.6988,1.00,1.00
2008.08.08 05:23:16.887,1.69835,1.6988,5.40,1.00
2008.08.08 05:23:17.085,1.6983,1.6988,7.20,1.00
2008.08.08 05:23:19.857,1.6983,1.6988,1.80,1.00
2008.08.08 05:23:20.706,1.6983,1.6988,1.80,3.20
2008.08.08 05:23:22.079,1.6983,1.6988,5.10,3.20
2008.08.08 05:23:22.273,1.6983,1.6987,5.10,2.10
2008.08.08 05:23:22.610,1.6983,1.6987,5.10,7.50
2008.08.08 05:23:24.707,1.6984,1.6987,5.10,7.50
2008.08.08 05:23:24.878,1.6984,1.6987,5.10,5.40
2008.08.08 05:23:25.206,1.6984,1.6988,5.10,7.50
2008.08.08 05:23:25.698,1.6984,1.6988,5.10,2.10
2008.08.08 05:23:28.403,1.6984,1.69885,5.10,2.10
2008.08.08 05:23:28.487,1.6984,1.69885,5.10,7.50
2008.08.08 05:23:28.805,1.6984,1.6988,5.10,2.10
2008.08.08 05:23:29.003,1.6984,1.6988,5.10,5.40
2008.08.08 05:23:29.412,1.6984,1.6989,5.10,8.60
2008.08.08 05:23:31.484,1.6984,1.6989,5.10,3.20
2008.08.08 05:23:32.983,1.6984,1.6989,5.10,1.00
2008.08.08 05:23:33.646,1.6986,1.69895,1.00,2.10
2008.08.08 05:23:33.854,1.6986,1.699,1.00,2.80
2008.08.08 05:23:34.134,1.6986,1.699,1.80,2.10
2008.08.08 05:23:34.412,1.6986,1.699,1.80,7.50
2008.08.08 05:23:34.693,1.6986,1.6991,1.80,8.60
2008.08.08 05:23:34.973,1.6986,1.6991,5.10,6.40
2008.08.08 05:23:35.294,1.6986,1.6991,1.80,6.40
2008.08.08 05:23:35.618,1.6986,1.6989,5.40,1.00
2008.08.08 05:23:36.125,1.69855,1.6989,5.40,1.00
2008.08.08 05:23:36.311,1.69855,1.6989,5.40,3.20
2008.08.08 05:23:36.495,1.6984,1.6989,9.40,2.10
2008.08.08 05:23:36.671,1.6984,1.6989,4.00,7.50
2008.08.08 05:23:36.851,1.6984,1.6989,4.00,5.40
2008.08.08 05:23:37.040,1.6986,1.699,4.30,7.50
2008.08.08 05:23:37.655,1.6986,1.699,5.10,2.10
2008.08.08 05:23:37.964,1.6986,1.6991,5.10,8.60
2008.08.08 05:23:40.571,1.6985,1.699,9.40,1.00
2008.08.08 05:23:40.851,1.6985,1.6989,6.20,1.00
2008.08.08 05:23:41.130,1.6984,1.6989,10.50,1.00
2008.08.08 05:23:41.410,1.6984,1.6989,5.10,8.60
2008.08.08 05:23:41.691,1.6986,1.6989,1.00,7.50
2008.08.08 05:23:42.242,1.6985,1.6989,1.00,6.40
2008.08.08 05:23:42.520,1.6985,1.6989,1.00,1.00
2008.08.08 05:23:42.803,1.6986,1.69895,1.00,7.50
2008.08.08 05:23:43.131,1.6984,1.6989,1.80,7.50
2008.08.08 05:23:43.342,1.6986,1.6989,3.20,7.50
2008.08.08 05:23:43.461,1.6986,1.6989,4.30,7.50
2008.08.08 05:23:43.606,1.6986,1.69895,4.30,7.50
2008.08.08 05:23:43.966,1.6985,1.69895,3.20,5.40
2008.08.08 05:23:44.260,1.6984,1.6989,2.10,1.00
2008.08.08 05:23:44.544,1.6983,1.6989,6.20,6.40
2008.08.08 05:23:44.820,1.6983,1.6988,6.20,2.10
2008.08.08 05:23:45.088,1.6983,1.6988,1.00,7.50
2008.08.08 05:23:47.129,1.6983,1.6987,1.00,1.00
2008.08.08 05:23:47.558,1.6982,1.6987,9.40,1.00
2008.08.08 05:23:47.852,1.6982,1.6987,4.00,1.00
2008.08.08 05:23:48.340,1.6983,1.69875,1.00,7.50
2008.08.08 05:23:48.610,1.6983,1.6987,1.00,1.00
2008.08.08 05:23:49.138,1.6982,1.6987,4.00,1.00
2008.08.08 05:23:49.234,1.6984,1.69875,1.00,7.50
2008.08.08 05:23:49.399,1.6984,1.69875,4.30,7.50
2008.08.08 05:23:49.619,1.6984,1.69875,4.30,5.40
2008.08.08 05:23:49.942,1.6984,1.6988,4.30,1.00
2008.08.08 05:23:52.798,1.6984,1.69885,4.30,7.50
2008.08.08 05:23:53.049,1.6984,1.69885,4.30,5.40
2008.08.08 05:23:53.297,1.6984,1.6989,4.30,9.30
2008.08.08 05:23:55.688,1.6984,1.6988,3.20,1.00
2008.08.08 05:23:56.248,1.6984,1.6988,3.20,1.70
2008.08.08 05:24:00.066,1.6984,1.6987,3.20,1.00
2008.08.08 05:24:02.170,1.6983,1.6987,1.00,1.00
2008.08.08 05:24:03.036,1.6983,1.6987,6.40,1.00
2008.08.08 05:24:03.246,1.6983,1.6988,1.80,3.20
2008.08.08 05:24:03.713,1.6983,1.6988,1.80,6.40
2008.08.08 05:24:03.926,1.6983,1.6988,1.80,1.00
2008.08.08 05:24:05.667,1.6983,1.6988,5.10,1.00
2008.08.08 05:24:06.214,1.6983,1.6988,4.30,3.90
2008.08.08 05:24:06.488,1.6983,1.6987,3.20,1.00
2008.08.08 05:24:09.513,1.6983,1.6988,3.20,10.30
2008.08.08 05:24:09.644,1.6983,1.6988,4.30,9.30
2008.08.08 05:24:16.003,1.6985,1.6988,1.00,8.20
2008.08.08 05:24:16.267,1.6985,1.6988,2.10,7.50
2008.08.08 05:24:16.405,1.6985,1.6988,2.10,5.40
2008.08.08 05:24:16.499,1.6986,1.6988,1.00,5.40
2008.08.08 05:24:16.678,1.6986,1.69895,1.00,7.50
2008.08.08 05:24:16.767,1.6986,1.69895,1.80,7.50
2008.08.08 05:24:17.078,1.6986,1.69895,1.80,5.40
2008.08.08 05:24:17.423,1.6986,1.69905,1.80,5.40
2008.08.08 05:24:17.772,1.6986,1.6991,1.80,8.60
2008.08.08 05:24:18.514,1.6986,1.699,1.00,1.00
2008.08.08 05:24:18.778,1.6986,1.699,3.20,1.00
2008.08.08 05:24:19.071,1.6985,1.699,3.20,1.00
2008.08.08 05:24:19.334,1.6986,1.69905,4.30,5.40
2008.08.08 05:24:19.495,1.6986,1.6991,4.30,1.00
2008.08.08 05:24:19.613,1.6986,1.69905,4.30,7.50
2008.08.08 05:24:19.732,1.6986,1.69905,5.40,5.40
2008.08.08 05:24:19.852,1.6986,1.69905,6.20,5.40
2008.08.08 05:24:20.099,1.6986,1.6991,6.20,8.60
2008.08.08 05:24:20.220,1.6986,1.6991,6.20,6.40
2008.08.08 05:24:20.612,1.6986,1.6991,4.30,1.00
2008.08.08 05:24:20.960,1.6986,1.699,4.30,7.50
2008.08.08 05:24:22.576,1.6986,1.699,1.00,7.50
2008.08.08 05:24:23.061,1.6986,1.699,1.00,5.40
2008.08.08 05:24:23.292,1.6985,1.699,3.20,1.00
2008.08.08 05:24:23.412,1.69845,1.699,5.40,3.20
2008.08.08 05:24:23.529,1.6984,1.699,6.40,8.60
2008.08.08 05:24:23.837,1.6984,1.6989,1.00,2.10
2008.08.08 05:24:24.099,1.6984,1.6989,1.00,7.50
2008.08.08 05:24:27.248,1.6984,1.6989,4.30,7.50
2008.08.08 05:24:27.540,1.6984,1.6989,4.30,8.60
2008.08.08 05:24:27.776,1.6984,1.69885,4.30,2.10
2008.08.08 05:24:27.960,1.6983,1.69885,1.80,7.50
2008.08.08 05:24:28.154,1.6983,1.6988,1.00,7.50
2008.08.08 05:24:31.087,1.6983,1.6988,1.00,5.40
2008.08.08 05:24:31.357,1.6983,1.6989,6.40,8.60
2008.08.08 05:24:33.071,1.6983,1.6988,6.40,1.00
2008.08.08 05:24:33.739,1.6983,1.6988,1.00,1.00
2008.08.08 05:24:35.069,1.69825,1.6987,5.40,1.00
2008.08.08 05:24:35.675,1.6983,1.6987,3.20,1.00
2008.08.08 05:24:36.101,1.6983,1.6986,3.20,1.00
2008.08.08 05:24:36.194,1.69825,1.6986,5.40,1.00
2008.08.08 05:24:36.521,1.69825,1.6984,5.40,1.00
2008.08.08 05:24:36.718,1.6982,1.6984,5.40,1.00
2008.08.08 05:24:36.809,1.6981,1.6984,4.00,1.00
2008.08.08 05:24:36.898,1.6981,1.69845,4.30,5.40
2008.08.08 05:24:36.989,1.6981,1.69855,4.30,7.50
2008.08.08 05:24:38.373,1.6981,1.69855,5.10,5.40
2008.08.08 05:24:38.573,1.6981,1.6986,5.10,8.60
2008.08.08 05:24:38.769,1.6982,1.6986,1.00,5.40
2008.08.08 05:24:39.008,1.6982,1.6986,6.40,5.40
2008.08.08 05:24:39.282,1.6982,1.6987,11.80,1.00
2008.08.08 05:24:39.560,1.6983,1.6987,5.40,1.00
2008.08.08 05:24:39.827,1.69825,1.6987,5.40,1.00
2008.08.08 05:24:40.355,1.6982,1.6987,9.70,1.00
2008.08.08 05:24:40.625,1.6982,1.6987,6.40,1.00
2008.08.08 05:24:40.897,1.6982,1.6987,5.40,1.00
2008.08.08 05:24:41.173,1.6983,1.6987,1.00,1.00
2008.08.08 05:24:41.254,1.6985,1.69875,1.00,7.50
2008.08.08 05:24:41.469,1.6985,1.69875,1.00,5.40
2008.08.08 05:24:41.591,1.6985,1.69875,4.30,5.40
2008.08.08 05:24:41.699,1.6985,1.69875,5.10,5.40
2008.08.08 05:24:41.854,1.6985,1.69875,1.80,5.40
2008.08.08 05:24:42.560,1.6986,1.6993,1.00,7.50
2008.08.08 05:24:42.913,1.69865,1.6994,5.40,7.50
2008.08.08 05:24:43.261,1.69865,1.69935,5.40,2.10
2008.08.08 05:24:43.578,1.6986,1.6992,5.40,7.50
2008.08.08 05:24:46.837,1.6986,1.6991,5.40,1.00
2008.08.08 05:24:47.267,1.6986,1.699,5.40,1.00
2008.08.08 05:24:47.579,1.6985,1.699,10.50,1.00
2008.08.08 05:24:49.534,1.6986,1.6991,1.00,8.60
2008.08.08 05:24:49.724,1.6985,1.699,10.50,1.00
2008.08.08 05:24:49.783,1.6985,1.6991,10.50,6.40
2008.08.08 05:24:50.040,1.6986,1.6991,1.00,6.40
2008.08.08 05:24:50.085,1.6986,1.6991,6.40,1.00
2008.08.08 05:24:50.256,1.6986,1.6991,6.40,3.20
2008.08.08 05:24:50.494,1.6986,1.6991,1.00,8.60
2008.08.08 05:24:50.613,1.6986,1.6991,1.80,8.60
2008.08.08 05:24:50.964,1.6986,1.6991,1.80,6.40
2008.08.08 05:24:51.313,1.6986,1.6991,7.20,1.00
2008.08.08 05:24:52.424,1.6987,1.6991,3.20,1.00
2008.08.08 05:24:52.735,1.6988,1.6992,1.00,5.40
2008.08.08 05:24:52.871,1.6988,1.6993,1.00,12.50
2008.08.08 05:24:53.594,1.6988,1.6993,3.20,12.50
2008.08.08 05:24:53.728,1.6988,1.6991,2.10,1.00
2008.08.08 05:24:53.857,1.6987,1.6991,11.60,1.00
2008.08.08 05:24:54.395,1.6988,1.6992,1.00,2.10
2008.08.08 05:24:54.665,1.6988,1.6992,1.00,5.40
2008.08.08 05:24:54.933,1.6987,1.6991,7.00,1.00
2008.08.08 05:24:55.182,1.6987,1.6991,4.00,1.00
2008.08.08 05:24:55.913,1.6987,1.69915,5.10,7.50
2008.08.08 05:24:56.122,1.6987,1.69915,5.90,7.50
2008.08.08 05:24:56.334,1.6988,1.69915,1.00,7.50
2008.08.08 05:24:56.444,1.6988,1.69915,1.00,2.10
2008.08.08 05:24:56.552,1.6988,1.6993,1.00,4.30
2008.08.08 05:24:57.042,1.6989,1.6993,5.40,4.30
2008.08.08 05:24:57.222,1.6989,1.6992,5.40,1.00
2008.08.08 05:24:58.452,1.6989,1.6992,5.40,2.10
2008.08.08 05:24:58.523,1.6989,1.6991,5.40,1.00
2008.08.08 05:24:58.822,1.6985,1.6991,8.60,1.70
2008.08.08 05:24:59.186,1.6985,1.6989,5.40,1.00
2008.08.08 05:24:59.483,1.69835,1.6989,5.40,1.00
2008.08.08 05:24:59.783,1.6985,1.6989,5.40,1.00
2008.08.08 05:25:01.453,1.6986,1.699,3.20,3.20
2008.08.08 05:25:01.574,1.6986,1.699,3.20,1.00
2008.08.08 05:25:03.002,1.6986,1.699,8.60,1.00
2008.08.08 05:25:03.755,1.6986,1.699,5.40,1.00
2008.08.08 05:25:03.949,1.6986,1.6989,5.40,1.00
2008.08.08 05:25:04.236,1.6985,1.6989,5.40,1.00
2008.08.08 05:25:04.764,1.6984,1.6989,6.20,1.00
2008.08.08 05:25:04.933,1.6984,1.6987,6.20,1.00
2008.08.08 05:25:05.109,1.6984,1.6987,5.40,1.00
2008.08.08 05:25:05.431,1.6984,1.6987,5.40,3.20
2008.08.08 05:25:05.606,1.6982,1.6987,5.10,3.20
2008.08.08 05:25:06.291,1.6983,1.6987,1.00,2.10
2008.08.08 05:25:06.648,1.6983,1.6988,1.00,8.60
2008.08.08 05:25:06.840,1.6983,1.6988,1.80,8.60
2008.08.08 05:25:07.040,1.6983,1.6988,7.20,3.20
2008.08.08 05:25:07.248,1.6983,1.6988,7.20,1.00
2008.08.08 05:25:08.348,1.6983,1.6988,1.80,8.60
2008.08.08 05:25:08.824,1.6985,1.6988,3.20,8.60
2008.08.08 05:25:09.282,1.6985,1.6988,3.20,7.50
2008.08.08 05:25:09.501,1.6985,1.6988,4.30,5.40
2008.08.08 05:25:09.668,1.6986,1.699,1.00,5.40
2008.08.08 05:25:09.834,1.6987,1.699,1.80,5.40
2008.08.08 05:25:10.052,1.6987,1.69905,1.80,5.40
2008.08.08 05:25:10.376,1.6987,1.6991,1.80,7.50
2008.08.08 05:25:11.108,1.6987,1.6991,1.00,8.60
2008.08.08 05:25:11.310,1.6987,1.6991,1.00,8.20
2008.08.08 05:25:11.511,1.6988,1.6991,1.80,5.40
2008.08.08 05:25:11.714,1.6988,1.69905,1.80,5.40
2008.08.08 05:25:11.925,1.6988,1.6992,9.40,1.00
2008.08.08 05:25:12.186,1.6988,1.6993,7.20,1.00
2008.08.08 05:25:12.605,1.6988,1.69935,7.20,2.10
2008.08.08 05:25:12.821,1.6988,1.6994,6.20,9.30
2008.08.08 05:25:13.096,1.69885,1.6994,5.40,1.70
2008.08.08 05:25:13.290,1.69885,1.6993,5.40,1.00
2008.08.08 05:25:13.677,1.6987,1.6993,7.20,6.40
2008.08.08 05:25:14.298,1.6987,1.69925,1.80,7.50
2008.08.08 05:25:15.230,1.6987,1.69925,1.80,5.40
2008.08.08 05:25:15.437,1.6987,1.6993,7.20,7.50
2008.08.08 05:25:15.849,1.69875,1.69935,5.40,7.50
2008.08.08 05:25:16.664,1.69875,1.6993,5.40,2.10
2008.08.08 05:25:16.779,1.69875,1.6993,5.40,1.00
2008.08.08 05:25:16.897,1.69875,1.69925,5.40,2.10
2008.08.08 05:25:17.023,1.69875,1.6992,5.40,1.00
2008.08.08 05:25:17.199,1.6987,1.6992,1.80,1.00
2008.08.08 05:25:17.490,1.6987,1.69925,1.80,5.40
2008.08.08 05:25:17.825,1.6987,1.69925,7.20,2.10
2008.08.08 05:25:18.387,1.6987,1.69925,1.80,7.50
2008.08.08 05:25:18.959,1.6987,1.6992,1.80,1.00
2008.08.08 05:25:19.225,1.6987,1.6992,1.80,3.20
2008.08.08 05:25:19.398,1.6987,1.69915,1.80,2.10
2008.08.08 05:25:19.810,1.6987,1.6992,1.80,2.10
2008.08.08 05:25:19.901,1.6987,1.69915,1.80,5.40
2008.08.08 05:25:19.997,1.6987,1.6992,1.80,8.60
2008.08.08 05:25:20.196,1.6987,1.69915,1.80,2.10
2008.08.08 05:25:20.629,1.6987,1.69915,1.80,5.40
2008.08.08 05:25:20.990,1.6987,1.6991,1.00,1.00
2008.08.08 05:25:21.344,1.6987,1.69915,1.80,7.50
2008.08.08 05:25:22.236,1.6987,1.69915,1.80,5.40
2008.08.08 05:25:22.696,1.6987,1.6992,1.80,7.50
2008.08.08 05:25:25.274,1.6987,1.6992,1.80,8.60
2008.08.08 05:25:25.436,1.6987,1.6992,1.80,7.50
2008.08.08 05:25:25.786,1.6987,1.6992,1.80,6.40
2008.08.08 05:25:26.143,1.6987,1.6992,1.80,1.00
2008.08.08 05:25:26.488,1.6987,1.6991,1.00,1.00
2008.08.08 05:25:26.765,1.6987,1.6991,6.20,1.00
2008.08.08 05:25:26.864,1.6987,1.6992,10.50,1.00
2008.08.08 05:25:27.387,1.6988,1.6992,1.00,1.00
2008.08.08 05:25:28.246,1.6988,1.6992,2.10,1.00
2008.08.08 05:25:28.447,1.6989,1.6991,5.40,1.00
2008.08.08 05:25:28.825,1.6989,1.6992,5.40,1.00
2008.08.08 05:25:29.014,1.6988,1.6992,1.00,1.00
2008.08.08 05:25:29.383,1.6987,1.6992,7.20,1.00
2008.08.08 05:25:29.574,1.6987,1.6992,1.80,1.00
2008.08.08 05:25:31.175,1.6987,1.6991,1.00,1.00
2008.08.08 05:25:33.324,1.6989,1.6991,1.00,1.00
2008.08.08 05:25:33.409,1.6989,1.69925,1.00,7.50
2008.08.08 05:25:33.504,1.6989,1.6992,1.00,2.10
2008.08.08 05:25:33.606,1.6989,1.69925,1.00,5.40
2008.08.08 05:25:33.767,1.6989,1.6992,1.00,5.40
2008.08.08 05:25:33.809,1.6989,1.69935,1.00,5.40
2008.08.08 05:25:34.064,1.6989,1.6994,1.00,1.00
2008.08.08 05:25:34.300,1.6989,1.6995,1.80,9.70
2008.08.08 05:25:34.507,1.699,1.6993,6.20,1.00
2008.08.08 05:25:34.715,1.699,1.6993,5.40,1.00
2008.08.08 05:25:34.924,1.69895,1.6993,5.40,3.20
2008.08.08 05:25:35.123,1.6986,1.69925,7.20,2.10
2008.08.08 05:25:35.326,1.6986,1.69925,1.80,7.50
2008.08.08 05:25:35.713,1.6987,1.69925,3.20,7.50
2008.08.08 05:25:35.913,1.6987,1.69925,1.00,7.50
2008.08.08 05:25:36.114,1.6987,1.69925,5.40,7.50
2008.08.08 05:25:36.294,1.6988,1.69925,5.40,5.40
2008.08.08 05:25:36.641,1.6988,1.6993,5.40,6.40
2008.08.08 05:25:36.812,1.69895,1.6993,5.40,1.00
2008.08.08 05:25:38.332,1.699,1.6993,5.40,1.00
2008.08.08 05:25:38.446,1.699,1.6992,5.40,1.00
2008.08.08 05:25:38.748,1.699,1.69925,5.40,2.10
2008.08.08 05:25:39.243,1.6988,1.6992,1.00,1.00
2008.08.08 05:25:39.912,1.6987,1.6991,7.20,1.00
2008.08.08 05:25:40.143,1.6987,1.6991,6.20,1.00
2008.08.08 05:25:40.313,1.6987,1.699,6.20,1.00
2008.08.08 05:25:40.522,1.6987,1.6992,7.20,1.00
2008.08.08 05:25:40.692,1.6987,1.6992,1.00,1.70
2008.08.08 05:25:40.873,1.6988,1.6992,1.00,2.80
2008.08.08 05:25:41.046,1.6988,1.6992,1.00,2.10
2008.08.08 05:25:41.240,1.6988,1.6993,1.00,7.10
2008.08.08 05:25:42.052,1.6988,1.6993,1.00,9.30
2008.08.08 05:25:42.262,1.6987,1.6993,5.40,9.30
2008.08.08 05:25:42.671,1.6986,1.6992,9.40,5.40
2008.08.08 05:25:43.081,1.6986,1.6992,9.40,7.50
2008.08.08 05:25:43.744,1.6986,1.6992,18.90,7.50
2008.08.08 05:25:43.991,1.6986,1.6992,18.90,5.40
2008.08.08 05:25:44.341,1.6987,1.69925,1.00,7.50
2008.08.08 05:25:44.582,1.6987,1.6992,1.00,4.30
2008.08.08 05:25:44.822,1.6987,1.6992,1.00,6.40
2008.08.08 05:25:45.060,1.6987,1.6992,1.00,11.80
2008.08.08 05:25:45.781,1.6987,1.6992,1.00,9.70
2008.08.08 05:25:46.031,1.6987,1.6992,6.20,4.30
2008.08.08 05:25:46.733,1.6987,1.6992,1.00,9.70
2008.08.08 05:25:46.893,1.6987,1.6992,1.00,11.80
2008.08.08 05:25:47.730,1.6987,1.6992,1.00,7.50
2008.08.08 05:25:48.340,1.6987,1.6992,1.00,5.40
2008.08.08 05:25:48.902,1.69875,1.6993,5.40,1.00
2008.08.08 05:25:51.309,1.6987,1.6992,1.00,5.40
2008.08.08 05:25:52.860,1.69875,1.6993,5.40,1.00
2008.08.08 05:25:54.350,1.69875,1.69925,5.40,2.10
2008.08.08 05:25:54.859,1.6987,1.6992,1.00,5.40
2008.08.08 05:25:57.909,1.6989,1.6992,1.00,5.40
2008.08.08 05:25:58.342,1.6989,1.6993,1.00,8.20
2008.08.08 05:25:59.126,1.6988,1.6993,1.00,9.30
2008.08.08 05:25:59.377,1.6989,1.6992,1.00,3.20
2008.08.08 05:25:59.628,1.6987,1.6991,5.40,1.00
2008.08.08 05:26:00.118,1.6986,1.6991,5.10,1.00
2008.08.08 05:26:00.495,1.6986,1.6991,4.30,1.70
2008.08.08 05:26:00.610,1.69855,1.699,5.40,1.00
2008.08.08 05:26:01.362,1.6987,1.69905,1.00,2.10
2008.08.08 05:26:01.711,1.6987,1.6992,1.80,8.60
2008.08.08 05:26:02.066,1.6988,1.69925,1.00,7.50
2008.08.08 05:26:02.555,1.6988,1.6993,1.00,9.30
2008.08.08 05:26:02.805,1.6988,1.6993,1.00,11.40
2008.08.08 05:26:03.317,1.6987,1.6992,7.20,1.00
2008.08.08 05:26:03.442,1.6987,1.6991,5.40,1.00
2008.08.08 05:26:04.999,1.6987,1.6991,3.20,1.00
2008.08.08 05:26:05.286,1.6988,1.6991,1.00,1.00
2008.08.08 05:26:08.374,1.6988,1.6992,1.00,1.00
2008.08.08 05:26:08.483,1.6988,1.6993,1.80,11.80
2008.08.08 05:26:08.813,1.6988,1.6993,1.80,9.70
2008.08.08 05:26:08.924,1.69885,1.6993,5.40,4.30
2008.08.08 05:26:09.183,1.69885,1.6993,5.40,6.40
2008.08.08 05:26:09.406,1.6987,1.6991,5.40,1.00
2008.08.08 05:26:09.635,1.6987,1.69905,5.40,2.10
2008.08.08 05:26:10.087,1.6987,1.69905,1.80,2.10
2008.08.08 05:26:10.326,1.6987,1.69905,1.80,5.40
2008.08.08 05:26:10.595,1.6987,1.6992,1.80,11.80
2008.08.08 05:26:11.106,1.6986,1.6992,10.50,6.40
2008.08.08 05:26:11.365,1.69865,1.6992,5.40,1.00
2008.08.08 05:26:12.933,1.69865,1.6991,5.40,2.10
2008.08.08 05:26:13.144,1.6986,1.6991,5.10,7.50
2008.08.08 05:26:13.805,1.6988,1.6991,1.00,5.40
2008.08.08 05:26:13.977,1.6987,1.6991,1.00,5.40
2008.08.08 05:26:14.052,1.6987,1.6992,1.00,9.30
2008.08.08 05:26:14.173,1.6987,1.6992,1.00,12.50
2008.08.08 05:26:14.502,1.6987,1.6992,1.00,10.30
2008.08.08 05:26:14.705,1.6988,1.6992,1.00,8.60
2008.08.08 05:26:15.195,1.6988,1.6992,1.00,6.40
2008.08.08 05:26:15.402,1.6988,1.6992,1.00,1.00
2008.08.08 05:26:16.152,1.6988,1.6993,1.80,14.00
2008.08.08 05:26:16.393,1.6988,1.69915,1.80,2.10
2008.08.08 05:26:16.583,1.6988,1.69915,1.80,7.50
2008.08.08 05:26:17.953,1.6988,1.69915,1.00,7.50
2008.08.08 05:26:18.272,1.6988,1.69915,1.00,5.40
2008.08.08 05:26:18.381,1.6988,1.6992,1.00,11.80
2008.08.08 05:26:18.622,1.6988,1.6991,1.00,1.00
2008.08.08 05:26:19.494,1.6988,1.6992,1.80,7.50
2008.08.08 05:26:19.612,1.6988,1.6992,1.00,8.60
2008.08.08 05:26:19.733,1.6988,1.6992,1.00,11.80
2008.08.08 05:26:19.851,1.6988,1.6992,1.00,9.70
2008.08.08 05:26:19.971,1.6988,1.69915,1.00,2.10
2008.08.08 05:26:20.312,1.6988,1.69915,1.00,7.50
2008.08.08 05:26:21.613,1.6988,1.69915,1.80,7.50
2008.08.08 05:26:22.101,1.6988,1.6993,1.80,11.80
2008.08.08 05:26:22.271,1.6988,1.6993,7.20,4.30
2008.08.08 05:26:22.883,1.6988,1.6993,6.40,1.70
2008.08.08 05:26:23.194,1.6988,1.6992,5.40,1.00
2008.08.08 05:26:23.353,1.6988,1.6991,5.40,3.20
2008.08.08 05:26:23.520,1.6987,1.6991,1.80,3.20
2008.08.08 05:26:23.971,1.6987,1.69905,1.00,2.10
2008.08.08 05:26:24.191,1.6986,1.69905,1.80,2.10
2008.08.08 05:26:24.453,1.6987,1.69905,1.00,7.50
2008.08.08 05:26:24.880,1.6987,1.6992,1.00,12.50
2008.08.08 05:26:26.774,1.6987,1.6992,5.10,8.60
2008.08.08 05:26:27.520,1.6987,1.6992,5.10,6.40
2008.08.08 05:26:27.980,1.6987,1.6992,5.10,1.00
2008.08.08 05:26:28.320,1.69875,1.6992,5.40,1.00
2008.08.08 05:26:28.664,1.6988,1.6993,1.00,4.90
2008.08.08 05:26:28.884,1.69875,1.6992,5.40,4.90
2008.08.08 05:26:29.148,1.6988,1.6992,5.40,4.90
2008.08.08 05:26:29.359,1.6987,1.6992,6.40,4.90
2008.08.08 05:26:32.940,1.6988,1.6992,3.20,1.70
2008.08.08 05:26:33.101,1.6989,1.6992,1.00,1.00
2008.08.08 05:26:33.850,1.6989,1.6992,6.20,1.00
2008.08.08 05:26:34.987,1.6989,1.6992,5.40,1.00
2008.08.08 05:26:35.821,1.69885,1.699,5.40,1.00
2008.08.08 05:26:35.951,1.69885,1.6991,5.40,1.00
2008.08.08 05:26:36.419,1.6988,1.6991,4.00,1.00
2008.08.08 05:26:36.768,1.6988,1.6991,1.00,1.00
2008.08.08 05:26:37.778,1.6987,1.6991,4.00,1.00
2008.08.08 05:26:40.733,1.6987,1.6991,1.00,1.00
2008.08.08 05:26:41.214,1.6987,1.6991,4.00,1.00
2008.08.08 05:26:41.525,1.6987,1.6992,5.10,8.60
2008.08.08 05:26:41.807,1.6987,1.6992,5.10,1.00
2008.08.08 05:26:44.166,1.6988,1.69925,1.00,7.50
2008.08.08 05:26:48.318,1.6988,1.69925,4.30,7.50
2008.08.08 05:26:48.516,1.6988,1.69925,3.20,7.50
2008.08.08 05:26:48.660,1.6988,1.6992,3.20,1.00
2008.08.08 05:26:48.698,1.6988,1.6992,4.00,1.00
2008.08.08 05:26:50.472,1.6988,1.6991,1.00,1.00
2008.08.08 05:26:50.948,1.6988,1.69925,1.00,2.10
2008.08.08 05:26:51.164,1.6988,1.69925,1.00,7.50
2008.08.08 05:26:51.384,1.6988,1.69925,1.00,5.40
2008.08.08 05:26:51.675,1.69875,1.6992,5.40,1.00
2008.08.08 05:26:52.245,1.6988,1.69925,1.00,2.10
2008.08.08 05:26:52.534,1.6988,1.69925,1.00,7.50
2008.08.08 05:26:54.164,1.6988,1.6992,1.00,5.40
2008.08.08 05:26:54.983,1.6988,1.69925,1.00,2.10
2008.08.08 05:26:55.152,1.6988,1.6993,1.00,12.50
2008.08.08 05:26:55.608,1.6988,1.6993,4.30,9.30
2008.08.08 05:26:55.697,1.6988,1.6993,5.10,8.60
2008.08.08 05:26:56.055,1.6988,1.6993,5.10,3.20
2008.08.08 05:26:56.407,1.6988,1.6993,5.10,1.00
2008.08.08 05:26:56.774,1.6988,1.6992,9.40,1.00
2008.08.08 05:26:57.032,1.6988,1.6992,4.00,1.00
2008.08.08 05:26:59.680,1.6988,1.6991,1.00,1.00
