2018.04.05 22:00:00.120,1.59262,1.59289,0.19,0.37
2018.04.05 22:00:00.246,1.59262,1.59293,0.19,0.37
2018.04.05 22:00:00.299,1.59264,1.59297,0.37,0.45
2018.04.05 22:00:00.405,1.5927,1.59297,0.19,0.45
2018.04.05 22:00:00.511,1.59273,1.59302,0.19,0.45
2018.04.05 22:00:00.668,1.5928,1.59302,0.37,0.45
2018.04.05 22:00:00.720,1.59277,1.59302,0.19,0.45
2018.04.05 22:00:00.772,1.59275,1.59302,0.19,0.45
2018.04.05 22:00:01.035,1.59275,1.59306,0.56,0.75
2018.04.05 22:00:01.087,1.59282,1.59307,0.19,0.45
2018.04.05 22:00:01.139,1.59271,1.59307,0.75,0.45
2018.04.05 22:00:01.243,1.59272,1.59297,0.19,0.75
2018.04.05 22:00:01.295,1.59269,1.59297,0.19,0.75
2018.04.05 22:00:01.996,1.59271,1.59297,0.19,0.75
2018.04.05 22:00:02.099,1.59272,1.593,0.19,0.37
2018.04.05 22:00:02.280,1.59274,1.593,0.19,0.37
2018.04.05 22:00:02.332,1.59269,1.59303,0.94,0.45
2018.04.05 22:00:02.383,1.59268,1.59301,0.19,0.37
2018.04.05 22:00:02.692,1.59276,1.59304,0.37,0.45
2018.04.05 22:00:02.998,1.59278,1.59305,0.75,0.45
2018.04.05 22:00:03.304,1.59278,1.59303,0.75,0.45
2018.04.05 22:00:03.639,1.59275,1.59303,0.37,0.45
2018.04.05 22:00:04.632,1.59276,1.59303,0.19,0.45
2018.04.05 22:00:05.208,1.59278,1.59303,0.75,0.45
2018.04.05 22:00:05.260,1.59279,1.59307,0.75,0.45
2018.04.05 22:00:05.364,1.59279,1.59309,0.19,0.45
2018.04.05 22:00:05.736,1.59281,1.59309,0.19,0.45
2018.04.05 22:00:05.788,1.59279,1.59309,0.19,0.45
2018.04.05 22:00:06.400,1.59277,1.59309,0.94,1.20
2018.04.05 22:00:07.220,1.59278,1.59309,0.19,1.20
2018.04.05 22:00:07.648,1.59277,1.59305,0.19,0.75
2018.04.05 22:00:07.803,1.59277,1.59308,0.19,1.12
2018.04.05 22:00:08.599,1.59277,1.5931,0.19,0.75
2018.04.05 22:00:09.392,1.59277,1.59309,0.19,0.75
2018.04.05 22:00:10.394,1.59275,1.59309,0.19,0.75
2018.04.05 22:00:10.617,1.59275,1.59307,0.19,0.75
2018.04.05 22:00:10.997,1.59273,1.59307,0.19,0.75
2018.04.05 22:00:11.187,1.59275,1.59307,0.19,0.75
2018.04.05 22:00:11.498,1.59265,1.59292,0.19,0.75
2018.04.05 22:00:11.550,1.59263,1.59295,0.19,0.37
2018.04.05 22:00:11.968,1.59259,1.59295,0.19,1.12
2018.04.05 22:00:12.020,1.59259,1.59291,0.19,0.75
2018.04.05 22:00:12.331,1.59262,1.59287,0.19,0.75
2018.04.05 22:00:12.435,1.59262,1.59289,0.19,0.75
2018.04.05 22:00:12.487,1.59266,1.59289,0.19,0.75
2018.04.05 22:00:12.540,1.59268,1.59298,0.19,0.75
2018.04.05 22:00:12.738,1.5927,1.59297,0.19,0.75
2018.04.05 22:00:12.894,1.59271,1.59299,0.56,0.75
2018.04.05 22:00:12.946,1.59271,1.59302,0.56,0.75
2018.04.05 22:00:13.153,1.59271,1.59304,0.56,0.75
2018.04.05 22:00:13.257,1.59271,1.59302,0.56,0.75
2018.04.05 22:00:13.692,1.59279,1.59302,0.37,0.75
2018.04.05 22:00:14.025,1.59298,1.59313,0.37,0.75
2018.04.05 22:00:14.077,1.59294,1.59314,0.37,1.51
2018.04.05 22:00:14.129,1.59297,1.59312,0.19,0.75
2018.04.05 22:00:14.182,1.59293,1.59312,0.19,0.75
2018.04.05 22:00:14.236,1.59293,1.59306,0.19,0.75
2018.04.05 22:00:14.289,1.59284,1.59306,0.19,0.75
2018.04.05 22:00:14.342,1.59282,1.59304,0.19,1.20
2018.04.05 22:00:14.394,1.59278,1.59304,0.37,0.75
2018.04.05 22:00:14.447,1.59276,1.59304,0.94,0.75
2018.04.05 22:00:14.500,1.59277,1.59301,0.37,0.75
2018.04.05 22:00:14.814,1.59275,1.59297,0.37,1.50
2018.04.05 22:00:15.143,1.59276,1.59295,0.75,0.75
2018.04.05 22:00:15.246,1.59277,1.59297,0.19,0.75
2018.04.05 22:00:15.350,1.59279,1.59297,0.37,0.75
2018.04.05 22:00:16.148,1.59279,1.59296,0.37,0.75
2018.04.05 22:00:16.406,1.59277,1.59296,0.19,0.75
2018.04.05 22:00:16.458,1.59279,1.59298,0.37,1.50
2018.04.05 22:00:16.510,1.59277,1.59298,0.94,0.75
2018.04.05 22:00:16.590,1.59277,1.59296,0.94,0.75
2018.04.05 22:00:16.642,1.59277,1.593,0.94,0.75
2018.04.05 22:00:16.900,1.59281,1.593,0.37,0.75
2018.04.05 22:00:17.155,1.59275,1.59302,0.19,0.37
2018.04.05 22:00:17.209,1.59273,1.59303,0.19,0.75
2018.04.05 22:00:17.260,1.5927,1.59291,0.19,0.37
2018.04.05 22:00:17.312,1.59267,1.59297,0.19,0.75
2018.04.05 22:00:17.363,1.59263,1.59294,0.19,0.75
2018.04.05 22:00:17.414,1.59261,1.59294,0.19,0.75
2018.04.05 22:00:17.465,1.59261,1.59297,0.19,1.20
2018.04.05 22:00:17.516,1.59261,1.59295,0.19,0.37
2018.04.05 22:00:17.946,1.59261,1.59292,0.19,0.75
2018.04.05 22:00:18.263,1.59263,1.59294,0.19,1.50
2018.04.05 22:00:18.417,1.59261,1.59293,0.19,0.75
2018.04.05 22:00:18.520,1.59262,1.59291,0.19,0.75
2018.04.05 22:00:19.124,1.59262,1.59292,0.19,0.75
2018.04.05 22:00:19.457,1.59262,1.5929,0.19,0.75
2018.04.05 22:00:19.562,1.59255,1.59289,0.19,0.75
2018.04.05 22:00:19.614,1.59255,1.59287,0.19,0.75
2018.04.05 22:00:19.926,1.59259,1.59283,0.19,0.75
2018.04.05 22:00:20.081,1.59256,1.59284,0.19,0.75
2018.04.05 22:00:20.133,1.59258,1.59284,0.19,1.50
2018.04.05 22:00:20.185,1.59256,1.59283,0.19,0.75
2018.04.05 22:00:20.686,1.59258,1.59283,0.37,1.50
2018.04.05 22:00:21.000,1.59262,1.5929,0.94,0.75
2018.04.05 22:00:21.105,1.59263,1.59292,0.19,0.75
2018.04.05 22:00:21.446,1.59265,1.59293,0.19,0.75
2018.04.05 22:00:22.466,1.59265,1.59295,0.19,1.50
2018.04.05 22:00:22.671,1.59266,1.59297,0.19,0.75
2018.04.05 22:00:23.153,1.59265,1.59294,0.19,0.75
2018.04.05 22:00:23.468,1.59253,1.59279,0.19,0.37
2018.04.05 22:00:23.680,1.59248,1.59278,0.19,1.50
2018.04.05 22:00:23.732,1.59246,1.59271,0.19,0.37
2018.04.05 22:00:23.785,1.59249,1.59275,0.19,0.75
2018.04.05 22:00:23.837,1.59254,1.59276,0.19,0.75
2018.04.05 22:00:23.890,1.59254,1.59279,0.19,1.50
2018.04.05 22:00:24.119,1.59263,1.59285,0.19,0.75
2018.04.05 22:00:24.333,1.59266,1.59289,0.19,0.75
2018.04.05 22:00:24.385,1.59266,1.59293,0.19,0.75
2018.04.05 22:00:24.437,1.59272,1.59293,0.56,0.75
2018.04.05 22:00:24.490,1.59275,1.59297,0.37,0.75
2018.04.05 22:00:24.545,1.59278,1.59298,0.19,0.37
2018.04.05 22:00:24.649,1.59281,1.59302,0.19,0.75
2018.04.05 22:00:24.810,1.59282,1.59307,0.19,1.50
2018.04.05 22:00:25.069,1.59284,1.59308,0.19,0.75
2018.04.05 22:00:25.593,1.59285,1.59308,0.19,0.75
2018.04.05 22:00:25.950,1.59281,1.59303,0.19,0.37
2018.04.05 22:00:26.052,1.59274,1.59303,0.19,0.75
2018.04.05 22:00:26.103,1.59276,1.59307,0.19,0.75
2018.04.05 22:00:26.154,1.59276,1.59304,0.19,0.75
2018.04.05 22:00:26.206,1.59274,1.59304,0.19,0.75
2018.04.05 22:00:26.257,1.59268,1.59304,0.75,0.75
2018.04.05 22:00:26.347,1.59271,1.59304,0.37,0.75
2018.04.05 22:00:26.742,1.59271,1.59302,0.37,0.75
2018.04.05 22:00:26.794,1.59271,1.59304,0.37,0.75
2018.04.05 22:00:27.104,1.59267,1.593,0.19,0.37
2018.04.05 22:00:27.417,1.5925,1.59281,0.19,0.75
2018.04.05 22:00:27.585,1.59252,1.59285,0.19,0.75
2018.04.05 22:00:27.789,1.59255,1.59285,0.19,0.75
2018.04.05 22:00:27.891,1.59253,1.59286,0.19,0.75
2018.04.05 22:00:28.250,1.59257,1.59286,0.19,0.75
2018.04.05 22:00:28.404,1.59258,1.59288,0.75,1.50
2018.04.05 22:00:28.458,1.59261,1.59287,0.19,0.75
2018.04.05 22:00:28.795,1.59257,1.59283,0.19,0.75
2018.04.05 22:00:28.847,1.59255,1.59282,0.19,0.75
2018.04.05 22:00:29.536,1.59252,1.59276,0.19,0.75
2018.04.05 22:00:30.296,1.59252,1.59273,0.19,0.75
2018.04.05 22:00:37.055,1.5925,1.59273,0.19,0.75
2018.04.05 22:00:41.563,1.59251,1.59273,0.19,0.75
2018.04.05 22:00:41.742,1.59247,1.59277,0.19,0.75
2018.04.05 22:00:41.795,1.59258,1.59279,0.19,0.75
2018.04.05 22:00:41.952,1.59258,1.59282,0.19,0.75
2018.04.05 22:00:42.313,1.59258,1.5928,0.19,0.75
2018.04.05 22:00:42.491,1.59258,1.59282,0.19,0.75
2018.04.05 22:00:43.007,1.59259,1.59281,0.19,0.75
2018.04.05 22:00:43.297,1.59259,1.59284,0.19,0.75
2018.04.05 22:00:43.814,1.59259,1.59281,0.19,0.75
2018.04.05 22:00:43.868,1.59256,1.59279,0.75,0.75
2018.04.05 22:00:44.076,1.59258,1.5928,0.19,0.75
2018.04.05 22:00:44.629,1.59257,1.5928,0.19,0.75
2018.04.05 22:00:45.165,1.59256,1.59279,0.75,0.75
2018.04.05 22:00:45.702,1.59256,1.5928,0.75,0.75
2018.04.05 22:00:46.800,1.59256,1.59281,0.75,0.75
2018.04.05 22:00:47.329,1.59257,1.59281,0.75,0.75
2018.04.05 22:00:49.289,1.59257,1.59279,0.75,0.37
2018.04.05 22:00:51.224,1.59256,1.59279,0.19,0.37
2018.04.05 22:00:51.740,1.59256,1.5928,0.19,1.50
2018.04.05 22:00:53.280,1.59256,1.59279,0.19,0.75
2018.04.05 22:00:54.963,1.59257,1.5928,0.75,0.75
2018.04.05 22:00:55.552,1.59256,1.5928,0.94,0.75
2018.04.05 22:00:59.946,1.59256,1.59279,0.94,0.75
2018.04.05 22:01:00.252,1.59261,1.59279,0.19,0.75
2018.04.05 22:01:00.356,1.59254,1.59275,0.19,0.75
2018.04.05 22:01:00.880,1.59253,1.59275,0.19,0.37
2018.04.05 22:01:02.096,1.59258,1.59276,0.19,0.75
2018.04.05 22:01:02.147,1.59257,1.5928,0.19,0.75
2018.04.05 22:01:02.657,1.59258,1.5928,0.19,0.75
2018.04.05 22:01:02.946,1.59256,1.59279,0.19,0.75
2018.04.05 22:01:03.512,1.59255,1.59279,0.19,1.87
2018.04.05 22:01:04.054,1.59252,1.59278,0.19,0.75
2018.04.05 22:01:04.105,1.59254,1.59278,0.19,0.75
2018.04.05 22:01:06.828,1.59261,1.59278,0.19,1.50
2018.04.05 22:01:06.932,1.59261,1.5928,0.19,0.75
2018.04.05 22:01:07.501,1.5926,1.59281,0.19,0.75
2018.04.05 22:01:14.529,1.59261,1.5928,0.19,0.75
2018.04.05 22:01:15.068,1.59261,1.59279,0.19,0.75
2018.04.05 22:01:15.714,1.59261,1.59281,0.19,0.75
2018.04.05 22:01:24.051,1.59261,1.59279,0.19,0.75
2018.04.05 22:01:24.192,1.59258,1.59278,0.19,0.75
2018.04.05 22:01:24.296,1.59256,1.59278,0.19,0.75
2018.04.05 22:01:35.259,1.59251,1.59273,0.19,0.37
2018.04.05 22:01:35.311,1.59249,1.59273,0.19,0.37
2018.04.05 22:01:35.415,1.59244,1.59268,0.19,0.75
2018.04.05 22:01:36.216,1.59247,1.59268,0.19,0.75
2018.04.05 22:01:38.572,1.59247,1.59267,0.19,0.75
2018.04.05 22:01:42.268,1.59248,1.59267,0.19,0.75
2018.04.05 22:01:44.335,1.59248,1.59266,0.19,0.75
2018.04.05 22:01:46.932,1.59248,1.59267,0.19,0.75
2018.04.05 22:01:55.131,1.59243,1.59264,0.19,0.75
2018.04.05 22:01:55.639,1.59242,1.59264,0.94,1.50
2018.04.05 22:01:56.045,1.59241,1.59267,0.19,1.50
2018.04.05 22:01:56.550,1.59241,1.59266,0.19,0.75
2018.04.05 22:01:57.372,1.59243,1.59266,0.19,0.75
2018.04.05 22:02:03.468,1.59245,1.59266,0.19,0.75
2018.04.05 22:02:03.520,1.59241,1.59267,0.94,1.12
2018.04.05 22:02:04.048,1.59242,1.59267,0.19,0.75
2018.04.05 22:02:05.633,1.59242,1.59266,0.19,0.37
2018.04.05 22:02:06.221,1.59241,1.59266,1.50,0.37
2018.04.05 22:02:06.767,1.59241,1.59265,1.50,0.75
2018.04.05 22:02:13.786,1.59242,1.59266,0.75,1.12
2018.04.05 22:02:15.797,1.59243,1.59266,0.19,0.37
2018.04.05 22:02:16.929,1.59241,1.59266,0.75,0.37
2018.04.05 22:02:25.064,1.5924,1.59266,0.75,1.12
2018.04.05 22:02:28.185,1.59243,1.59266,0.19,1.12
2018.04.05 22:02:29.051,1.59243,1.59267,0.19,0.75
2018.04.05 22:02:29.594,1.59243,1.59268,0.19,2.62
2018.04.05 22:02:31.001,1.59243,1.59267,0.19,0.75
2018.04.05 22:02:31.103,1.59241,1.59266,0.94,0.75
2018.04.05 22:02:31.686,1.59241,1.59267,0.94,0.75
2018.04.05 22:02:32.191,1.59241,1.59266,0.94,0.75
2018.04.05 22:02:38.585,1.59241,1.59265,1.69,0.75
2018.04.05 22:02:39.201,1.59241,1.59266,1.69,1.50
2018.04.05 22:02:39.717,1.59241,1.59265,0.19,1.50
2018.04.05 22:02:40.029,1.59241,1.59267,0.94,2.25
2018.04.05 22:02:41.569,1.59241,1.59266,1.69,0.75
2018.04.05 22:02:42.087,1.59241,1.59267,1.69,2.25
2018.04.05 22:02:45.927,1.59241,1.59265,0.94,0.75
2018.04.05 22:02:47.647,1.59241,1.59266,0.94,0.75
2018.04.05 22:02:48.318,1.59241,1.59265,0.94,0.75
2018.04.05 22:02:49.684,1.59241,1.59267,0.19,1.50
2018.04.05 22:03:03.639,1.59241,1.59266,0.19,0.19
2018.04.05 22:03:03.848,1.59241,1.59264,0.19,0.75
2018.04.05 22:03:04.386,1.5924,1.59264,0.75,0.75
2018.04.05 22:03:08.489,1.5924,1.59265,0.19,2.25
2018.04.05 22:03:12.398,1.5924,1.59266,0.19,0.75
2018.04.05 22:03:13.311,1.5924,1.59265,0.19,0.75
2018.04.05 22:03:18.569,1.5924,1.59266,0.19,0.75
2018.04.05 22:03:21.837,1.5924,1.59267,0.19,2.81
2018.04.05 22:03:22.810,1.5924,1.59265,0.19,0.75
2018.04.05 22:03:24.206,1.59241,1.59265,0.19,0.75
2018.04.05 22:03:30.862,1.59243,1.59266,0.19,0.75
2018.04.05 22:03:31.188,1.59245,1.59267,0.19,0.75
2018.04.05 22:03:33.553,1.59245,1.59268,0.19,1.87
2018.04.05 22:03:35.974,1.59243,1.59268,0.19,1.12
2018.04.05 22:03:36.026,1.59246,1.59268,0.19,1.12
2018.04.05 22:03:38.384,1.59245,1.59268,0.19,0.37
2018.04.05 22:03:38.963,1.59245,1.59267,0.19,0.75
2018.04.05 22:03:39.508,1.59245,1.59268,0.19,0.94
2018.04.05 22:03:40.538,1.59241,1.59268,0.19,0.75
2018.04.05 22:03:41.065,1.59241,1.59267,0.19,0.75
2018.04.05 22:03:42.325,1.59241,1.59266,0.19,0.19
2018.04.05 22:03:43.680,1.59241,1.59267,0.19,0.94
2018.04.05 22:03:44.241,1.59241,1.59268,0.19,0.75
2018.04.05 22:03:44.949,1.59241,1.59266,0.19,0.19
2018.04.05 22:03:45.937,1.59241,1.59267,0.19,0.19
2018.04.05 22:03:46.453,1.59241,1.59268,0.19,0.75
2018.04.05 22:03:46.991,1.59241,1.59266,0.19,0.19
2018.04.05 22:03:47.746,1.59241,1.59267,0.19,0.19
2018.04.05 22:03:48.267,1.59241,1.59268,0.19,0.94
2018.04.05 22:03:49.066,1.59241,1.59267,0.19,0.75
2018.04.05 22:03:49.511,1.59239,1.59267,0.19,0.75
2018.04.05 22:03:52.128,1.59242,1.59267,0.19,0.75
2018.04.05 22:03:53.589,1.59242,1.59266,0.19,0.19
2018.04.05 22:03:54.141,1.59241,1.59266,0.19,0.75
2018.04.05 22:03:54.717,1.59241,1.59267,0.19,0.94
2018.04.05 22:03:56.168,1.5924,1.59266,0.19,1.12
2018.04.05 22:03:56.704,1.5924,1.59265,0.19,0.75
2018.04.05 22:03:57.259,1.59246,1.59265,0.19,1.12
2018.04.05 22:03:57.810,1.59242,1.59265,0.19,1.12
2018.04.05 22:03:58.346,1.59241,1.59265,0.19,1.12
2018.04.05 22:03:58.970,1.59241,1.59266,0.19,1.50
2018.04.05 22:04:01.223,1.59237,1.59266,0.19,1.69
2018.04.05 22:04:01.943,1.59236,1.59266,0.19,1.50
2018.04.05 22:04:02.358,1.59238,1.59266,0.19,0.75
2018.04.05 22:04:03.670,1.59234,1.59267,1.31,1.69
2018.04.05 22:04:04.741,1.59234,1.59267,1.31,2.06
2018.04.05 22:04:06.602,1.59236,1.59267,1.19,1.87
2018.04.05 22:04:06.706,1.59234,1.59266,1.31,1.25
2018.04.05 22:04:07.213,1.59234,1.59266,1.31,1.25
2018.04.05 22:04:10.428,1.59234,1.59266,1.31,1.19
2018.04.05 22:04:10.863,1.59234,1.59266,1.31,1.12
2018.04.05 22:04:11.376,1.59234,1.59265,1.31,1.00
2018.04.05 22:04:12.631,1.59234,1.59265,1.31,1.25
2018.04.05 22:04:12.684,1.59235,1.59265,1.19,1.00
2018.04.05 22:04:13.221,1.59235,1.59265,1.19,1.00
2018.04.05 22:04:13.910,1.59232,1.59265,1.19,2.44
2018.04.05 22:04:14.433,1.59234,1.59263,1.19,1.00
2018.04.05 22:04:16.524,1.59234,1.59264,1.00,2.06
2018.04.05 22:04:17.733,1.59235,1.59264,1.19,1.00
2018.04.05 22:04:19.822,1.59237,1.59264,1.00,1.25
2018.04.05 22:04:25.847,1.59235,1.59267,1.19,1.69
2018.04.05 22:04:25.899,1.59232,1.59264,1.31,1.19
2018.04.05 22:04:32.395,1.59234,1.59264,1.00,1.44
2018.04.05 22:04:32.837,1.59232,1.59264,1.31,2.06
2018.04.05 22:04:36.386,1.59233,1.59264,1.00,1.19
2018.04.05 22:04:44.158,1.59233,1.59264,1.25,1.19
2018.04.05 22:04:44.755,1.59233,1.59265,1.00,3.56
2018.04.05 22:04:46.191,1.59233,1.59264,1.19,1.00
2018.04.05 22:04:46.733,1.59233,1.59265,1.19,2.62
2018.04.05 22:04:46.785,1.59233,1.59265,1.25,2.81
2018.04.05 22:04:51.200,1.59236,1.59264,1.00,1.25
2018.04.05 22:05:02.454,1.59232,1.59265,1.19,2.06
2018.04.05 22:05:03.217,1.59234,1.59265,1.00,1.87
2018.04.05 22:05:05.160,1.59234,1.59265,1.25,1.87
2018.04.05 22:05:09.156,1.59234,1.59265,1.00,1.19
2018.04.05 22:05:15.554,1.59234,1.59262,1.00,1.19
2018.04.05 22:05:28.153,1.59234,1.59265,1.25,1.69
2018.04.05 22:05:28.469,1.59236,1.59265,1.00,1.69
2018.04.05 22:05:28.779,1.59234,1.59265,1.25,1.69
2018.04.05 22:05:28.831,1.59234,1.59262,1.00,1.19
2018.04.05 22:05:30.494,1.59235,1.59262,1.00,1.19
2018.04.05 22:05:36.445,1.59235,1.59264,1.37,1.19
2018.04.05 22:05:36.498,1.5924,1.59268,1.00,2.44
2018.04.05 22:05:36.552,1.59235,1.59265,1.50,1.19
2018.04.05 22:05:36.605,1.59237,1.59267,1.00,1.19
2018.04.05 22:05:36.762,1.59238,1.59273,2.44,1.19
2018.04.05 22:05:44.897,1.59243,1.59274,1.00,1.19
2018.04.05 22:05:46.305,1.59245,1.59274,1.00,1.19
2018.04.05 22:05:46.914,1.59246,1.59274,1.00,1.19
2018.04.05 22:05:52.437,1.59244,1.59274,1.00,1.69
2018.04.05 22:05:55.158,1.59244,1.59274,1.00,1.19
2018.04.05 22:06:02.385,1.59247,1.59275,1.00,1.69
2018.04.05 22:06:02.916,1.59247,1.59275,1.00,1.69
2018.04.05 22:06:11.605,1.59248,1.59275,1.00,1.19
2018.04.05 22:06:13.206,1.5925,1.59277,1.00,1.19
2018.04.05 22:06:17.338,1.5925,1.59279,1.00,1.31
2018.04.05 22:06:17.512,1.59253,1.59279,1.00,1.19
2018.04.05 22:06:24.484,1.59251,1.59279,1.00,1.19
2018.04.05 22:06:24.588,1.59251,1.59276,1.00,1.19
2018.04.05 22:06:30.596,1.59251,1.59277,1.00,1.19
2018.04.05 22:06:32.617,1.59252,1.59277,1.00,1.19
2018.04.05 22:06:33.356,1.5925,1.59277,1.00,1.19
2018.04.05 22:06:40.511,1.59251,1.59277,1.00,1.19
2018.04.05 22:06:41.058,1.59252,1.59279,1.00,1.19
2018.04.05 22:06:44.488,1.59252,1.59282,1.00,2.06
2018.04.05 22:06:47.648,1.59254,1.59282,1.00,2.06
2018.04.05 22:06:52.991,1.59253,1.59281,1.00,1.19
2018.04.05 22:06:54.644,1.5925,1.5928,1.25,1.19
2018.04.05 22:06:54.696,1.59252,1.5928,1.00,1.69
2018.04.05 22:07:00.204,1.59252,1.59282,1.00,1.69
2018.04.05 22:07:00.257,1.59254,1.59282,1.00,1.69
2018.04.05 22:07:06.532,1.59252,1.59282,1.00,1.69
2018.04.05 22:07:20.154,1.59252,1.59283,1.00,1.69
2018.04.05 22:07:20.684,1.59252,1.59282,1.00,1.19
2018.04.05 22:07:26.528,1.59253,1.59282,1.00,1.19
2018.04.05 22:07:32.737,1.59254,1.59282,1.00,1.19
2018.04.05 22:07:39.560,1.59253,1.59282,1.00,1.19
2018.04.05 22:07:40.073,1.59254,1.59282,1.00,1.69
2018.04.05 22:07:41.173,1.59254,1.59282,1.00,1.69
2018.04.05 22:07:43.827,1.59254,1.59282,1.00,1.00
2018.04.05 22:07:47.732,1.59255,1.59284,1.00,1.25
2018.04.05 22:07:55.776,1.59257,1.59285,1.00,1.19
2018.04.05 22:07:56.434,1.59255,1.59287,2.44,1.69
2018.04.05 22:07:56.590,1.59255,1.59286,2.44,1.19
2018.04.05 22:07:56.899,1.59255,1.59281,1.00,1.19
2018.04.05 22:07:57.075,1.59252,1.59281,1.44,1.19
2018.04.05 22:08:01.549,1.59252,1.59286,1.19,1.69
2018.04.05 22:08:03.866,1.59254,1.59286,1.19,1.50
2018.04.05 22:08:11.735,1.59254,1.59286,1.19,1.50
2018.04.05 22:08:12.507,1.59254,1.59286,1.19,1.50
2018.04.05 22:08:16.528,1.59254,1.59284,1.19,1.00
2018.04.05 22:08:30.153,1.59255,1.59285,1.19,1.50
2018.04.05 22:08:30.832,1.59255,1.59285,1.19,1.50
2018.04.05 22:08:31.334,1.59253,1.59284,1.19,1.12
2018.04.05 22:08:35.114,1.59253,1.59284,1.19,1.12
2018.04.05 22:08:35.703,1.59253,1.59284,1.19,1.12
2018.04.05 22:08:38.635,1.59254,1.59283,1.19,1.00
2018.04.05 22:08:39.318,1.59255,1.59285,1.19,1.50
2018.04.05 22:08:40.509,1.59255,1.59285,1.19,1.50
2018.04.05 22:08:41.068,1.59255,1.59285,1.19,1.00
2018.04.05 22:08:41.448,1.59256,1.59287,1.19,1.12
2018.04.05 22:08:44.914,1.59255,1.59285,1.19,1.00
2018.04.05 22:08:49.605,1.59255,1.59285,1.19,1.00
2018.04.05 22:08:50.125,1.59255,1.59285,1.19,1.00
2018.04.05 22:08:50.734,1.59253,1.59282,1.19,1.12
2018.04.05 22:09:04.362,1.59253,1.59283,1.19,1.00
2018.04.05 22:09:08.474,1.59256,1.59283,1.19,1.12
2018.04.05 22:09:11.721,1.59256,1.59284,1.19,1.50
2018.04.05 22:09:12.366,1.59255,1.59284,1.19,1.50
2018.04.05 22:09:21.539,1.59252,1.59284,1.69,1.69
2018.04.05 22:09:24.068,1.59252,1.59284,1.19,1.69
2018.04.05 22:09:31.737,1.59252,1.59284,1.19,1.69
2018.04.05 22:09:41.474,1.59252,1.59283,1.19,1.31
2018.04.05 22:09:43.741,1.59252,1.59283,1.25,1.19
2018.04.05 22:09:44.317,1.59253,1.59285,1.19,1.31
2018.04.05 22:09:49.024,1.59253,1.59283,1.19,1.00
2018.04.05 22:09:51.487,1.59254,1.59284,1.19,1.25
2018.04.05 22:09:52.580,1.59251,1.59283,1.19,1.00
2018.04.05 22:09:53.138,1.59252,1.59284,1.19,1.25
2018.04.05 22:09:54.467,1.59251,1.59283,1.19,1.69
2018.04.05 22:09:54.836,1.59251,1.59283,1.31,1.25
2018.04.05 22:09:58.982,1.59254,1.59286,1.19,1.31
2018.04.05 22:09:59.036,1.5925,1.59283,1.19,1.19
2018.04.05 22:10:06.350,1.59256,1.59287,1.19,2.44
2018.04.05 22:10:21.858,1.59257,1.59287,1.25,1.69
2018.04.05 22:10:40.153,1.59255,1.59287,1.19,1.94
2018.04.05 22:10:40.902,1.59255,1.59287,1.19,1.94
2018.04.05 22:10:54.208,1.59256,1.59287,1.19,1.94
2018.04.05 22:10:56.183,1.59254,1.59281,1.00,1.31
2018.04.05 22:10:56.239,1.59254,1.59284,1.19,1.19
2018.04.05 22:10:56.758,1.59257,1.59287,1.00,2.06
2018.04.05 22:11:02.006,1.59257,1.59287,1.19,1.56
2018.04.05 22:11:06.500,1.59258,1.59287,1.00,1.56
2018.04.05 22:11:08.253,1.59261,1.59292,1.00,2.44
2018.04.05 22:11:08.461,1.59261,1.59294,1.19,1.31
2018.04.05 22:11:08.720,1.59261,1.59295,1.00,1.69
2018.04.05 22:11:08.986,1.59261,1.59293,1.00,2.44
2018.04.05 22:11:10.255,1.5926,1.59293,1.00,1.94
2018.04.05 22:11:12.641,1.59261,1.59293,1.00,1.94
2018.04.05 22:11:14.666,1.59261,1.59291,1.00,1.31
2018.04.05 22:11:15.383,1.59261,1.59289,1.00,1.19
2018.04.05 22:11:16.133,1.59262,1.59289,1.00,1.19
2018.04.05 22:11:17.945,1.5926,1.59289,1.00,1.19
2018.04.05 22:11:18.152,1.59258,1.59289,1.00,1.19
2018.04.05 22:11:20.051,1.5926,1.59289,1.00,1.19
2018.04.05 22:11:23.189,1.5926,1.59289,1.00,1.19
2018.04.05 22:11:26.797,1.5926,1.59289,1.19,1.19
2018.04.05 22:11:29.508,1.5926,1.59289,1.00,1.19
2018.04.05 22:11:30.923,1.5926,1.59289,1.25,1.19
2018.04.05 22:11:31.000,1.5926,1.59289,1.19,1.19
2018.04.05 22:11:31.583,1.5926,1.59289,1.19,1.25
2018.04.05 22:11:49.156,1.59261,1.59292,1.19,1.69
2018.04.05 22:11:54.207,1.59261,1.59292,1.19,1.69
2018.04.05 22:11:54.594,1.5926,1.59291,1.19,1.31
2018.04.05 22:12:04.419,1.5926,1.59292,1.19,1.69
2018.04.05 22:12:04.524,1.59259,1.59291,1.25,1.31
2018.04.05 22:12:04.836,1.59258,1.5929,1.00,1.19
2018.04.05 22:12:05.643,1.59257,1.59289,1.25,1.19
2018.04.05 22:12:12.530,1.59259,1.59291,1.00,1.31
2018.04.05 22:12:14.540,1.5926,1.59292,1.25,2.44
2018.04.05 22:12:23.457,1.5926,1.59292,1.19,1.69
2018.04.05 22:12:24.090,1.59262,1.59292,1.00,1.69
2018.04.05 22:12:27.056,1.5926,1.59292,1.19,1.69
2018.04.05 22:12:41.154,1.59261,1.59291,1.19,1.69
2018.04.05 22:12:41.773,1.59261,1.59292,1.19,1.19
2018.04.05 22:12:47.341,1.59261,1.59291,1.19,1.31
2018.04.05 22:12:50.102,1.59261,1.59293,1.19,1.94
2018.04.05 22:12:52.028,1.59261,1.59293,1.25,1.94
2018.04.05 22:12:56.719,1.5926,1.59289,1.00,1.19
2018.04.05 22:12:57.291,1.59261,1.59289,1.00,1.19
2018.04.05 22:12:58.622,1.5926,1.59289,1.19,1.19
2018.04.05 22:13:03.603,1.59261,1.59289,1.19,1.00
2018.04.05 22:13:03.768,1.59262,1.59289,1.00,1.19
2018.04.05 22:13:40.440,1.5926,1.59291,1.19,1.31
2018.04.05 22:13:48.488,1.59262,1.59291,1.00,1.31
2018.04.05 22:13:54.206,1.59262,1.59291,1.00,1.31
2018.04.05 22:13:56.486,1.59259,1.59287,1.00,1.19
2018.04.05 22:13:56.539,1.59257,1.59287,1.25,1.19
2018.04.05 22:14:00.659,1.59257,1.59287,1.00,1.19
2018.04.05 22:14:12.641,1.59257,1.59288,1.25,1.31
2018.04.05 22:14:18.829,1.59262,1.5929,1.00,1.31
2018.04.05 22:14:18.882,1.5926,1.5929,1.00,1.31
2018.04.05 22:14:26.839,1.59263,1.59291,1.25,1.19
2018.04.05 22:14:45.153,1.59262,1.59291,1.25,1.69
2018.04.05 22:14:45.939,1.59262,1.59291,1.19,1.69
2018.04.05 22:14:49.370,1.59259,1.59286,1.00,1.56
2018.04.05 22:14:58.718,1.59259,1.59288,1.25,1.69
2018.04.05 22:14:59.024,1.59262,1.59291,1.00,2.06
2018.04.05 22:15:00.042,1.59262,1.59291,1.00,2.06
2018.04.05 22:15:02.738,1.59262,1.59291,1.00,2.06
2018.04.05 22:15:05.469,1.59261,1.5929,1.00,1.69
2018.04.05 22:15:14.048,1.59261,1.5929,1.19,1.69
2018.04.05 22:15:14.628,1.59261,1.5929,1.00,1.69
2018.04.05 22:15:15.317,1.59261,1.5929,1.00,2.44
2018.04.05 22:15:18.121,1.59265,1.59293,1.00,1.19
2018.04.05 22:15:18.224,1.59265,1.59293,1.00,1.19
2018.04.05 22:15:19.125,1.59257,1.59285,1.19,1.19
2018.04.05 22:15:20.207,1.59254,1.59286,1.25,2.06
2018.04.05 22:15:23.617,1.59255,1.59286,1.00,1.31
2018.04.05 22:15:26.424,1.59255,1.59286,1.19,1.31
2018.04.05 22:15:26.998,1.59255,1.59287,1.19,1.69
2018.04.05 22:15:30.351,1.59259,1.59288,1.00,1.94
2018.04.05 22:15:30.662,1.59262,1.59289,1.00,1.19
2018.04.05 22:15:31.672,1.59264,1.5929,1.00,1.19
2018.04.05 22:15:40.874,1.59264,1.5929,1.00,1.19
2018.04.05 22:15:40.977,1.59264,1.59291,1.00,1.31
2018.04.05 22:15:42.459,1.59264,1.59291,1.25,1.25
2018.04.05 22:15:45.155,1.59267,1.59296,1.19,1.94
2018.04.05 22:15:45.312,1.59264,1.59291,1.25,1.25
2018.04.05 22:15:45.365,1.59263,1.5929,1.00,1.19
2018.04.05 22:15:45.680,1.59263,1.5929,1.19,1.25
2018.04.05 22:15:47.363,1.59263,1.5929,1.00,1.19
2018.04.05 22:15:47.418,1.59262,1.5929,1.25,1.19
2018.04.05 22:15:47.471,1.59262,1.5929,1.19,1.25
2018.04.05 22:15:47.575,1.59261,1.59291,1.19,1.69
2018.04.05 22:15:48.530,1.59261,1.59291,1.19,1.69
2018.04.05 22:15:49.973,1.59261,1.59291,1.00,1.69
2018.04.05 22:15:50.283,1.59259,1.59288,1.19,1.31
2018.04.05 22:15:55.752,1.59256,1.59288,1.19,2.06
2018.04.05 22:16:02.108,1.59257,1.59285,1.19,1.25
2018.04.05 22:16:02.552,1.59257,1.59285,1.19,1.25
2018.04.05 22:16:05.060,1.59258,1.59285,1.19,1.25
2018.04.05 22:16:05.464,1.59259,1.59286,1.19,1.00
2018.04.05 22:16:05.517,1.59259,1.59288,1.19,1.12
2018.04.05 22:16:06.117,1.59259,1.59288,1.19,1.31
2018.04.05 22:16:06.503,1.59257,1.59286,1.19,1.19
2018.04.05 22:16:07.876,1.59257,1.59286,1.00,1.19
2018.04.05 22:16:16.484,1.59257,1.59285,1.00,1.19
2018.04.05 22:16:19.193,1.59257,1.59287,1.00,1.69
2018.04.05 22:16:19.862,1.59261,1.59289,1.00,1.19
2018.04.05 22:16:19.915,1.59256,1.59286,1.19,1.19
2018.04.05 22:16:20.433,1.59258,1.59288,1.19,1.31
2018.04.05 22:16:25.643,1.59258,1.59288,1.19,1.31
2018.04.05 22:16:26.194,1.59258,1.59288,1.00,1.31
2018.04.05 22:16:31.814,1.5926,1.59287,1.00,1.19
2018.04.05 22:16:33.780,1.59258,1.59289,1.00,2.06
2018.04.05 22:16:39.478,1.59258,1.59289,1.00,1.56
2018.04.05 22:16:49.846,1.59261,1.5929,1.00,2.06
2018.04.05 22:16:50.175,1.59263,1.59291,1.00,2.06
2018.04.05 22:16:52.480,1.59263,1.59289,1.00,1.19
2018.04.05 22:16:56.452,1.59263,1.59291,1.00,2.81
2018.04.05 22:17:03.877,1.59261,1.59291,1.00,2.06
2018.04.05 22:17:09.180,1.59258,1.59285,1.00,1.19
2018.04.05 22:17:09.392,1.59258,1.59289,1.00,1.94
2018.04.05 22:17:09.445,1.5926,1.59289,1.00,1.94
2018.04.05 22:17:11.419,1.5926,1.59288,1.00,1.69
2018.04.05 22:17:13.590,1.59259,1.59289,1.25,1.12
2018.04.05 22:17:22.338,1.59259,1.59289,1.00,2.19
2018.04.05 22:17:35.457,1.59259,1.59289,1.00,1.94
2018.04.05 22:17:48.855,1.59259,1.59289,1.00,1.94
2018.04.05 22:17:49.464,1.59259,1.59288,1.00,1.69
2018.04.05 22:17:53.535,1.59257,1.59285,1.00,1.69
2018.04.05 22:18:01.972,1.59255,1.59285,1.00,1.69
2018.04.05 22:18:08.467,1.59255,1.59285,1.00,1.19
2018.04.05 22:18:14.472,1.59255,1.59285,1.19,1.19
2018.04.05 22:18:32.154,1.59256,1.59286,1.25,1.31
2018.04.05 22:18:37.059,1.59256,1.59286,1.19,1.31
2018.04.05 22:18:37.664,1.59256,1.59286,1.19,1.31
2018.04.05 22:18:43.639,1.59256,1.59285,1.00,1.19
2018.04.05 22:18:49.037,1.59258,1.59285,1.00,1.69
2018.04.05 22:18:49.628,1.59258,1.59287,1.00,1.69
2018.04.05 22:18:52.709,1.59258,1.59284,1.00,1.19
2018.04.05 22:18:53.362,1.59258,1.59287,1.00,1.69
2018.04.05 22:19:11.155,1.59258,1.59285,1.00,1.19
2018.04.05 22:19:12.812,1.5926,1.59287,1.00,1.31
2018.04.05 22:19:12.866,1.59261,1.59288,1.00,1.37
2018.04.05 22:19:12.971,1.59263,1.59289,1.00,1.00
2018.04.05 22:19:13.854,1.59264,1.59289,1.00,1.00
2018.04.05 22:19:14.662,1.59264,1.59289,1.00,1.19
2018.04.05 22:19:29.368,1.59264,1.59291,1.00,1.87
2018.04.05 22:19:37.940,1.59264,1.59291,1.19,1.50
2018.04.05 22:19:52.660,1.59264,1.59291,1.00,2.06
2018.04.05 22:19:52.713,1.59262,1.59289,1.25,1.31
2018.04.05 22:19:52.766,1.59262,1.59289,1.25,1.75
2018.04.05 22:20:02.320,1.59261,1.59288,1.00,1.50
2018.04.05 22:20:03.007,1.59261,1.59288,1.00,1.87
2018.04.05 22:20:03.515,1.59261,1.59288,1.00,1.50
2018.04.05 22:20:04.074,1.59261,1.59288,1.00,1.87
2018.04.05 22:20:10.841,1.59261,1.59288,1.00,2.06
2018.04.05 22:20:11.518,1.5926,1.59287,1.00,1.69
2018.04.05 22:20:25.075,1.59261,1.59287,1.00,1.19
2018.04.05 22:20:26.840,1.59261,1.59288,1.00,2.06
2018.04.05 22:20:35.533,1.5926,1.59288,1.19,1.31
2018.04.05 22:20:36.071,1.5926,1.59288,1.19,1.31
2018.04.05 22:20:36.478,1.5926,1.59289,1.19,1.94
2018.04.05 22:20:37.014,1.5926,1.59288,1.19,1.31
2018.04.05 22:20:37.496,1.5926,1.5929,1.19,2.62
2018.04.05 22:20:38.558,1.5926,1.5929,1.19,2.62
2018.04.05 22:21:00.569,1.59259,1.59288,1.00,1.94
2018.04.05 22:21:00.910,1.59259,1.59286,1.00,1.31
2018.04.05 22:21:03.531,1.59259,1.59286,1.00,1.31
2018.04.05 22:21:06.214,1.59259,1.59286,1.19,1.12
2018.04.05 22:21:07.110,1.59259,1.59286,1.00,1.31
2018.04.05 22:21:07.217,1.59262,1.59289,1.19,1.75
2018.04.05 22:21:07.374,1.59257,1.59286,1.19,2.06
2018.04.05 22:21:07.427,1.59255,1.59284,1.19,1.50
2018.04.05 22:21:08.741,1.59256,1.59286,1.19,2.06
2018.04.05 22:21:09.269,1.59255,1.59286,1.19,1.31
2018.04.05 22:21:11.410,1.59252,1.59277,1.19,1.00
2018.04.05 22:21:11.675,1.59249,1.59279,1.19,1.25
2018.04.05 22:21:11.834,1.59247,1.59275,1.19,3.19
2018.04.05 22:21:11.887,1.59245,1.59275,1.69,3.19
2018.04.05 22:21:17.289,1.59245,1.59275,1.19,1.12
2018.04.05 22:21:18.408,1.59245,1.59275,1.19,2.19
2018.04.05 22:21:18.918,1.59245,1.59274,1.19,1.31
2018.04.05 22:21:19.211,1.59246,1.59275,1.19,1.25
2018.04.05 22:21:19.471,1.59246,1.59274,1.19,1.25
2018.04.05 22:21:23.315,1.59244,1.59271,1.19,1.00
2018.04.05 22:21:23.556,1.59241,1.59272,1.19,1.19
2018.04.05 22:21:23.664,1.59241,1.59269,1.25,1.69
2018.04.05 22:21:23.873,1.59244,1.59275,1.19,2.44
2018.04.05 22:21:24.284,1.59244,1.59277,1.19,2.06
2018.04.05 22:21:25.305,1.59244,1.59277,1.19,2.06
2018.04.05 22:21:30.577,1.59245,1.59279,1.19,1.50
2018.04.05 22:21:35.461,1.59247,1.5928,1.19,1.00
2018.04.05 22:21:35.515,1.59252,1.59282,1.19,1.37
2018.04.05 22:21:35.568,1.59249,1.59282,1.69,1.00
2018.04.05 22:21:37.078,1.59249,1.59283,1.69,1.00
2018.04.05 22:21:37.837,1.59261,1.59286,1.00,1.50
2018.04.05 22:21:37.890,1.59259,1.59286,1.25,1.00
2018.04.05 22:21:37.942,1.59257,1.59288,1.19,1.25
2018.04.05 22:21:38.046,1.59257,1.59288,1.19,1.00
2018.04.05 22:21:40.472,1.59257,1.59283,1.00,1.00
2018.04.05 22:21:40.741,1.59259,1.59286,1.00,1.25
2018.04.05 22:21:40.794,1.59261,1.59288,1.19,1.69
2018.04.05 22:21:40.898,1.59261,1.59288,1.00,1.00
2018.04.05 22:21:47.701,1.59261,1.59288,1.19,1.00
2018.04.05 22:21:59.772,1.59261,1.59288,1.25,1.50
2018.04.05 22:21:59.980,1.5926,1.59288,1.00,1.94
2018.04.05 22:22:00.291,1.59257,1.59288,1.19,2.06
2018.04.05 22:22:03.024,1.59257,1.59288,1.19,2.19
2018.04.05 22:22:03.465,1.59257,1.59286,1.19,1.12
2018.04.05 22:22:04.969,1.59257,1.59286,1.19,1.12
2018.04.05 22:22:05.590,1.59257,1.59286,1.19,1.12
2018.04.05 22:22:05.712,1.59257,1.59286,1.19,1.12
2018.04.05 22:22:07.565,1.59257,1.59286,1.19,1.12
2018.04.05 22:22:07.848,1.59252,1.59283,1.19,2.06
2018.04.05 22:22:08.580,1.59256,1.59284,1.19,1.37
2018.04.05 22:22:08.685,1.59257,1.59286,1.19,2.25
2018.04.05 22:22:09.232,1.59257,1.59286,1.19,1.31
2018.04.05 22:22:09.771,1.59258,1.59286,1.19,1.12
2018.04.05 22:22:13.957,1.59258,1.59287,1.19,1.31
2018.04.05 22:22:16.174,1.59255,1.59287,1.19,1.12
2018.04.05 22:22:34.205,1.59256,1.59288,1.19,2.62
2018.04.05 22:22:35.263,1.59258,1.59288,1.19,1.31
2018.04.05 22:22:35.774,1.59255,1.59288,1.19,1.75
2018.04.05 22:22:36.659,1.59259,1.59288,1.00,2.44
2018.04.05 22:22:37.166,1.59255,1.59288,1.19,1.75
2018.04.05 22:22:53.207,1.59253,1.59288,1.19,3.00
2018.04.05 22:22:57.324,1.59248,1.59275,1.69,1.00
2018.04.05 22:22:57.376,1.59245,1.59275,1.37,1.69
2018.04.05 22:22:59.828,1.59244,1.59275,1.19,1.81
2018.04.05 22:22:59.932,1.59244,1.59273,1.19,1.25
2018.04.05 22:23:17.491,1.59246,1.59275,1.69,1.50
2018.04.05 22:23:17.907,1.59245,1.59271,1.19,1.00
2018.04.05 22:23:17.960,1.59244,1.59271,1.19,1.00
2018.04.05 22:23:18.063,1.59244,1.59271,1.69,1.00
2018.04.05 22:23:18.589,1.59245,1.59272,1.69,1.00
2018.04.05 22:23:19.683,1.59246,1.59273,1.19,1.00
2018.04.05 22:24:00.128,1.59249,1.59272,1.19,1.00
2018.04.05 22:24:00.179,1.59249,1.59275,1.19,1.12
2018.04.05 22:24:01.824,1.59248,1.59273,1.19,1.00
2018.04.05 22:24:02.715,1.5925,1.59274,1.19,1.00
2018.04.05 22:24:02.895,1.59244,1.5927,1.19,1.37
2018.04.05 22:24:18.835,1.59243,1.59269,1.19,3.75
2018.04.05 22:24:23.847,1.59243,1.59268,1.19,1.12
2018.04.05 22:24:39.158,1.59244,1.59268,1.19,1.12
2018.04.05 22:24:43.793,1.59244,1.59268,1.19,1.37
2018.04.05 22:24:43.896,1.59242,1.59268,1.19,1.37
2018.04.05 22:24:54.628,1.59242,1.59265,1.19,1.00
2018.04.05 22:24:54.857,1.59242,1.59267,1.19,1.12
2018.04.05 22:25:02.153,1.59243,1.59267,1.19,1.12
2018.04.05 22:25:24.154,1.59242,1.59267,1.19,1.00
2018.04.05 22:25:39.161,1.59243,1.59267,1.19,1.00
2018.04.05 22:25:39.692,1.59242,1.59267,1.19,1.00
2018.04.05 22:26:24.207,1.59241,1.59267,1.19,1.50
2018.04.05 22:26:39.157,1.59242,1.59267,1.19,1.69
2018.04.05 22:26:53.397,1.59238,1.59264,1.19,1.12
2018.04.05 22:26:53.501,1.59237,1.59263,1.19,1.37
2018.04.05 22:26:54.098,1.59236,1.59262,1.69,2.25
2018.04.05 22:26:54.459,1.59237,1.59264,1.69,1.31
2018.04.05 22:26:54.513,1.59239,1.59266,1.19,2.44
2018.04.05 22:26:54.718,1.5924,1.59267,1.19,4.12
2018.04.05 22:27:03.037,1.59242,1.59268,1.19,2.44
2018.04.05 22:27:20.110,1.59243,1.59269,1.19,2.81
2018.04.05 22:27:20.216,1.59247,1.59272,1.19,1.00
2018.04.05 22:27:20.269,1.5925,1.59274,1.19,2.25
2018.04.05 22:27:20.373,1.59248,1.59274,1.19,4.69
2018.04.05 22:27:20.426,1.59251,1.59274,1.19,1.00
2018.04.05 22:27:20.945,1.59249,1.59274,1.19,1.12
2018.04.05 22:27:21.465,1.59249,1.59275,1.19,1.69
2018.04.05 22:27:22.650,1.59249,1.59274,1.19,1.00
2018.04.05 22:27:24.598,1.59249,1.59273,1.19,1.00
2018.04.05 22:27:32.833,1.59249,1.59274,1.19,1.00
2018.04.05 22:27:38.154,1.59248,1.59274,1.19,1.00
2018.04.05 22:27:38.736,1.59249,1.59274,1.19,1.00
2018.04.05 22:27:45.819,1.59249,1.59275,1.19,2.44
2018.04.05 22:27:45.979,1.59248,1.59274,1.69,1.69
2018.04.05 22:27:46.034,1.59251,1.59274,1.19,1.00
2018.04.05 22:27:46.088,1.59248,1.59274,1.19,1.25
2018.04.05 22:27:46.219,1.59247,1.59273,1.19,1.50
2018.04.05 22:27:46.272,1.59248,1.59275,1.19,4.69
2018.04.05 22:27:46.324,1.59253,1.59275,1.19,3.75
2018.04.05 22:27:46.377,1.59246,1.59275,1.69,1.50
2018.04.05 22:27:46.481,1.5925,1.59275,1.19,1.87
2018.04.05 22:27:46.586,1.59246,1.59273,1.69,1.00
2018.04.05 22:27:46.691,1.5925,1.59275,1.19,5.44
2018.04.05 22:27:46.743,1.59247,1.59274,1.19,1.12
2018.04.05 22:27:47.345,1.59246,1.59274,1.19,1.31
2018.04.05 22:28:00.556,1.59246,1.59271,1.19,1.00
2018.04.05 22:28:02.053,1.59246,1.59274,1.19,1.31
2018.04.05 22:28:02.105,1.59248,1.59274,1.19,1.12
2018.04.05 22:28:03.196,1.59248,1.59273,1.19,1.00
2018.04.05 22:28:04.123,1.59248,1.59271,1.19,1.00
2018.04.05 22:28:04.175,1.59248,1.59273,1.19,1.00
2018.04.05 22:28:20.206,1.59249,1.59273,1.19,1.00
2018.04.05 22:28:20.717,1.59249,1.59272,1.19,1.12
2018.04.05 22:28:24.155,1.59248,1.59272,1.19,1.00
2018.04.05 22:28:39.158,1.59249,1.59272,1.19,1.00
2018.04.05 22:28:54.206,1.59248,1.59272,1.19,1.00
2018.04.05 22:29:02.952,1.59241,1.59273,1.62,5.44
2018.04.05 22:29:03.006,1.59244,1.59271,1.19,1.56
2018.04.05 22:29:03.320,1.59247,1.59272,1.19,1.00
2018.04.05 22:29:04.043,1.59244,1.59272,1.19,1.19
2018.04.05 22:29:04.675,1.59247,1.59272,1.19,1.00
2018.04.05 22:29:12.955,1.5925,1.59273,1.19,1.00
2018.04.05 22:29:13.008,1.59248,1.59273,1.19,1.00
2018.04.05 22:29:13.165,1.59248,1.59271,1.19,1.00
2018.04.05 22:29:31.155,1.59249,1.59271,1.19,1.12
2018.04.05 22:29:34.960,1.59247,1.5927,1.19,1.87
2018.04.05 22:29:35.015,1.59239,1.59264,1.19,1.75
2018.04.05 22:29:35.505,1.59238,1.59265,1.69,1.50
2018.04.05 22:29:35.661,1.59241,1.59265,1.69,1.69
2018.04.05 22:29:36.201,1.59241,1.59265,1.69,1.00
2018.04.05 22:29:40.756,1.59241,1.59267,1.69,1.50
2018.04.05 22:29:52.935,1.59241,1.59268,1.19,2.19
2018.04.05 22:29:53.699,1.59242,1.59267,1.19,1.62
2018.04.05 22:29:57.449,1.59242,1.59267,1.19,1.75
2018.04.05 22:29:58.619,1.59242,1.59267,1.19,1.62
2018.04.05 22:29:59.171,1.59242,1.59267,1.19,1.75
2018.04.05 22:29:59.970,1.59242,1.59267,1.19,1.75
2018.04.05 22:30:00.485,1.59241,1.59267,1.19,1.75
2018.04.05 22:30:01.687,1.59241,1.59267,1.19,1.75
2018.04.05 22:30:01.898,1.59241,1.59267,1.19,1.75
2018.04.05 22:30:02.003,1.59241,1.59267,1.19,1.75
2018.04.05 22:30:02.831,1.59241,1.59267,1.19,1.87
2018.04.05 22:30:03.559,1.59236,1.59265,1.19,1.50
2018.04.05 22:30:03.664,1.59236,1.59264,1.19,1.00
2018.04.05 22:30:04.266,1.59236,1.59264,1.19,1.44
2018.04.05 22:30:04.923,1.59236,1.59264,1.19,1.25
2018.04.05 22:30:14.862,1.59237,1.59264,1.19,1.31
2018.04.05 22:30:16.682,1.59237,1.59264,1.19,1.12
2018.04.05 22:30:17.271,1.59238,1.59264,1.19,1.12
2018.04.05 22:30:17.801,1.59236,1.59264,1.19,1.12
2018.04.05 22:30:18.153,1.59239,1.59265,1.19,1.00
2018.04.05 22:30:18.206,1.59241,1.59267,1.19,1.12
2018.04.05 22:30:18.259,1.59244,1.59269,1.19,1.00
2018.04.05 22:30:18.791,1.59242,1.5927,1.19,1.00
2018.04.05 22:30:19.305,1.59242,1.59271,1.69,1.25
2018.04.05 22:30:19.954,1.59243,1.5927,1.19,1.25
2018.04.05 22:30:24.320,1.59246,1.59273,1.19,2.62
2018.04.05 22:30:24.421,1.59244,1.59271,1.19,1.12
2018.04.05 22:30:24.473,1.59243,1.59269,1.19,1.87
2018.04.05 22:30:25.305,1.59246,1.5927,1.19,1.00
2018.04.05 22:30:29.907,1.59246,1.59272,1.19,1.12
2018.04.05 22:30:30.846,1.59243,1.59272,1.69,1.87
2018.04.05 22:30:30.974,1.59243,1.59268,1.19,1.00
2018.04.05 22:30:31.133,1.59244,1.59271,1.19,1.12
2018.04.05 22:30:31.785,1.59243,1.59269,1.19,1.00
2018.04.05 22:30:31.838,1.59241,1.59269,1.19,1.00
2018.04.05 22:30:34.246,1.5924,1.59267,1.25,1.19
2018.04.05 22:30:52.207,1.5924,1.59267,1.00,1.19
2018.04.05 22:31:00.197,1.59233,1.59258,1.19,1.00
2018.04.05 22:31:00.251,1.59233,1.5926,1.00,1.56
2018.04.05 22:31:00.796,1.5923,1.59259,1.19,2.06
2018.04.05 22:31:01.315,1.5923,1.59259,1.69,1.87
2018.04.05 22:31:05.507,1.5923,1.59258,1.19,1.00
2018.04.05 22:31:09.106,1.59239,1.59263,1.19,1.00
2018.04.05 22:31:09.160,1.59243,1.59266,1.19,1.50
2018.04.05 22:31:09.268,1.59248,1.59273,1.19,1.00
2018.04.05 22:31:09.442,1.59249,1.59276,1.69,1.75
2018.04.05 22:31:14.113,1.59249,1.59276,1.19,2.00
2018.04.05 22:31:14.493,1.59249,1.59276,1.19,1.75
2018.04.05 22:31:22.396,1.5925,1.59277,1.19,1.00
2018.04.05 22:31:22.449,1.5925,1.59277,1.19,1.00
2018.04.05 22:31:23.071,1.59251,1.59278,1.19,2.25
2018.04.05 22:31:27.850,1.59251,1.5928,1.19,1.50
2018.04.05 22:31:30.161,1.59251,1.59279,1.19,1.00
2018.04.05 22:31:32.877,1.59251,1.59278,1.19,1.00
2018.04.05 22:31:40.824,1.59251,1.59278,1.19,1.00
2018.04.05 22:31:44.532,1.59249,1.59278,1.69,1.00
2018.04.05 22:31:45.057,1.59249,1.59276,1.19,1.00
2018.04.05 22:31:46.431,1.59248,1.59275,1.19,1.87
2018.04.05 22:31:46.484,1.59245,1.59272,1.19,1.00
2018.04.05 22:31:46.592,1.59242,1.5927,1.69,1.00
2018.04.05 22:31:46.902,1.59243,1.5927,1.19,1.00
2018.04.05 22:31:48.635,1.59243,1.59271,1.19,1.87
2018.04.05 22:31:56.989,1.59246,1.5927,1.19,1.00
2018.04.05 22:31:57.042,1.59242,1.59269,3.56,1.00
2018.04.05 22:31:57.094,1.59245,1.59272,1.69,1.50
2018.04.05 22:31:57.199,1.59243,1.5927,1.19,1.00
2018.04.05 22:31:57.735,1.59243,1.5927,1.19,1.00
2018.04.05 22:31:58.274,1.59244,1.59271,1.19,1.87
2018.04.05 22:32:01.346,1.59242,1.5927,1.44,1.00
2018.04.05 22:32:01.859,1.59244,1.59271,1.19,1.00
2018.04.05 22:32:05.708,1.59244,1.59273,1.19,2.25
2018.04.05 22:32:06.402,1.59244,1.59271,1.19,1.00
2018.04.05 22:32:08.587,1.59244,1.59271,1.19,1.00
2018.04.05 22:32:26.208,1.59244,1.59271,1.19,1.00
2018.04.05 22:32:39.155,1.59244,1.59271,1.19,1.00
2018.04.05 22:32:39.759,1.59244,1.59271,1.19,1.00
2018.04.05 22:32:41.462,1.59244,1.59271,1.69,1.00
2018.04.05 22:32:41.966,1.59246,1.59272,1.19,1.00
2018.04.05 22:32:59.155,1.59246,1.59272,1.69,1.00
2018.04.05 22:32:59.923,1.59246,1.59272,1.19,1.00
2018.04.05 22:33:03.744,1.59246,1.59273,1.19,1.00
2018.04.05 22:33:04.611,1.59245,1.59272,1.69,1.00
2018.04.05 22:33:09.154,1.59246,1.59272,1.19,1.00
2018.04.05 22:33:09.670,1.59245,1.59272,1.69,1.00
2018.04.05 22:33:11.161,1.59246,1.59273,1.19,1.00
2018.04.05 22:33:11.677,1.59246,1.59274,1.19,1.12
2018.04.05 22:33:16.482,1.5925,1.59276,1.19,1.00
2018.04.05 22:33:16.804,1.59251,1.59277,2.44,1.00
2018.04.05 22:33:16.956,1.59251,1.5928,2.44,1.12
2018.04.05 22:33:20.223,1.59255,1.59281,1.19,1.87
2018.04.05 22:33:20.330,1.59254,1.59282,1.19,1.00
2018.04.05 22:33:20.881,1.59254,1.59283,2.06,1.50
2018.04.05 22:33:26.651,1.59252,1.59278,2.06,1.00
2018.04.05 22:33:26.996,1.59246,1.59272,1.31,1.00
2018.04.05 22:33:28.519,1.59248,1.59272,1.19,1.00
2018.04.05 22:33:37.492,1.59246,1.59272,1.19,1.00
2018.04.05 22:33:46.479,1.59245,1.59272,1.69,1.25
2018.04.05 22:33:50.874,1.59245,1.59271,1.69,1.00
2018.04.05 22:33:57.649,1.59245,1.59271,1.25,1.56
2018.04.05 22:34:06.450,1.59244,1.59272,1.19,2.06
2018.04.05 22:34:11.484,1.59244,1.59272,1.19,1.87
2018.04.05 22:34:12.288,1.59247,1.59272,1.19,2.06
2018.04.05 22:34:20.767,1.5925,1.59272,1.19,1.12
2018.04.05 22:34:28.332,1.59249,1.59272,1.00,1.25
2018.04.05 22:34:29.125,1.59247,1.59272,1.19,1.19
2018.04.05 22:34:46.559,1.59246,1.59272,1.19,1.00
2018.04.05 22:34:47.284,1.59248,1.59272,1.19,1.25
2018.04.05 22:34:54.184,1.59248,1.59272,1.19,1.00
2018.04.05 22:34:54.877,1.59249,1.59272,1.19,1.00
2018.04.05 22:35:00.137,1.59258,1.59278,1.19,1.37
2018.04.05 22:35:00.241,1.59261,1.59283,1.19,1.00
2018.04.05 22:35:00.294,1.59257,1.59283,1.69,1.00
2018.04.05 22:35:00.347,1.59262,1.59285,1.19,1.00
2018.04.05 22:35:00.400,1.59263,1.59289,1.19,1.37
2018.04.05 22:35:00.452,1.59263,1.5929,1.19,1.50
2018.04.05 22:35:00.608,1.59266,1.59292,1.19,1.87
2018.04.05 22:35:00.866,1.59265,1.59292,1.19,1.00
2018.04.05 22:35:02.593,1.59266,1.59292,1.19,1.00
2018.04.05 22:35:06.037,1.59266,1.59291,1.19,1.00
2018.04.05 22:35:07.825,1.59272,1.59294,1.19,1.01
2018.04.05 22:35:08.033,1.59269,1.59294,1.19,1.20
2018.04.05 22:35:08.560,1.59269,1.59292,1.19,1.00
2018.04.05 22:35:09.644,1.59268,1.59294,1.31,1.20
2018.04.05 22:35:09.801,1.59269,1.59297,1.19,1.20
2018.04.05 22:35:10.114,1.5928,1.59306,1.00,1.32
2018.04.05 22:35:11.780,1.5928,1.59306,1.00,1.20
2018.04.05 22:35:15.513,1.59283,1.59309,1.00,2.44
2018.04.05 22:35:15.567,1.59286,1.59309,1.19,1.37
2018.04.05 22:35:15.672,1.59286,1.5931,1.19,1.25
2018.04.05 22:35:15.779,1.59288,1.59312,1.19,1.25
2018.04.05 22:35:21.159,1.59291,1.59316,1.00,2.44
2018.04.05 22:35:21.213,1.59293,1.59319,1.69,1.31
2018.04.05 22:35:21.371,1.59294,1.5932,1.19,1.00
2018.04.05 22:35:21.423,1.59302,1.59325,1.25,1.00
2018.04.05 22:35:21.529,1.59305,1.59332,1.25,3.94
2018.04.05 22:35:21.737,1.59309,1.59336,1.00,1.69
2018.04.05 22:35:22.081,1.59309,1.59329,1.00,1.19
2018.04.05 22:35:22.388,1.59309,1.59326,1.00,1.19
2018.04.05 22:35:23.278,1.5931,1.5933,1.00,1.19
2018.04.05 22:35:23.330,1.59312,1.5933,1.00,1.19
2018.04.05 22:35:23.839,1.59312,1.5933,1.00,1.19
2018.04.05 22:35:24.743,1.59312,1.59333,1.00,1.19
2018.04.05 22:35:24.848,1.59312,1.59337,1.50,1.19
2018.04.05 22:35:24.899,1.59316,1.59338,1.50,1.19
2018.04.05 22:35:25.002,1.59318,1.59341,1.50,1.19
2018.04.05 22:35:25.162,1.59318,1.59338,1.00,1.19
2018.04.05 22:35:25.215,1.59312,1.59335,1.19,1.19
2018.04.05 22:35:25.785,1.59312,1.59335,1.00,1.19
2018.04.05 22:35:26.668,1.59309,1.59334,1.25,1.69
2018.04.05 22:35:26.976,1.59298,1.59317,1.00,1.19
2018.04.05 22:35:27.463,1.59294,1.59317,1.00,1.19
2018.04.05 22:35:27.516,1.59292,1.59314,1.00,1.19
2018.04.05 22:35:28.390,1.59292,1.59317,1.00,1.19
2018.04.05 22:35:29.098,1.59292,1.59314,1.00,1.19
2018.04.05 22:35:30.614,1.59298,1.59319,1.00,1.19
2018.04.05 22:35:30.720,1.59299,1.59321,1.00,1.19
2018.04.05 22:35:31.251,1.59299,1.5932,1.00,1.19
2018.04.05 22:35:36.098,1.593,1.5932,1.00,1.19
2018.04.05 22:35:36.826,1.59299,1.5932,1.00,1.19
2018.04.05 22:35:38.917,1.59299,1.59319,1.00,1.19
2018.04.05 22:35:49.115,1.593,1.59319,1.00,1.19
2018.04.05 22:35:50.363,1.59298,1.59319,1.00,1.19
2018.04.05 22:35:57.197,1.59298,1.59318,1.00,1.19
2018.04.05 22:35:57.699,1.59298,1.59319,1.00,1.19
2018.04.05 22:35:58.183,1.59296,1.59316,1.00,1.19
2018.04.05 22:35:58.235,1.59296,1.59321,1.25,1.19
2018.04.05 22:35:58.288,1.59297,1.59316,1.00,1.19
2018.04.05 22:36:00.331,1.59297,1.59317,1.00,1.19
2018.04.05 22:36:00.383,1.59297,1.59321,1.00,1.19
2018.04.05 22:36:00.693,1.593,1.59321,1.00,1.19
2018.04.05 22:36:03.850,1.593,1.59323,1.00,1.19
2018.04.05 22:36:03.954,1.59298,1.59323,1.00,1.19
2018.04.05 22:36:04.474,1.59298,1.59323,1.50,1.19
2018.04.05 22:36:07.463,1.59298,1.59323,1.00,1.19
2018.04.05 22:36:15.793,1.59298,1.59321,1.00,1.19
2018.04.05 22:36:31.158,1.59298,1.59321,1.00,1.19
2018.04.05 22:36:34.155,1.59298,1.59322,1.00,1.19
2018.04.05 22:36:41.284,1.59298,1.59324,1.19,1.19
2018.04.05 22:36:44.595,1.59298,1.59324,1.19,1.00
2018.04.05 22:36:44.852,1.59299,1.59326,1.25,1.19
2018.04.05 22:36:51.133,1.59299,1.59326,1.19,1.19
2018.04.05 22:37:01.013,1.593,1.59327,1.00,1.19
2018.04.05 22:37:03.230,1.59302,1.59329,1.00,3.19
2018.04.05 22:37:04.224,1.593,1.59329,1.00,2.44
2018.04.05 22:37:04.999,1.59299,1.59328,1.00,1.31
2018.04.05 22:37:12.971,1.59301,1.59328,1.00,1.31
2018.04.05 22:37:21.205,1.59301,1.59328,1.00,1.69
2018.04.05 22:37:21.257,1.59299,1.59328,1.25,1.69
2018.04.05 22:37:36.287,1.593,1.59326,1.00,1.19
2018.04.05 22:37:39.208,1.593,1.59326,1.00,1.19
2018.04.05 22:37:41.534,1.593,1.59325,1.00,1.19
2018.04.05 22:37:41.586,1.59297,1.59325,1.00,1.19
2018.04.05 22:37:47.681,1.59297,1.59324,1.19,1.19
2018.04.05 22:37:55.459,1.59297,1.59323,1.19,1.00
2018.04.05 22:38:02.013,1.59296,1.59323,1.19,1.25
2018.04.05 22:38:07.167,1.59297,1.59323,1.19,1.00
2018.04.05 22:38:07.898,1.59296,1.59323,1.19,1.00
2018.04.05 22:38:12.683,1.59296,1.59325,1.19,1.19
2018.04.05 22:38:21.411,1.59296,1.59323,1.19,1.00
2018.04.05 22:38:24.841,1.59296,1.59323,1.19,1.19
2018.04.05 22:38:25.651,1.59296,1.59323,1.19,1.19
2018.04.05 22:38:26.025,1.59296,1.59323,1.69,1.25
2018.04.05 22:38:44.182,1.59297,1.59326,1.19,1.69
2018.04.05 22:38:46.533,1.59297,1.59326,1.19,1.69
2018.04.05 22:38:47.055,1.59297,1.59326,1.19,2.44
2018.04.05 22:38:48.188,1.59297,1.59326,1.19,1.69
2018.04.05 22:38:48.239,1.59297,1.59326,1.19,1.69
2018.04.05 22:38:54.089,1.59297,1.59326,1.69,1.19
2018.04.05 22:39:00.372,1.59303,1.59331,1.00,2.44
2018.04.05 22:39:00.652,1.59307,1.59333,1.00,2.44
2018.04.05 22:39:00.706,1.59309,1.59336,1.00,1.69
2018.04.05 22:39:01.231,1.5931,1.59336,1.00,1.69
2018.04.05 22:39:02.713,1.59307,1.59336,1.19,1.69
2018.04.05 22:39:02.976,1.5931,1.59336,1.00,1.69
2018.04.05 22:39:03.081,1.59311,1.59339,1.25,1.19
2018.04.05 22:39:03.236,1.59313,1.59338,1.00,1.25
2018.04.05 22:39:06.475,1.59316,1.59342,1.00,1.19
2018.04.05 22:39:07.246,1.59315,1.59343,1.00,1.19
2018.04.05 22:39:08.939,1.59315,1.59343,1.19,1.19
2018.04.05 22:39:09.275,1.59315,1.59343,1.25,1.00
2018.04.05 22:39:09.328,1.59319,1.59345,1.00,1.31
2018.04.05 22:39:09.853,1.59317,1.59345,1.00,1.19
2018.04.05 22:39:10.376,1.59311,1.5934,5.62,1.19
2018.04.05 22:39:10.719,1.59318,1.59344,1.00,1.19
2018.04.05 22:39:10.933,1.59318,1.59344,1.00,1.25
2018.04.05 22:39:12.144,1.59314,1.59344,1.25,1.25
2018.04.05 22:39:14.866,1.5931,1.5934,1.12,1.31
2018.04.05 22:39:15.074,1.59303,1.59333,1.19,2.06
2018.04.05 22:39:15.180,1.59302,1.59331,1.19,1.19
2018.04.05 22:39:18.125,1.59299,1.5933,1.69,1.19
2018.04.05 22:39:22.211,1.59299,1.5933,1.69,1.25
2018.04.05 22:39:31.669,1.59299,1.5933,1.69,1.19
2018.04.05 22:39:34.626,1.59299,1.5933,1.87,1.19
2018.04.05 22:39:35.468,1.59299,1.5933,1.69,1.19
2018.04.05 22:39:39.792,1.59299,1.59329,1.44,1.25
2018.04.05 22:39:44.662,1.59302,1.59332,1.19,1.19
2018.04.05 22:39:44.778,1.59304,1.59333,1.19,1.00
2018.04.05 22:39:44.832,1.59305,1.59337,1.19,2.44
2018.04.05 22:39:46.658,1.5931,1.5934,1.19,1.87
2018.04.05 22:39:46.870,1.59309,1.5934,1.19,1.69
2018.04.05 22:39:47.178,1.59307,1.59338,1.69,1.19
2018.04.05 22:40:00.750,1.59304,1.59336,1.44,2.44
2018.04.05 22:40:19.154,1.59304,1.59335,1.44,1.19
2018.04.05 22:40:24.158,1.59304,1.59334,1.44,1.19
2018.04.05 22:40:24.843,1.59304,1.59334,1.44,1.25
2018.04.05 22:40:32.975,1.59304,1.59334,1.44,1.19
2018.04.05 22:40:33.754,1.59304,1.59334,1.44,1.19
2018.04.05 22:40:38.012,1.59305,1.59335,1.44,1.19
2018.04.05 22:40:38.482,1.59304,1.59335,1.44,1.69
2018.04.05 22:40:56.154,1.59304,1.59335,1.44,2.44
2018.04.05 22:41:24.154,1.59304,1.59336,1.44,2.06
2018.04.05 22:41:24.962,1.59304,1.59336,1.44,2.06
2018.04.05 22:41:39.208,1.59304,1.59335,1.19,1.19
2018.04.05 22:41:54.157,1.59304,1.59335,1.31,2.44
2018.04.05 22:41:54.670,1.59304,1.59335,1.31,2.44
2018.04.05 22:42:24.207,1.59304,1.59334,1.19,2.44
2018.04.05 22:42:30.630,1.59303,1.59332,1.19,1.00
2018.04.05 22:42:30.958,1.59303,1.59332,1.25,1.19
2018.04.05 22:42:32.561,1.59299,1.5933,1.19,1.25
2018.04.05 22:42:54.210,1.59301,1.5933,1.19,1.00
2018.04.05 22:42:59.137,1.59301,1.59331,1.19,1.25
2018.04.05 22:43:00.242,1.59301,1.59331,1.69,1.00
2018.04.05 22:43:00.729,1.59304,1.59332,1.31,1.00
2018.04.05 22:43:02.612,1.59303,1.59332,1.69,1.00
2018.04.05 22:43:04.669,1.59303,1.59332,1.19,1.19
2018.04.05 22:43:04.721,1.59303,1.59332,1.25,1.19
2018.04.05 22:43:04.878,1.59302,1.59331,1.00,1.69
2018.04.05 22:43:05.390,1.59298,1.59328,1.25,1.69
2018.04.05 22:43:05.492,1.59298,1.59328,1.69,2.44
2018.04.05 22:43:06.043,1.59299,1.59326,1.19,1.00
2018.04.05 22:43:06.920,1.59299,1.59327,1.19,1.00
2018.04.05 22:43:07.433,1.59302,1.59329,1.19,1.19
2018.04.05 22:43:20.731,1.59301,1.59329,1.25,1.19
2018.04.05 22:43:21.042,1.59294,1.59322,2.62,1.69
2018.04.05 22:43:21.094,1.59291,1.59319,1.00,1.19
2018.04.05 22:43:21.198,1.59289,1.59318,1.00,1.19
2018.04.05 22:43:21.406,1.59286,1.59317,1.50,2.44
2018.04.05 22:43:39.157,1.59286,1.59316,1.25,1.69
2018.04.05 22:43:39.951,1.59286,1.59316,1.00,1.69
2018.04.05 22:43:52.760,1.59285,1.59314,1.25,1.19
2018.04.05 22:43:55.719,1.59286,1.59314,1.00,1.19
2018.04.05 22:43:56.260,1.59284,1.59314,1.19,1.69
2018.04.05 22:43:58.059,1.59287,1.59317,1.19,2.06
2018.04.05 22:43:58.319,1.59289,1.59321,1.69,1.69
2018.04.05 22:43:58.527,1.59289,1.59321,1.69,1.69
2018.04.05 22:43:58.834,1.59289,1.5932,1.69,1.19
2018.04.05 22:44:00.789,1.59289,1.5932,1.69,1.00
2018.04.05 22:44:04.265,1.59289,1.5932,1.69,1.69
2018.04.05 22:44:04.672,1.59289,1.5932,1.87,1.50
2018.04.05 22:44:12.707,1.59289,1.5932,1.87,1.19
2018.04.05 22:44:20.657,1.59289,1.5932,1.87,1.50
2018.04.05 22:44:23.139,1.59291,1.5932,1.19,1.00
2018.04.05 22:44:23.246,1.59292,1.59322,1.19,1.25
2018.04.05 22:44:23.456,1.59291,1.59322,2.06,1.87
2018.04.05 22:44:41.155,1.59291,1.59321,1.69,1.69
2018.04.05 22:44:41.712,1.59291,1.59321,1.69,1.69
2018.04.05 22:44:45.564,1.59291,1.59321,1.69,1.00
2018.04.05 22:44:45.615,1.59291,1.59321,2.44,1.19
2018.04.05 22:45:00.368,1.5929,1.59319,1.69,1.19
2018.04.05 22:45:00.886,1.59287,1.59316,1.31,1.69
2018.04.05 22:45:01.431,1.59286,1.59316,1.19,2.44
2018.04.05 22:45:08.648,1.59284,1.59313,1.44,1.19
2018.04.05 22:45:09.167,1.59282,1.59312,2.25,1.19
2018.04.05 22:45:09.713,1.59284,1.59313,1.19,1.69
2018.04.05 22:45:19.743,1.59285,1.59313,1.19,1.00
2018.04.05 22:45:20.256,1.59283,1.59313,1.19,1.25
2018.04.05 22:45:21.700,1.59285,1.59313,1.19,1.19
2018.04.05 22:45:36.363,1.59287,1.59312,3.00,1.69
2018.04.05 22:45:36.415,1.59284,1.59311,1.19,1.19
2018.04.05 22:45:36.468,1.59284,1.59311,1.19,1.19
2018.04.05 22:45:36.781,1.59287,1.59314,2.06,2.81
2018.04.05 22:45:37.096,1.59298,1.5932,1.19,1.00
2018.04.05 22:45:37.430,1.59298,1.59324,1.19,1.69
2018.04.05 22:45:37.535,1.593,1.59324,1.19,1.00
2018.04.05 22:45:38.063,1.593,1.59328,1.19,1.19
2018.04.05 22:45:53.817,1.59301,1.59327,1.19,1.00
2018.04.05 22:46:05.209,1.593,1.59327,1.19,1.19
2018.04.05 22:46:13.037,1.59301,1.59329,1.19,1.69
2018.04.05 22:46:29.723,1.593,1.59328,1.19,1.19
2018.04.05 22:46:30.064,1.59302,1.59328,1.19,1.25
2018.04.05 22:46:39.420,1.593,1.59329,1.19,1.19
2018.04.05 22:46:57.156,1.59301,1.59329,1.19,1.69
2018.04.05 22:47:01.382,1.59301,1.59328,1.19,1.19
2018.04.05 22:47:12.242,1.59303,1.5933,1.94,1.69
2018.04.05 22:47:12.294,1.59303,1.5933,2.44,1.19
2018.04.05 22:47:12.347,1.59304,1.5933,1.69,1.25
2018.04.05 22:47:12.401,1.59303,1.5933,2.44,1.19
2018.04.05 22:47:20.630,1.59303,1.59331,2.25,1.69
2018.04.05 22:47:21.122,1.59303,1.59332,2.25,1.31
2018.04.05 22:47:36.214,1.59303,1.59332,1.31,2.44
2018.04.05 22:47:39.253,1.59302,1.59331,2.62,1.19
2018.04.05 22:47:39.357,1.59309,1.59335,1.31,1.19
2018.04.05 22:47:39.462,1.59307,1.59335,1.19,1.31
2018.04.05 22:47:39.566,1.59304,1.59334,1.69,1.69
2018.04.05 22:47:39.829,1.59303,1.59332,2.44,1.69
2018.04.05 22:47:40.285,1.59303,1.59332,2.25,2.44
2018.04.05 22:47:40.648,1.59303,1.59331,1.19,1.19
2018.04.05 22:47:43.447,1.59304,1.59331,1.19,1.19
2018.04.05 22:47:47.267,1.59305,1.59331,1.19,1.00
2018.04.05 22:47:48.388,1.59304,1.59331,1.19,1.00
2018.04.05 22:47:52.266,1.59305,1.59331,1.31,1.00
2018.04.05 22:47:52.824,1.59304,1.59331,1.56,1.00
2018.04.05 22:47:58.568,1.59303,1.59331,2.44,1.00
2018.04.05 22:48:05.521,1.59303,1.59331,1.19,1.31
2018.04.05 22:48:10.699,1.593,1.5933,2.44,1.19
2018.04.05 22:48:20.627,1.593,1.59328,1.00,2.44
2018.04.05 22:48:21.138,1.59298,1.59327,2.44,2.06
2018.04.05 22:48:38.154,1.59299,1.59327,1.31,1.31
2018.04.05 22:48:54.162,1.59299,1.59327,1.12,1.31
2018.04.05 22:48:56.885,1.593,1.59327,1.00,1.31
2018.04.05 22:49:07.709,1.59298,1.59327,2.62,1.31
2018.04.05 22:49:09.182,1.59298,1.59327,2.62,1.31
2018.04.05 22:49:15.760,1.59298,1.59328,2.44,3.19
2018.04.05 22:49:19.031,1.59298,1.59324,1.69,1.19
2018.04.05 22:49:19.864,1.59298,1.59328,1.69,3.19
2018.04.05 22:49:25.263,1.59305,1.59328,1.19,1.50
2018.04.05 22:49:25.584,1.5932,1.59347,1.31,1.19
2018.04.05 22:49:27.084,1.59319,1.59347,2.44,1.19
2018.04.05 22:49:28.801,1.5933,1.59348,2.25,1.19
2018.04.05 22:49:28.964,1.59338,1.59362,1.69,1.19
2018.04.05 22:49:29.070,1.59339,1.59366,1.25,2.06
2018.04.05 22:49:29.124,1.59339,1.59366,2.44,1.19
2018.04.05 22:49:29.284,1.59345,1.59372,1.00,2.44
2018.04.05 22:49:29.391,1.59345,1.59371,1.00,1.69
2018.04.05 22:49:29.852,1.59345,1.59368,1.00,1.19
2018.04.05 22:49:30.946,1.59355,1.59377,1.69,5.44
2018.04.05 22:49:31.000,1.59355,1.59377,1.19,1.00
2018.04.05 22:49:31.053,1.59357,1.59383,1.00,1.19
2018.04.05 22:49:31.160,1.59359,1.59386,1.00,1.19
2018.04.05 22:49:31.679,1.59357,1.59383,1.00,1.31
2018.04.05 22:49:32.044,1.59352,1.59377,2.25,1.94
2018.04.05 22:49:32.346,1.59347,1.5937,1.00,1.31
2018.04.05 22:49:32.864,1.59349,1.59375,1.31,1.19
2018.04.05 22:49:32.916,1.59355,1.5938,2.81,2.81
2018.04.05 22:49:32.968,1.59358,1.59385,1.00,2.44
2018.04.05 22:49:33.070,1.59371,1.59391,1.87,1.19
2018.04.05 22:49:33.173,1.59375,1.59401,1.12,1.19
2018.04.05 22:49:33.225,1.59373,1.594,1.00,1.19
2018.04.05 22:49:33.541,1.59369,1.59393,1.50,1.31
2018.04.05 22:49:33.647,1.59367,1.59391,1.00,1.56
2018.04.05 22:49:33.699,1.59365,1.59391,1.50,1.56
2018.04.05 22:49:33.853,1.59365,1.59392,1.00,1.31
2018.04.05 22:49:34.059,1.59365,1.5939,1.00,1.12
2018.04.05 22:49:34.213,1.59365,1.59394,1.50,3.00
2018.04.05 22:49:34.316,1.59367,1.59394,1.50,1.31
2018.04.05 22:49:35.063,1.59366,1.59387,1.00,1.31
2018.04.05 22:49:35.115,1.59363,1.59383,1.00,1.00
2018.04.05 22:49:35.633,1.59362,1.59388,1.00,2.06
2018.04.05 22:49:37.138,1.5936,1.59388,1.00,2.06
2018.04.05 22:49:37.242,1.59362,1.5939,1.12,1.31
2018.04.05 22:49:37.347,1.59363,1.5939,1.00,1.31
2018.04.05 22:49:37.400,1.59363,1.59392,1.50,1.94
2018.04.05 22:49:37.518,1.59365,1.59392,1.00,1.94
2018.04.05 22:49:38.140,1.59359,1.59381,3.00,1.94
2018.04.05 22:49:38.305,1.59342,1.59367,1.00,1.31
2018.04.05 22:49:38.357,1.59342,1.5937,1.00,1.31
2018.04.05 22:49:38.411,1.59337,1.59364,1.64,1.75
2018.04.05 22:49:38.536,1.59336,1.59363,1.50,2.06
2018.04.05 22:49:38.592,1.59336,1.59361,1.00,1.69
2018.04.05 22:49:38.700,1.59338,1.59366,1.00,1.56
2018.04.05 22:49:38.754,1.59338,1.59365,1.00,1.19
2018.04.05 22:49:38.861,1.59335,1.59362,1.00,1.19
2018.04.05 22:49:39.172,1.59333,1.5936,1.00,1.94
2018.04.05 22:49:39.535,1.59331,1.59358,1.00,1.56
2018.04.05 22:49:39.589,1.59326,1.59352,1.12,1.19
2018.04.05 22:49:39.928,1.59324,1.59352,1.69,1.31
2018.04.05 22:49:40.647,1.59323,1.5935,1.31,2.06
2018.04.05 22:49:41.004,1.5932,1.59348,1.00,1.69
2018.04.05 22:49:41.777,1.5932,1.59347,1.00,2.06
2018.04.05 22:49:42.428,1.59321,1.59347,1.00,1.19
2018.04.05 22:49:42.481,1.59323,1.59349,1.00,1.19
2018.04.05 22:49:42.825,1.59323,1.59344,1.00,1.19
2018.04.05 22:49:42.980,1.59319,1.59341,1.00,1.19
2018.04.05 22:49:44.248,1.59319,1.59342,1.00,1.19
2018.04.05 22:49:44.406,1.59319,1.59348,1.25,2.06
2018.04.05 22:49:47.189,1.59318,1.59348,1.19,1.31
2018.04.05 22:49:48.679,1.59321,1.59351,1.19,1.31
2018.04.05 22:49:48.962,1.5933,1.59356,1.56,1.12
2018.04.05 22:49:49.271,1.59323,1.59354,1.94,1.31
2018.04.05 22:49:49.578,1.59328,1.59357,1.19,1.69
2018.04.05 22:49:49.634,1.59328,1.59359,2.06,1.25
2018.04.05 22:49:51.849,1.5933,1.59362,1.69,2.81
2018.04.05 22:49:52.298,1.59333,1.59362,1.19,2.81
2018.04.05 22:49:53.200,1.59327,1.59358,2.06,1.69
2018.04.05 22:49:53.252,1.59327,1.59357,1.19,1.31
2018.04.05 22:49:53.780,1.59325,1.59355,1.19,1.94
2018.04.05 22:49:54.280,1.59325,1.59354,1.19,1.31
2018.04.05 22:49:55.294,1.59325,1.59353,1.19,1.00
2018.04.05 22:49:55.347,1.59326,1.59357,2.06,1.69
2018.04.05 22:49:55.399,1.59328,1.59355,1.19,1.37
2018.04.05 22:49:55.503,1.59326,1.59355,1.69,1.56
2018.04.05 22:49:55.608,1.59328,1.59355,1.19,1.37
2018.04.05 22:49:55.661,1.59336,1.59362,1.31,1.12
2018.04.05 22:49:55.764,1.59338,1.59368,2.44,1.31
2018.04.05 22:49:56.111,1.5934,1.59369,1.19,2.81
2018.04.05 22:49:56.217,1.5934,1.59369,1.31,1.31
2018.04.05 22:49:56.326,1.59347,1.59373,1.19,1.56
2018.04.05 22:49:56.431,1.59347,1.59374,1.25,1.25
2018.04.05 22:49:56.953,1.59349,1.59377,1.00,1.69
2018.04.05 22:49:57.295,1.59359,1.59389,1.69,1.69
2018.04.05 22:49:57.607,1.59361,1.5939,1.69,1.19
2018.04.05 22:49:59.013,1.59364,1.59394,2.06,1.19
2018.04.05 22:49:59.066,1.59364,1.59395,1.31,1.31
2018.04.05 22:49:59.614,1.59364,1.59394,2.14,1.69
2018.04.05 22:49:59.667,1.59361,1.5939,2.44,1.25
2018.04.05 22:50:00.078,1.59361,1.5939,1.69,1.00
2018.04.05 22:50:01.256,1.59361,1.5939,1.69,1.19
2018.04.05 22:50:01.360,1.59357,1.59386,1.12,1.25
2018.04.05 22:50:01.412,1.59357,1.59386,1.50,2.06
2018.04.05 22:50:01.638,1.59355,1.59385,1.31,1.69
2018.04.05 22:50:01.740,1.59355,1.59387,1.69,2.81
2018.04.05 22:50:02.492,1.59353,1.59385,2.44,1.31
2018.04.05 22:50:04.000,1.59353,1.59385,2.44,1.31
2018.04.05 22:50:05.203,1.59359,1.59388,1.19,1.12
2018.04.05 22:50:05.695,1.59358,1.59388,1.31,1.12
2018.04.05 22:50:06.207,1.59361,1.59388,1.19,1.31
2018.04.05 22:50:06.518,1.59371,1.59395,1.00,1.31
2018.04.05 22:50:06.620,1.5937,1.59397,1.19,1.75
2018.04.05 22:50:07.977,1.59368,1.59398,1.19,1.31
2018.04.05 22:50:08.034,1.59367,1.59393,1.19,1.12
2018.04.05 22:50:08.086,1.59366,1.59393,1.19,1.12
2018.04.05 22:50:08.415,1.59371,1.59397,1.19,1.12
2018.04.05 22:50:08.858,1.59369,1.59397,1.00,1.31
2018.04.05 22:50:09.219,1.59369,1.59394,1.00,1.31
2018.04.05 22:50:09.979,1.59369,1.59392,1.00,1.19
2018.04.05 22:50:10.612,1.59376,1.59397,1.00,1.19
2018.04.05 22:50:10.694,1.59371,1.59397,1.00,1.19
2018.04.05 22:50:10.764,1.59386,1.59413,1.00,1.94
2018.04.05 22:50:10.815,1.59386,1.59414,1.00,2.06
2018.04.05 22:50:11.334,1.59386,1.59414,1.00,1.19
2018.04.05 22:50:11.387,1.59387,1.59414,1.00,1.19
2018.04.05 22:50:11.695,1.59379,1.59405,1.00,1.31
2018.04.05 22:50:11.981,1.59373,1.59399,1.00,1.31
2018.04.05 22:50:12.486,1.59374,1.59401,1.00,1.31
2018.04.05 22:50:13.104,1.59374,1.59401,1.00,1.31
2018.04.05 22:50:13.530,1.59374,1.594,1.00,1.19
2018.04.05 22:50:13.634,1.59371,1.594,1.00,1.19
2018.04.05 22:50:14.138,1.59371,1.594,1.50,1.19
2018.04.05 22:50:14.606,1.5939,1.59409,1.00,1.37
2018.04.05 22:50:14.787,1.59393,1.59422,1.12,1.19
2018.04.05 22:50:14.839,1.59395,1.59422,1.50,1.25
2018.04.05 22:50:14.894,1.59399,1.59425,1.00,1.19
2018.04.05 22:50:14.947,1.59399,1.59429,1.00,1.31
2018.04.05 22:50:15.000,1.59394,1.59426,1.31,1.31
2018.04.05 22:50:15.053,1.59394,1.59424,1.12,1.19
2018.04.05 22:50:15.242,1.59396,1.59424,1.00,1.19
2018.04.05 22:50:15.345,1.59399,1.59428,1.00,1.56
2018.04.05 22:50:15.448,1.59398,1.59425,1.00,1.25
2018.04.05 22:50:15.499,1.59395,1.59425,1.12,1.94
2018.04.05 22:50:15.845,1.59409,1.59433,1.00,1.19
2018.04.05 22:50:15.897,1.59411,1.59437,1.50,1.19
2018.04.05 22:50:15.953,1.5941,1.5944,1.00,2.44
2018.04.05 22:50:16.109,1.59412,1.59441,1.87,1.19
2018.04.05 22:50:16.266,1.59414,1.59438,1.00,1.19
2018.04.05 22:50:16.393,1.59411,1.5944,1.50,1.94
2018.04.05 22:50:16.551,1.59418,1.59445,2.44,1.19
2018.04.05 22:50:16.656,1.59417,1.59443,1.00,1.19
2018.04.05 22:50:16.708,1.59415,1.59441,1.00,1.19
2018.04.05 22:50:17.035,1.5941,1.5944,1.00,1.50
2018.04.05 22:50:17.368,1.59408,1.59437,1.62,1.12
2018.04.05 22:50:17.683,1.59406,1.59436,1.50,1.69
2018.04.05 22:50:18.197,1.59409,1.59437,1.00,1.50
2018.04.05 22:50:18.506,1.59409,1.59438,1.56,1.12
2018.04.05 22:50:18.814,1.59433,1.59456,1.31,1.19
2018.04.05 22:50:18.866,1.5943,1.59455,2.81,1.25
2018.04.05 22:50:18.970,1.59431,1.59456,1.19,1.87
2018.04.05 22:50:19.329,1.5943,1.59455,1.62,1.50
2018.04.05 22:50:19.637,1.59431,1.59455,1.00,1.69
2018.04.05 22:50:19.786,1.59431,1.59455,1.00,1.87
2018.04.05 22:50:20.709,1.59442,1.59454,1.00,1.00
2018.04.05 22:50:20.925,1.59442,1.59467,1.19,2.62
2018.04.05 22:50:21.028,1.59438,1.59465,1.25,1.87
2018.04.05 22:50:21.080,1.59438,1.59461,1.69,1.44
2018.04.05 22:50:21.184,1.59438,1.59463,1.25,1.37
2018.04.05 22:50:21.398,1.59443,1.59465,1.00,1.69
2018.04.05 22:50:21.728,1.59445,1.59467,1.00,1.81
2018.04.05 22:50:22.293,1.59445,1.59467,1.00,1.37
2018.04.05 22:50:22.838,1.59444,1.59466,1.00,1.19
2018.04.05 22:50:23.169,1.59452,1.59468,1.12,2.44
2018.04.05 22:50:23.276,1.59458,1.59477,1.50,3.19
2018.04.05 22:50:23.335,1.59454,1.59478,1.25,1.44
2018.04.05 22:50:23.388,1.5945,1.59476,1.00,2.06
2018.04.05 22:50:23.442,1.59446,1.59468,1.00,1.19
2018.04.05 22:50:23.701,1.59443,1.59468,1.00,2.06
2018.04.05 22:50:24.250,1.59442,1.59466,1.00,1.44
2018.04.05 22:50:25.115,1.59441,1.59464,1.00,1.12
2018.04.05 22:50:25.167,1.59438,1.59464,1.00,2.62
2018.04.05 22:50:25.492,1.59437,1.59461,1.00,1.87
2018.04.05 22:50:25.952,1.59434,1.5946,1.87,1.87
2018.04.05 22:50:26.977,1.59436,1.5946,1.12,2.25
2018.04.05 22:50:27.183,1.59436,1.59461,1.12,1.75
2018.04.05 22:50:27.234,1.5944,1.59461,2.25,1.19
2018.04.05 22:50:27.286,1.5944,1.59464,1.00,1.19
2018.04.05 22:50:27.389,1.5944,1.59462,1.00,1.19
2018.04.05 22:50:27.644,1.59437,1.59462,2.25,1.19
2018.04.05 22:50:28.169,1.59437,1.59462,1.00,1.94
2018.04.05 22:50:29.524,1.59435,1.59462,1.12,1.19
2018.04.05 22:50:30.017,1.59439,1.59468,1.50,1.44
2018.04.05 22:50:30.069,1.59438,1.59469,1.31,2.06
2018.04.05 22:50:30.225,1.59444,1.59469,1.00,1.19
2018.04.05 22:50:30.381,1.59446,1.59474,1.00,1.69
2018.04.05 22:50:30.432,1.5945,1.59474,1.00,1.19
2018.04.05 22:50:30.535,1.5945,1.59477,1.00,1.56
2018.04.05 22:50:30.790,1.59448,1.59476,1.00,1.31
2018.04.05 22:50:31.107,1.59446,1.59472,1.25,1.00
2018.04.05 22:50:31.521,1.59445,1.59472,1.19,1.12
2018.04.05 22:50:32.169,1.59447,1.59476,1.31,1.69
2018.04.05 22:50:32.221,1.59447,1.59476,2.06,1.50
2018.04.05 22:50:32.584,1.59447,1.59474,4.87,1.25
2018.04.05 22:50:32.687,1.59447,1.59472,1.00,1.00
2018.04.05 22:50:33.058,1.59444,1.59472,1.44,1.25
2018.04.05 22:50:33.699,1.59444,1.59472,1.44,1.00
2018.04.05 22:50:33.753,1.59447,1.59475,1.31,1.37
2018.04.05 22:50:33.922,1.59466,1.59492,1.00,2.06
2018.04.05 22:50:34.038,1.59468,1.5949,1.37,1.19
2018.04.05 22:50:34.195,1.59473,1.59495,1.00,1.00
2018.04.05 22:50:34.248,1.59473,1.59495,1.00,1.19
2018.04.05 22:50:34.512,1.59469,1.59497,1.00,2.25
2018.04.05 22:50:34.568,1.59468,1.59492,1.00,1.69
2018.04.05 22:50:34.722,1.59466,1.59492,1.00,1.31
2018.04.05 22:50:35.327,1.59465,1.59492,1.12,1.31
2018.04.05 22:50:35.586,1.59467,1.59491,1.00,1.19
2018.04.05 22:50:35.933,1.59467,1.59492,1.37,1.31
2018.04.05 22:50:36.087,1.59466,1.59491,1.50,1.19
2018.04.05 22:50:36.291,1.59466,1.59491,1.75,1.19
2018.04.05 22:50:37.072,1.59466,1.59491,1.75,1.19
2018.04.05 22:50:37.588,1.59467,1.59491,1.00,1.19
2018.04.05 22:50:38.086,1.59466,1.59494,3.56,1.94
2018.04.05 22:50:38.197,1.5947,1.59495,1.00,1.69
2018.04.05 22:50:38.250,1.5947,1.59495,1.00,1.69
2018.04.05 22:50:38.461,1.59471,1.59498,3.00,1.69
2018.04.05 22:50:39.002,1.59471,1.59498,5.25,1.69
2018.04.05 22:50:39.314,1.59473,1.59498,1.00,1.69
2018.04.05 22:50:39.846,1.59471,1.59495,3.37,1.19
2018.04.05 22:50:40.915,1.59471,1.59495,1.50,1.56
2018.04.05 22:50:41.177,1.59472,1.59497,1.00,2.06
2018.04.05 22:50:41.385,1.59474,1.59497,1.00,1.31
2018.04.05 22:50:41.438,1.59474,1.59499,1.00,1.31
2018.04.05 22:50:42.006,1.59473,1.59498,1.25,1.31
2018.04.05 22:50:42.581,1.59472,1.59498,1.00,1.31
2018.04.05 22:50:43.083,1.59473,1.59498,1.25,1.19
2018.04.05 22:50:43.569,1.59473,1.595,1.70,1.69
2018.04.05 22:50:44.688,1.59471,1.59496,1.45,1.19
2018.04.05 22:50:44.741,1.59471,1.59495,1.20,1.19
2018.04.05 22:50:44.794,1.5947,1.59496,1.01,1.69
2018.04.05 22:50:44.847,1.59469,1.59494,1.39,1.19
2018.04.05 22:50:44.951,1.5947,1.59496,1.64,1.56
2018.04.05 22:50:45.289,1.59468,1.59494,1.20,1.69
2018.04.05 22:50:45.340,1.59469,1.59494,1.76,1.19
2018.04.05 22:50:45.443,1.59471,1.59497,1.19,1.19
2018.04.05 22:50:45.753,1.59472,1.59498,1.45,2.06
2018.04.05 22:50:45.914,1.59476,1.59502,1.19,1.69
2018.04.05 22:50:46.021,1.59475,1.59502,1.64,1.31
2018.04.05 22:50:46.369,1.59489,1.59514,1.25,3.37
2018.04.05 22:50:46.683,1.59489,1.59518,1.64,2.44
2018.04.05 22:50:46.735,1.59491,1.59514,1.00,1.19
2018.04.05 22:50:47.099,1.59488,1.59514,1.39,1.19
2018.04.05 22:50:47.304,1.59482,1.59511,1.66,1.31
2018.04.05 22:50:47.356,1.59481,1.59508,2.14,1.19
2018.04.05 22:50:47.665,1.5948,1.59506,1.00,1.31
2018.04.05 22:50:47.918,1.59478,1.59506,1.20,1.69
2018.04.05 22:50:47.969,1.59475,1.595,1.00,1.31
2018.04.05 22:50:48.486,1.59475,1.59501,1.57,1.19
2018.04.05 22:50:48.588,1.59475,1.59503,1.76,2.06
2018.04.05 22:50:48.996,1.59477,1.59501,1.00,1.19
2018.04.05 22:50:49.151,1.59477,1.59506,1.31,2.44
2018.04.05 22:50:49.254,1.59477,1.59505,2.14,1.19
2018.04.05 22:50:49.663,1.59473,1.59499,1.39,1.75
2018.04.05 22:50:50.293,1.59474,1.59501,1.50,1.94
2018.04.05 22:50:50.672,1.59474,1.595,1.00,1.69
2018.04.05 22:50:51.231,1.59473,1.59501,1.95,2.06
2018.04.05 22:50:51.594,1.59473,1.59501,2.14,1.31
2018.04.05 22:50:51.646,1.59473,1.59501,2.14,1.31
2018.04.05 22:50:51.958,1.59474,1.59501,1.01,1.19
2018.04.05 22:50:52.928,1.59473,1.59503,1.56,1.81
2018.04.05 22:50:53.083,1.59473,1.59502,2.19,1.94
2018.04.05 22:50:53.523,1.59473,1.595,1.75,2.44
2018.04.05 22:50:54.844,1.59473,1.595,1.75,1.19
2018.04.05 22:50:54.951,1.59471,1.59499,1.00,3.19
2018.04.05 22:50:55.257,1.59473,1.59499,1.19,2.44
2018.04.05 22:50:56.334,1.59474,1.59504,1.31,3.75
2018.04.05 22:50:56.428,1.59477,1.59504,2.25,2.44
2018.04.05 22:50:56.479,1.59485,1.59514,1.19,3.19
2018.04.05 22:50:56.531,1.59485,1.59516,1.12,2.44
2018.04.05 22:50:56.838,1.59485,1.59517,3.56,1.94
2018.04.05 22:50:57.195,1.59494,1.59522,1.00,1.50
2018.04.05 22:50:57.661,1.5949,1.59519,1.00,2.06
2018.04.05 22:50:58.123,1.59489,1.59518,1.00,1.94
2018.04.05 22:50:58.431,1.59491,1.59522,1.31,1.56
2018.04.05 22:51:00.134,1.59491,1.59522,2.81,1.56
2018.04.05 22:51:00.467,1.59496,1.59525,3.19,2.44
2018.04.05 22:51:00.521,1.59498,1.59526,4.31,1.31
2018.04.05 22:51:01.041,1.59497,1.59525,1.31,1.31
2018.04.05 22:51:01.095,1.59497,1.59525,1.31,2.06
2018.04.05 22:51:01.426,1.59492,1.59523,2.44,1.56
2018.04.05 22:51:03.110,1.59494,1.59522,1.31,1.31
2018.04.05 22:51:03.162,1.59494,1.59525,2.06,1.87
2018.04.05 22:51:03.215,1.59503,1.59527,1.19,2.62
2018.04.05 22:51:03.268,1.59506,1.59529,1.19,1.00
2018.04.05 22:51:03.320,1.59506,1.59535,1.19,1.69
2018.04.05 22:51:03.424,1.59506,1.59536,1.00,1.94
2018.04.05 22:51:03.634,1.59506,1.59533,1.00,1.19
2018.04.05 22:51:03.873,1.595,1.5953,2.44,1.19
2018.04.05 22:51:03.925,1.59499,1.59528,1.00,1.69
2018.04.05 22:51:04.079,1.59501,1.59528,1.12,1.19
2018.04.05 22:51:04.182,1.59498,1.59529,1.12,1.19
2018.04.05 22:51:04.702,1.595,1.59528,1.50,1.19
2018.04.05 22:51:04.754,1.59501,1.59531,1.12,1.69
2018.04.05 22:51:04.935,1.59499,1.59531,1.75,1.69
2018.04.05 22:51:05.143,1.59496,1.59527,1.37,1.56
2018.04.05 22:51:05.300,1.59496,1.59526,1.87,1.31
2018.04.05 22:51:05.849,1.595,1.59527,1.12,1.19
2018.04.05 22:51:06.186,1.595,1.59527,1.31,1.00
2018.04.05 22:51:06.424,1.595,1.59528,1.31,1.12
2018.04.05 22:51:06.475,1.59502,1.59532,1.69,1.25
2018.04.05 22:51:07.466,1.59501,1.59532,2.44,2.44
2018.04.05 22:51:07.570,1.595,1.59529,1.12,1.00
2018.04.05 22:51:08.017,1.59499,1.59529,1.19,1.69
2018.04.05 22:51:08.223,1.59498,1.59531,1.50,2.81
2018.04.05 22:51:08.734,1.59499,1.5953,1.94,1.19
2018.04.05 22:51:09.076,1.59496,1.59529,2.81,1.31
2018.04.05 22:51:10.147,1.595,1.5953,1.31,2.06
2018.04.05 22:51:10.459,1.59519,1.59536,1.19,1.00
2018.04.05 22:51:10.512,1.59519,1.59548,1.19,3.56
2018.04.05 22:51:10.630,1.59519,1.59548,1.19,1.69
2018.04.05 22:51:11.358,1.59519,1.59547,1.19,1.62
2018.04.05 22:51:11.411,1.59516,1.59547,2.06,1.94
2018.04.05 22:51:11.516,1.59514,1.59543,1.19,1.19
2018.04.05 22:51:12.265,1.5952,1.59546,1.69,3.37
2018.04.05 22:51:12.454,1.595,1.59527,1.12,1.12
2018.04.05 22:51:12.514,1.59499,1.59532,1.69,1.87
2018.04.05 22:51:12.575,1.59502,1.59532,1.19,1.00
2018.04.05 22:51:12.733,1.59513,1.5954,1.00,1.94
2018.04.05 22:51:12.838,1.59509,1.5954,1.50,1.31
2018.04.05 22:51:12.892,1.59507,1.59536,1.12,1.50
2018.04.05 22:51:12.944,1.59504,1.59533,2.00,1.00
2018.04.05 22:51:13.256,1.59492,1.59522,1.12,1.31
2018.04.05 22:51:13.308,1.59495,1.59524,1.00,1.69
2018.04.05 22:51:13.615,1.59498,1.59525,1.00,1.00
2018.04.05 22:51:14.370,1.59496,1.59524,1.00,1.94
2018.04.05 22:51:14.472,1.59495,1.59524,1.12,1.94
2018.04.05 22:51:14.525,1.59508,1.59528,1.00,1.00
2018.04.05 22:51:14.577,1.59507,1.59536,1.50,2.44
2018.04.05 22:51:14.629,1.59506,1.59533,1.00,1.69
2018.04.05 22:51:14.682,1.59501,1.59534,1.69,3.19
2018.04.05 22:51:14.888,1.595,1.59529,1.00,1.31
2018.04.05 22:51:14.992,1.595,1.59527,1.00,1.56
2018.04.05 22:51:15.131,1.59501,1.59531,1.69,1.19
2018.04.05 22:51:15.647,1.59499,1.59532,2.06,1.31
2018.04.05 22:51:15.827,1.59504,1.59535,2.81,1.75
2018.04.05 22:51:15.879,1.59505,1.59537,1.50,2.44
2018.04.05 22:51:15.932,1.59509,1.59538,1.25,2.44
2018.04.05 22:51:16.236,1.59505,1.59535,1.12,2.44
2018.04.05 22:51:16.499,1.5951,1.59538,1.00,1.69
2018.04.05 22:51:16.606,1.59503,1.59529,1.19,1.37
2018.04.05 22:51:16.657,1.59496,1.59528,1.69,2.06
2018.04.05 22:51:16.709,1.59494,1.59519,1.19,1.00
2018.04.05 22:51:16.760,1.59494,1.5952,1.00,1.25
2018.04.05 22:51:16.812,1.59492,1.5952,1.00,1.69
2018.04.05 22:51:16.864,1.59491,1.5952,1.19,1.00
2018.04.05 22:51:17.014,1.59492,1.59523,1.94,1.25
2018.04.05 22:51:17.067,1.59492,1.59522,1.31,1.12
2018.04.05 22:51:17.120,1.59494,1.59523,1.19,1.25
2018.04.05 22:51:17.670,1.59505,1.59525,1.00,1.50
2018.04.05 22:51:17.777,1.59505,1.59533,1.12,1.19
2018.04.05 22:51:17.937,1.59501,1.5953,1.50,1.31
2018.04.05 22:51:18.278,1.59505,1.59534,1.37,1.56
2018.04.05 22:51:18.791,1.59505,1.59535,1.00,1.69
2018.04.05 22:51:19.191,1.59506,1.59535,1.00,1.69
2018.04.05 22:51:19.293,1.59509,1.59536,1.00,1.19
2018.04.05 22:51:19.600,1.59507,1.59536,1.00,2.06
2018.04.05 22:51:19.858,1.59508,1.59534,1.00,1.19
2018.04.05 22:51:20.250,1.59508,1.59534,1.00,1.19
2018.04.05 22:51:20.780,1.59507,1.59534,1.00,1.19
2018.04.05 22:51:20.883,1.59507,1.59534,1.00,1.19
2018.04.05 22:51:21.444,1.59508,1.59534,1.00,1.19
2018.04.05 22:51:22.989,1.59507,1.59534,1.00,1.19
2018.04.05 22:51:23.512,1.59507,1.59534,1.00,1.25
2018.04.05 22:51:24.046,1.59508,1.59536,1.00,1.19
2018.04.05 22:51:24.098,1.59508,1.59536,1.19,1.00
2018.04.05 22:51:24.466,1.59505,1.59533,1.19,1.00
2018.04.05 22:51:24.603,1.59504,1.59533,1.00,2.06
2018.04.05 22:51:25.121,1.59504,1.59533,1.00,1.31
2018.04.05 22:51:25.873,1.59505,1.59532,1.00,1.69
2018.04.05 22:51:26.393,1.59504,1.59532,1.00,1.69
2018.04.05 22:51:27.527,1.59498,1.59525,1.19,1.00
2018.04.05 22:51:27.634,1.59494,1.59523,1.69,1.00
2018.04.05 22:51:27.687,1.59494,1.59523,1.19,1.12
2018.04.05 22:51:28.376,1.59492,1.59523,1.69,1.87
2018.04.05 22:51:28.895,1.59492,1.59522,2.06,1.12
2018.04.05 22:51:29.293,1.59499,1.59528,1.75,1.56
2018.04.05 22:51:29.348,1.595,1.59527,1.69,1.00
2018.04.05 22:51:29.400,1.59498,1.59528,1.19,2.06
2018.04.05 22:51:29.916,1.59499,1.59526,1.00,1.00
2018.04.05 22:51:30.465,1.59497,1.59526,1.31,1.00
2018.04.05 22:51:31.785,1.59497,1.59526,1.12,1.19
2018.04.05 22:51:32.816,1.59497,1.59527,1.87,2.06
2018.04.05 22:51:32.869,1.5951,1.5953,1.00,1.19
2018.04.05 22:51:32.922,1.59512,1.59539,1.00,1.81
2018.04.05 22:51:32.975,1.59512,1.59539,1.00,1.19
2018.04.05 22:51:33.179,1.5951,1.59538,1.00,1.19
2018.04.05 22:51:33.390,1.5951,1.5954,1.00,2.06
2018.04.05 22:51:33.442,1.5951,1.59539,1.00,1.94
2018.04.05 22:51:33.753,1.59512,1.5954,1.00,2.06
2018.04.05 22:51:34.279,1.59512,1.5954,1.19,1.87
2018.04.05 22:51:34.666,1.59512,1.5954,1.25,2.06
2018.04.05 22:51:35.979,1.59513,1.5954,1.00,1.31
2018.04.05 22:51:36.461,1.59508,1.59537,1.19,1.12
2018.04.05 22:51:36.512,1.59507,1.59537,1.69,2.06
2018.04.05 22:51:36.564,1.59507,1.59536,1.12,1.31
2018.04.05 22:51:37.733,1.59509,1.59536,1.00,1.19
2018.04.05 22:51:37.785,1.59509,1.59536,1.00,1.19
2018.04.05 22:51:38.257,1.59511,1.59536,1.00,1.19
2018.04.05 22:51:38.684,1.59526,1.59538,1.19,1.00
2018.04.05 22:51:38.739,1.59523,1.5955,1.19,2.06
2018.04.05 22:51:38.792,1.59531,1.59553,1.00,1.87
2018.04.05 22:51:38.845,1.59534,1.59556,1.00,2.06
2018.04.05 22:51:39.022,1.59524,1.59545,1.00,1.31
2018.04.05 22:51:39.238,1.59522,1.59545,1.00,1.94
2018.04.05 22:51:40.110,1.59522,1.59543,1.00,1.31
2018.04.05 22:51:40.420,1.59524,1.59545,1.00,1.94
2018.04.05 22:51:40.472,1.59524,1.59546,1.00,1.31
2018.04.05 22:51:40.523,1.59525,1.59546,1.00,1.00
2018.04.05 22:51:40.626,1.59525,1.59545,1.00,1.19
2018.04.05 22:51:41.151,1.59526,1.59545,1.00,1.19
2018.04.05 22:51:41.660,1.59526,1.59544,1.00,1.69
2018.04.05 22:51:41.973,1.59524,1.59544,1.00,1.69
2018.04.05 22:51:42.761,1.59523,1.59544,1.00,1.69
2018.04.05 22:51:43.882,1.59522,1.59544,1.00,1.69
2018.04.05 22:51:44.148,1.59522,1.59542,1.00,1.19
2018.04.05 22:51:46.444,1.59518,1.59534,1.00,1.19
2018.04.05 22:51:46.496,1.59513,1.5953,1.50,1.19
2018.04.05 22:51:46.548,1.59511,1.59529,1.00,2.06
2018.04.05 22:51:46.601,1.59504,1.59526,1.00,1.69
2018.04.05 22:51:46.654,1.59502,1.59523,1.00,1.56
2018.04.05 22:51:46.967,1.59511,1.59533,1.00,1.31
2018.04.05 22:51:47.279,1.59509,1.59533,1.00,2.06
2018.04.05 22:51:47.773,1.59508,1.59531,1.00,2.06
2018.04.05 22:51:48.247,1.59507,1.59528,1.00,1.19
2018.04.05 22:51:48.851,1.59508,1.59528,1.00,1.19
2018.04.05 22:51:49.914,1.59508,1.59531,1.00,1.31
2018.04.05 22:51:49.966,1.5951,1.59534,1.00,2.06
2018.04.05 22:51:50.089,1.59509,1.59537,2.25,1.69
2018.04.05 22:51:50.398,1.59512,1.59537,1.00,1.31
2018.04.05 22:51:50.779,1.59514,1.59537,1.00,1.19
2018.04.05 22:51:50.883,1.59514,1.59541,1.00,2.44
2018.04.05 22:51:51.844,1.59514,1.59541,1.19,1.00
2018.04.05 22:51:52.166,1.59535,1.59561,1.00,2.81
2018.04.05 22:51:52.478,1.59544,1.59567,1.00,1.31
2018.04.05 22:51:52.801,1.5953,1.59554,1.00,1.31
2018.04.05 22:51:52.852,1.59528,1.59554,1.00,2.06
2018.04.05 22:51:53.200,1.59528,1.59554,1.00,2.06
2018.04.05 22:51:53.729,1.59527,1.59554,1.00,2.81
2018.04.05 22:51:53.886,1.59527,1.59552,1.00,1.31
2018.04.05 22:51:54.541,1.59528,1.59552,1.00,1.31
2018.04.05 22:51:55.221,1.59528,1.59552,1.00,1.31
2018.04.05 22:51:55.910,1.59531,1.59555,1.00,1.94
2018.04.05 22:51:55.962,1.59531,1.59555,1.00,1.31
2018.04.05 22:51:56.067,1.59531,1.59557,1.00,1.31
2018.04.05 22:51:56.119,1.59529,1.59553,1.00,1.31
2018.04.05 22:51:56.427,1.59528,1.59553,1.00,1.31
2018.04.05 22:52:00.126,1.59528,1.59553,1.00,1.31
2018.04.05 22:52:00.282,1.59531,1.59555,1.00,1.19
2018.04.05 22:52:00.438,1.59533,1.59555,1.00,1.19
2018.04.05 22:52:00.762,1.59528,1.59547,1.00,1.12
2018.04.05 22:52:00.841,1.59526,1.59547,1.00,1.31
2018.04.05 22:52:00.894,1.59516,1.59546,1.25,1.94
2018.04.05 22:52:01.357,1.59512,1.59546,3.19,2.44
2018.04.05 22:52:01.513,1.5951,1.59543,3.19,1.31
2018.04.05 22:52:02.008,1.5951,1.59539,1.19,1.00
2018.04.05 22:52:03.148,1.59507,1.59537,1.37,1.69
2018.04.05 22:52:03.688,1.59504,1.59535,1.31,3.19
2018.04.05 22:52:04.001,1.5951,1.59537,1.25,1.19
2018.04.05 22:52:04.263,1.59518,1.59547,1.19,1.00
2018.04.05 22:52:04.316,1.59519,1.59549,1.25,1.25
2018.04.05 22:52:04.825,1.59519,1.59549,1.69,1.00
2018.04.05 22:52:05.550,1.59522,1.59551,1.12,1.50
2018.04.05 22:52:06.046,1.59522,1.5955,1.00,1.00
2018.04.05 22:52:06.359,1.59518,1.59548,1.31,1.12
2018.04.05 22:52:06.686,1.59516,1.59547,1.31,1.37
2018.04.05 22:52:06.995,1.5952,1.5955,1.31,1.19
2018.04.05 22:52:07.047,1.59521,1.5955,1.94,1.00
2018.04.05 22:52:07.302,1.59522,1.59552,1.69,1.00
2018.04.05 22:52:07.354,1.59526,1.59552,1.00,1.00
2018.04.05 22:52:07.693,1.59535,1.59559,1.12,1.00
2018.04.05 22:52:07.748,1.5954,1.59565,1.00,1.25
2018.04.05 22:52:07.802,1.5955,1.5957,1.00,1.19
2018.04.05 22:52:07.959,1.59561,1.59586,2.00,2.44
2018.04.05 22:52:08.064,1.59561,1.59588,1.19,1.69
2018.04.05 22:52:08.169,1.59561,1.59583,1.19,1.00
2018.04.05 22:52:08.223,1.59557,1.59581,1.25,2.06
2018.04.05 22:52:08.327,1.59554,1.59582,1.56,1.69
2018.04.05 22:52:08.469,1.59554,1.59582,1.94,1.94
2018.04.05 22:52:08.973,1.59554,1.59582,1.69,1.94
2018.04.05 22:52:09.492,1.59554,1.59583,1.69,1.69
2018.04.05 22:52:09.846,1.59556,1.59582,1.19,1.69
2018.04.05 22:52:10.155,1.59554,1.59582,2.44,1.69
2018.04.05 22:52:10.717,1.59563,1.59582,1.12,1.31
2018.04.05 22:52:10.768,1.59572,1.5959,1.00,1.19
2018.04.05 22:52:10.973,1.59568,1.5959,1.12,1.19
2018.04.05 22:52:11.280,1.59568,1.59592,1.31,1.19
2018.04.05 22:52:11.861,1.59569,1.59594,1.69,1.19
2018.04.05 22:52:12.378,1.59567,1.59591,1.87,1.19
2018.04.05 22:52:13.010,1.59573,1.59592,1.00,1.19
2018.04.05 22:52:13.114,1.59568,1.59592,1.37,1.19
2018.04.05 22:52:14.270,1.59568,1.59593,1.62,1.44
2018.04.05 22:52:14.376,1.5957,1.59596,1.94,1.69
2018.04.05 22:52:14.692,1.59577,1.59604,1.19,1.00
2018.04.05 22:52:15.215,1.59577,1.59605,2.81,1.00
2018.04.05 22:52:15.593,1.59578,1.59606,1.94,1.00
2018.04.05 22:52:17.407,1.59579,1.59608,1.69,2.06
2018.04.05 22:52:18.299,1.59582,1.59608,1.19,1.12
2018.04.05 22:52:20.541,1.5958,1.59608,1.31,1.12
2018.04.05 22:52:20.593,1.5958,1.59606,1.31,1.00
2018.04.05 22:52:20.751,1.59579,1.59607,1.56,1.19
2018.04.05 22:52:22.091,1.59588,1.59609,1.19,1.00
2018.04.05 22:52:22.143,1.59598,1.59615,1.12,1.19
2018.04.05 22:52:22.196,1.59598,1.59617,1.31,1.50
2018.04.05 22:52:22.303,1.59598,1.59623,1.31,1.00
2018.04.05 22:52:22.407,1.59595,1.59625,1.69,1.31
2018.04.05 22:52:22.717,1.59598,1.59627,1.69,1.19
2018.04.05 22:52:23.141,1.59606,1.59633,1.94,2.44
2018.04.05 22:52:23.194,1.596,1.59629,2.06,1.19
2018.04.05 22:52:23.400,1.59603,1.59629,1.31,1.00
2018.04.05 22:52:23.559,1.59601,1.59629,1.31,1.19
2018.04.05 22:52:24.194,1.59607,1.59633,1.31,1.50
2018.04.05 22:52:24.348,1.59602,1.59628,1.19,1.19
2018.04.05 22:52:24.655,1.59602,1.5962,1.19,1.00
2018.04.05 22:52:24.707,1.59598,1.5962,1.00,1.19
2018.04.05 22:52:24.811,1.59594,1.5962,1.19,1.31
2018.04.05 22:52:25.223,1.59597,1.59621,1.50,1.31
2018.04.05 22:52:25.433,1.596,1.59629,1.31,1.69
2018.04.05 22:52:25.485,1.596,1.59625,1.31,1.19
2018.04.05 22:52:26.156,1.59596,1.59624,1.56,1.31
2018.04.05 22:52:26.261,1.59595,1.59621,1.25,1.00
2018.04.05 22:52:28.301,1.59592,1.59621,1.31,1.69
2018.04.05 22:52:28.630,1.59593,1.59621,1.19,1.50
2018.04.05 22:52:28.963,1.59596,1.59622,1.19,1.87
2018.04.05 22:52:29.067,1.59596,1.59622,1.19,1.12
2018.04.05 22:52:29.221,1.59596,1.59622,1.19,2.25
2018.04.05 22:52:29.342,1.59596,1.59622,1.19,1.12
2018.04.05 22:52:31.425,1.59598,1.59622,1.19,1.00
2018.04.05 22:52:33.135,1.59598,1.59621,1.19,1.00
2018.04.05 22:52:33.254,1.59611,1.59636,1.19,1.19
2018.04.05 22:52:33.307,1.59617,1.59639,1.19,1.37
2018.04.05 22:52:33.359,1.59615,1.59639,1.19,1.00
2018.04.05 22:52:33.412,1.59617,1.59642,1.00,1.69
2018.04.05 22:52:33.470,1.59623,1.5964,1.19,1.00
2018.04.05 22:52:33.523,1.59616,1.5964,2.06,1.00
2018.04.05 22:52:33.926,1.59616,1.5964,1.25,1.00
2018.04.05 22:52:34.398,1.5961,1.59638,1.19,1.00
2018.04.05 22:52:34.916,1.5961,1.59637,1.19,1.00
2018.04.05 22:52:35.605,1.59616,1.59645,1.69,1.00
2018.04.05 22:52:35.658,1.59618,1.59648,1.50,1.50
2018.04.05 22:52:35.711,1.5962,1.59649,1.19,1.00
2018.04.05 22:52:35.765,1.5962,1.59649,1.19,1.25
2018.04.05 22:52:35.818,1.59621,1.59651,1.19,1.00
2018.04.05 22:52:36.142,1.59618,1.59646,1.19,1.00
2018.04.05 22:52:36.194,1.59616,1.59647,1.19,1.25
2018.04.05 22:52:36.351,1.59614,1.59645,1.69,1.00
2018.04.05 22:52:37.029,1.59614,1.59645,1.69,1.25
2018.04.05 22:52:37.514,1.59615,1.59643,1.00,1.00
2018.04.05 22:52:38.031,1.59609,1.59639,1.69,1.19
2018.04.05 22:52:38.083,1.59609,1.59636,1.25,1.00
2018.04.05 22:52:38.413,1.59628,1.59658,1.69,1.19
2018.04.05 22:52:38.725,1.59627,1.59652,1.00,1.19
2018.04.05 22:52:39.180,1.59627,1.59656,1.25,1.56
2018.04.05 22:52:39.540,1.59622,1.59652,1.39,1.19
2018.04.05 22:52:40.075,1.59624,1.59651,1.25,1.19
2018.04.05 22:52:42.962,1.59623,1.59652,1.19,1.19
2018.04.05 22:52:43.300,1.59627,1.59653,1.19,1.00
2018.04.05 22:52:43.796,1.59629,1.59655,1.19,1.00
2018.04.05 22:52:43.952,1.59622,1.59651,1.19,1.31
2018.04.05 22:52:44.507,1.59622,1.59649,1.19,1.00
2018.04.05 22:52:45.236,1.59616,1.59646,2.14,1.25
2018.04.05 22:52:45.288,1.59616,1.59644,1.39,1.00
2018.04.05 22:52:45.340,1.59616,1.59642,1.19,1.00
2018.04.05 22:52:45.649,1.59612,1.5964,1.19,1.00
2018.04.05 22:52:46.165,1.59613,1.5964,1.69,1.00
2018.04.05 22:52:46.370,1.59613,1.5964,1.19,1.00
2018.04.05 22:52:46.421,1.59613,1.5964,1.19,1.00
2018.04.05 22:52:47.102,1.59613,1.5964,1.19,1.00
2018.04.05 22:52:48.534,1.59613,1.5964,1.69,1.00
2018.04.05 22:52:48.696,1.59613,1.59643,1.69,1.50
2018.04.05 22:52:49.025,1.59613,1.59643,1.19,1.19
2018.04.05 22:52:49.562,1.59611,1.59641,1.69,1.00
2018.04.05 22:52:49.670,1.5961,1.59641,1.19,2.44
2018.04.05 22:52:50.112,1.59611,1.59639,1.19,1.00
2018.04.05 22:52:50.587,1.59615,1.59642,1.19,1.25
2018.04.05 22:52:50.641,1.59615,1.59642,2.06,1.00
2018.04.05 22:52:50.849,1.59614,1.59643,1.19,1.50
2018.04.05 22:52:50.901,1.59612,1.59643,1.69,1.69
2018.04.05 22:52:51.268,1.59611,1.59643,1.19,1.44
2018.04.05 22:52:51.581,1.59611,1.59642,1.19,1.19
2018.04.05 22:52:51.994,1.59611,1.59642,1.19,1.25
2018.04.05 22:52:52.580,1.59616,1.59645,1.19,1.00
2018.04.05 22:52:52.740,1.59616,1.59647,1.19,1.25
2018.04.05 22:52:53.475,1.59616,1.59648,1.19,1.19
2018.04.05 22:52:54.284,1.59617,1.59648,1.19,1.19
2018.04.05 22:52:54.650,1.59618,1.59649,1.19,1.19
2018.04.05 22:52:54.961,1.59619,1.5965,1.19,1.69
2018.04.05 22:52:55.287,1.59619,1.5965,1.19,1.19
2018.04.05 22:52:56.228,1.59619,1.59652,1.19,3.19
2018.04.05 22:52:57.388,1.59618,1.59651,1.19,1.19
2018.04.05 22:52:57.441,1.59614,1.59644,1.12,1.69
2018.04.05 22:52:57.495,1.59614,1.59646,1.12,1.19
2018.04.05 22:52:58.026,1.59617,1.59648,1.19,1.56
2018.04.05 22:52:58.339,1.59617,1.59647,1.00,1.19
2018.04.05 22:52:59.353,1.59615,1.59647,3.19,1.19
2018.04.05 22:52:59.897,1.59617,1.59647,1.25,1.19
2018.04.05 22:53:00.054,1.59614,1.59646,1.50,1.19
2018.04.05 22:53:00.414,1.59613,1.59643,1.00,1.31
2018.04.05 22:53:00.466,1.59615,1.59645,1.00,1.94
2018.04.05 22:53:00.845,1.59608,1.59633,1.00,1.19
2018.04.05 22:53:00.899,1.59604,1.59633,1.94,1.56
2018.04.05 22:53:00.951,1.596,1.59633,2.06,2.06
2018.04.05 22:53:01.003,1.596,1.5963,1.19,1.19
2018.04.05 22:53:01.472,1.59596,1.59627,1.19,1.37
2018.04.05 22:53:02.087,1.59597,1.59627,1.19,2.06
2018.04.05 22:53:02.410,1.59597,1.59627,1.25,2.06
2018.04.05 22:53:02.728,1.59595,1.59625,1.25,1.19
2018.04.05 22:53:02.984,1.59595,1.59624,1.00,1.19
2018.04.05 22:53:03.138,1.59595,1.59624,1.25,1.19
2018.04.05 22:53:03.445,1.59595,1.59624,1.00,1.19
2018.04.05 22:53:03.880,1.5959,1.59618,1.19,1.25
2018.04.05 22:53:04.037,1.59586,1.59612,1.00,1.19
2018.04.05 22:53:04.141,1.5958,1.5961,1.69,1.31
2018.04.05 22:53:04.193,1.5958,1.5961,1.69,1.31
2018.04.05 22:53:04.739,1.59578,1.5961,1.39,1.00
2018.04.05 22:53:05.050,1.59577,1.59609,1.29,1.69
2018.04.05 22:53:05.980,1.59578,1.59609,1.19,1.19
2018.04.05 22:53:06.032,1.59576,1.59609,1.87,1.19
2018.04.05 22:53:06.136,1.59576,1.59609,2.62,1.19
2018.04.05 22:53:06.986,1.59578,1.59609,1.25,1.19
2018.04.05 22:53:07.731,1.59579,1.59609,1.00,1.19
2018.04.05 22:53:08.242,1.59577,1.59609,1.31,1.69
2018.04.05 22:53:08.517,1.59585,1.59612,1.00,1.25
2018.04.05 22:53:08.833,1.59598,1.59627,1.00,1.19
2018.04.05 22:53:09.124,1.59598,1.5963,1.00,1.19
2018.04.05 22:53:10.682,1.596,1.5963,1.00,1.19
2018.04.05 22:53:10.735,1.596,1.59632,1.00,1.19
2018.04.05 22:53:10.788,1.59599,1.59631,1.50,1.19
2018.04.05 22:53:11.101,1.59603,1.59635,1.95,1.19
2018.04.05 22:53:11.351,1.59606,1.59638,1.39,1.19
2018.04.05 22:53:11.404,1.59605,1.59636,1.01,1.19
2018.04.05 22:53:11.507,1.59604,1.59637,2.14,2.44
2018.04.05 22:53:12.049,1.59604,1.59637,1.64,1.69
2018.04.05 22:53:12.267,1.59605,1.59638,2.14,1.31
2018.04.05 22:53:12.522,1.59605,1.59639,2.14,1.69
2018.04.05 22:53:12.581,1.59606,1.59637,1.19,1.19
2018.04.05 22:53:13.111,1.59606,1.59638,1.19,2.06
2018.04.05 22:53:13.899,1.59605,1.59638,1.19,6.19
2018.04.05 22:53:14.425,1.59605,1.59636,1.19,1.69
2018.04.05 22:53:17.153,1.59608,1.59638,1.19,2.00
2018.04.05 22:53:17.517,1.59609,1.59639,1.19,2.00
2018.04.05 22:53:17.571,1.59607,1.59639,1.19,1.69
2018.04.05 22:53:17.713,1.59601,1.59631,1.19,1.00
2018.04.05 22:53:17.766,1.59601,1.59633,1.19,1.69
2018.04.05 22:53:18.852,1.59601,1.59633,1.25,2.06
2018.04.05 22:53:19.221,1.596,1.5963,1.25,1.19
2018.04.05 22:53:19.375,1.596,1.59632,1.19,1.69
2018.04.05 22:53:20.176,1.596,1.59633,1.69,2.06
2018.04.05 22:53:20.617,1.59601,1.59633,1.19,1.94
2018.04.05 22:53:20.967,1.5962,1.59646,1.19,1.00
2018.04.05 22:53:21.283,1.59631,1.59659,1.69,1.12
2018.04.05 22:53:21.402,1.59632,1.59661,1.00,2.81
2018.04.05 22:53:21.662,1.59636,1.59663,1.00,1.69
2018.04.05 22:53:22.022,1.59647,1.59668,1.00,1.87
2018.04.05 22:53:22.074,1.5965,1.59671,1.00,1.50
2018.04.05 22:53:22.127,1.59642,1.59673,1.00,1.19
2018.04.05 22:53:22.179,1.59638,1.59664,1.00,1.25
2018.04.05 22:53:22.231,1.59631,1.59662,1.00,1.31
2018.04.05 22:53:22.282,1.59631,1.59662,1.00,2.06
2018.04.05 22:53:22.412,1.5964,1.59663,2.25,2.44
2018.04.05 22:53:22.464,1.59646,1.59676,1.25,1.31
2018.04.05 22:53:22.773,1.59641,1.59672,1.50,1.56
2018.04.05 22:53:23.292,1.59641,1.5967,1.00,1.31
2018.04.05 22:53:26.382,1.59639,1.59668,1.19,1.19
2018.04.05 22:53:26.538,1.5964,1.59669,1.19,1.19
2018.04.05 22:53:26.591,1.59637,1.59667,1.19,1.19
2018.04.05 22:53:26.695,1.59639,1.5967,1.00,1.19
2018.04.05 22:53:26.748,1.59638,1.5967,1.25,1.19
2018.04.05 22:53:26.853,1.59642,1.59671,1.00,1.19
2018.04.05 22:53:27.396,1.59643,1.59674,1.00,1.69
2018.04.05 22:53:27.449,1.59643,1.59674,1.19,1.69
2018.04.05 22:53:27.887,1.59643,1.59674,1.19,1.50
2018.04.05 22:53:29.570,1.59643,1.59674,1.19,1.00
2018.04.05 22:53:31.198,1.59652,1.59673,1.19,1.00
2018.04.05 22:53:31.251,1.5965,1.59679,1.19,1.19
2018.04.05 22:53:31.462,1.59652,1.59682,1.19,3.56
2018.04.05 22:53:31.516,1.59657,1.59684,1.25,1.19
2018.04.05 22:53:31.570,1.59656,1.59686,1.19,1.19
2018.04.05 22:53:31.781,1.59655,1.59684,1.19,1.19
2018.04.05 22:53:31.885,1.59658,1.59688,1.19,1.69
2018.04.05 22:53:32.216,1.59653,1.59684,1.69,1.19
2018.04.05 22:53:32.667,1.59649,1.5968,1.69,1.19
2018.04.05 22:53:32.989,1.59648,1.59679,1.69,1.19
2018.04.05 22:53:35.633,1.59647,1.59675,1.31,1.00
2018.04.05 22:53:35.882,1.59644,1.59675,1.69,1.19
2018.04.05 22:53:35.935,1.59644,1.59675,1.69,1.25
2018.04.05 22:53:36.517,1.59643,1.59672,1.19,1.00
2018.04.05 22:53:37.044,1.59643,1.59673,1.19,1.00
2018.04.05 22:53:38.455,1.59643,1.59673,1.00,1.19
2018.04.05 22:53:39.864,1.59643,1.59672,1.25,1.19
2018.04.05 22:53:40.127,1.59649,1.59678,1.19,1.31
2018.04.05 22:53:40.232,1.59651,1.5968,1.25,1.00
2018.04.05 22:53:40.339,1.59653,1.59681,1.00,1.25
2018.04.05 22:53:41.449,1.59651,1.59681,1.25,1.25
2018.04.05 22:53:42.416,1.59651,1.59681,1.19,1.00
2018.04.05 22:53:42.929,1.59652,1.59682,1.19,1.00
2018.04.05 22:53:43.273,1.59652,1.59682,1.19,1.25
2018.04.05 22:53:44.416,1.59652,1.5968,1.19,1.00
2018.04.05 22:53:44.993,1.59652,1.5968,1.19,1.19
2018.04.05 22:53:45.342,1.59649,1.59677,1.69,1.19
2018.04.05 22:53:46.090,1.59648,1.59681,1.69,1.69
2018.04.05 22:53:46.144,1.59651,1.59682,1.19,2.44
2018.04.05 22:53:46.648,1.59651,1.59682,1.19,2.44
2018.04.05 22:53:48.573,1.59651,1.5968,1.19,1.19
2018.04.05 22:53:48.783,1.59642,1.59671,1.69,1.00
2018.04.05 22:53:48.904,1.59641,1.59671,2.06,1.00
2018.04.05 22:53:48.958,1.59645,1.59673,1.19,1.00
2018.04.05 22:53:49.478,1.59645,1.59674,1.69,1.50
2018.04.05 22:53:49.952,1.59651,1.59677,1.19,1.00
2018.04.05 22:53:50.007,1.59652,1.59682,2.06,1.87
2018.04.05 22:53:50.321,1.5965,1.59678,2.06,1.00
2018.04.05 22:53:50.373,1.5965,1.59679,2.06,1.00
2018.04.05 22:53:50.529,1.59649,1.59677,1.94,1.00
2018.04.05 22:53:50.830,1.59657,1.59685,1.69,1.12
2018.04.05 22:53:50.883,1.59655,1.59685,1.19,1.00
2018.04.05 22:53:51.343,1.59655,1.59686,1.19,1.19
2018.04.05 22:53:52.269,1.59655,1.59686,1.00,1.50
2018.04.05 22:53:52.597,1.59651,1.59683,2.06,1.19
2018.04.05 22:53:52.649,1.59652,1.59685,1.19,1.50
2018.04.05 22:53:52.754,1.59653,1.59685,1.31,1.00
2018.04.05 22:53:53.483,1.59654,1.59686,1.19,1.50
2018.04.05 22:53:53.639,1.59654,1.59686,1.19,1.69
2018.04.05 22:53:54.871,1.59654,1.59686,1.19,1.50
2018.04.05 22:53:57.973,1.59654,1.59685,1.19,1.00
2018.04.05 22:53:58.415,1.59654,1.59678,1.19,1.00
2018.04.05 22:53:58.468,1.59651,1.5968,1.19,1.00
2018.04.05 22:53:58.522,1.5965,1.5968,1.25,1.19
2018.04.05 22:53:58.575,1.59649,1.59676,1.19,1.00
2018.04.05 22:53:58.729,1.5965,1.59678,1.19,1.00
2018.04.05 22:53:58.781,1.59667,1.59688,1.00,1.87
2018.04.05 22:53:58.832,1.59666,1.5969,1.00,1.00
2018.04.05 22:53:58.884,1.59666,1.59693,1.00,1.69
2018.04.05 22:53:58.937,1.59669,1.59694,1.00,1.25
2018.04.05 22:53:59.468,1.59669,1.59695,1.00,1.00
2018.04.05 22:53:59.975,1.59669,1.59696,1.00,1.50
2018.04.05 22:54:00.577,1.59667,1.59697,1.25,1.25
2018.04.05 22:54:01.053,1.59668,1.59697,1.19,1.00
2018.04.05 22:54:01.287,1.59667,1.59697,1.19,1.00
2018.04.05 22:54:01.340,1.59665,1.59694,1.69,1.00
2018.04.05 22:54:01.808,1.59668,1.59692,1.19,1.00
2018.04.05 22:54:02.466,1.5966,1.59686,1.19,2.06
2018.04.05 22:54:02.679,1.59648,1.59677,1.19,1.69
2018.04.05 22:54:02.733,1.59647,1.59675,1.19,1.00
2018.04.05 22:54:02.838,1.59655,1.59681,1.00,1.94
2018.04.05 22:54:02.943,1.59654,1.59682,1.31,1.00
2018.04.05 22:54:02.996,1.59653,1.59683,1.19,1.19
2018.04.05 22:54:03.411,1.59674,1.59686,1.00,2.06
2018.04.05 22:54:03.463,1.59674,1.59689,1.00,3.37
2018.04.05 22:54:03.516,1.5967,1.59689,1.69,3.37
2018.04.05 22:54:03.569,1.59671,1.59702,2.06,1.25
2018.04.05 22:54:03.621,1.59671,1.59699,2.06,1.25
2018.04.05 22:54:03.674,1.59671,1.59703,2.06,1.00
2018.04.05 22:54:03.936,1.59671,1.59704,1.31,1.00
2018.04.05 22:54:04.767,1.59674,1.59705,1.19,1.50
2018.04.05 22:54:04.990,1.59674,1.59705,1.00,2.25
2018.04.05 22:54:06.715,1.59671,1.59705,1.69,2.25
2018.04.05 22:54:06.768,1.59672,1.59704,1.19,1.00
2018.04.05 22:54:07.365,1.59672,1.59704,1.19,1.00
2018.04.05 22:54:08.017,1.59681,1.59707,1.00,1.00
2018.04.05 22:54:08.330,1.59677,1.59706,1.19,1.31
2018.04.05 22:54:08.383,1.59673,1.59704,1.69,1.00
2018.04.05 22:54:08.612,1.59673,1.59704,1.19,1.31
2018.04.05 22:54:09.178,1.59672,1.59704,1.00,1.31
2018.04.05 22:54:09.717,1.59671,1.59704,1.69,2.06
2018.04.05 22:54:10.246,1.59671,1.59704,2.06,2.06
2018.04.05 22:54:11.470,1.59671,1.59703,1.12,1.19
2018.04.05 22:54:11.780,1.59671,1.59703,1.00,1.19
2018.04.05 22:54:12.221,1.59669,1.59699,1.00,2.44
2018.04.05 22:54:12.777,1.59668,1.59698,1.00,1.44
2018.04.05 22:54:13.209,1.5967,1.59698,1.00,1.19
2018.04.05 22:54:13.404,1.59672,1.597,1.19,1.50
2018.04.05 22:54:13.665,1.59668,1.59697,1.19,1.25
2018.04.05 22:54:13.770,1.59667,1.59697,1.19,1.00
2018.04.05 22:54:14.083,1.5967,1.597,1.69,1.19
2018.04.05 22:54:14.765,1.59669,1.59697,1.19,1.25
2018.04.05 22:54:15.078,1.59669,1.59698,1.69,1.19
2018.04.05 22:54:17.201,1.59667,1.59698,1.19,1.19
2018.04.05 22:54:17.253,1.59669,1.59698,1.19,1.19
2018.04.05 22:54:21.810,1.5967,1.59698,1.19,1.44
2018.04.05 22:54:22.316,1.5967,1.59698,1.19,1.44
2018.04.05 22:54:25.404,1.59665,1.59694,1.87,1.19
2018.04.05 22:54:25.743,1.5967,1.59697,1.19,1.19
2018.04.05 22:54:26.273,1.59666,1.59695,1.19,1.19
2018.04.05 22:54:26.533,1.59662,1.59692,1.19,1.19
2018.04.05 22:54:26.585,1.59662,1.59691,1.19,1.19
2018.04.05 22:54:27.127,1.59678,1.59698,3.19,1.00
2018.04.05 22:54:27.234,1.59694,1.59719,1.19,1.56
2018.04.05 22:54:27.288,1.59694,1.59722,1.19,4.31
2018.04.05 22:54:27.496,1.59694,1.59724,1.19,2.06
2018.04.05 22:54:27.704,1.59694,1.5972,1.19,1.19
2018.04.05 22:54:28.287,1.59694,1.59722,1.19,1.31
2018.04.05 22:54:32.627,1.59696,1.59723,1.19,1.62
2018.04.05 22:54:34.362,1.59697,1.59722,1.19,1.19
2018.04.05 22:54:35.191,1.59697,1.59721,1.00,1.19
2018.04.05 22:54:35.714,1.59697,1.5972,1.25,1.19
2018.04.05 22:54:44.117,1.59693,1.59718,1.69,1.19
2018.04.05 22:54:44.439,1.59693,1.5972,1.31,1.19
2018.04.05 22:54:46.205,1.59693,1.59719,1.56,1.31
2018.04.05 22:54:48.455,1.59693,1.59722,1.50,1.69
2018.04.05 22:54:49.165,1.59693,1.5972,1.19,1.31
2018.04.05 22:54:49.217,1.59692,1.59717,2.44,1.19
2018.04.05 22:54:49.476,1.59691,1.59721,2.44,1.19
2018.04.05 22:54:49.581,1.59693,1.59721,1.31,1.00
2018.04.05 22:54:49.892,1.59695,1.59724,1.75,2.44
2018.04.05 22:54:50.206,1.59699,1.59728,1.31,1.69
2018.04.05 22:54:50.569,1.59701,1.59728,2.06,1.87
2018.04.05 22:54:51.087,1.59703,1.5973,1.19,1.19
2018.04.05 22:54:51.402,1.59699,1.59727,1.12,1.19
2018.04.05 22:54:51.712,1.59695,1.59725,1.69,1.56
2018.04.05 22:54:52.025,1.59694,1.59723,1.31,1.19
2018.04.05 22:54:53.462,1.59694,1.59723,1.31,1.00
2018.04.05 22:54:53.567,1.597,1.59729,1.69,1.69
2018.04.05 22:54:53.620,1.59703,1.59732,1.56,1.31
2018.04.05 22:54:53.724,1.59701,1.5973,1.69,2.06
2018.04.05 22:54:53.779,1.59702,1.59732,1.31,1.94
2018.04.05 22:54:55.243,1.59699,1.59727,1.94,1.69
2018.04.05 22:54:55.297,1.59697,1.59722,2.44,1.25
2018.04.05 22:54:55.557,1.59695,1.59722,1.25,1.19
2018.04.05 22:54:58.526,1.59692,1.59721,2.25,1.19
2018.04.05 22:54:58.732,1.59683,1.59709,1.69,1.25
2018.04.05 22:54:58.784,1.59681,1.59708,1.20,1.69
2018.04.05 22:54:59.121,1.59685,1.59713,1.56,1.19
2018.04.05 22:54:59.434,1.59685,1.59714,1.31,1.25
2018.04.05 22:54:59.948,1.59687,1.59716,1.81,1.19
2018.04.05 22:55:00.409,1.59687,1.59717,1.94,2.44
2018.04.05 22:55:00.717,1.59689,1.59716,1.31,1.00
2018.04.05 22:55:01.244,1.59688,1.59716,1.69,1.69
2018.04.05 22:55:01.548,1.59687,1.59717,2.44,2.44
2018.04.05 22:55:01.600,1.5969,1.59717,1.19,2.44
2018.04.05 22:55:01.861,1.59692,1.59721,2.06,1.12
2018.04.05 22:55:02.191,1.59693,1.59719,1.19,1.37
2018.04.05 22:55:02.720,1.59693,1.59719,1.19,1.37
2018.04.05 22:55:03.262,1.59692,1.59719,1.19,1.56
2018.04.05 22:55:03.742,1.5969,1.59718,1.19,1.56
2018.04.05 22:55:03.795,1.59687,1.59717,1.56,1.31
2018.04.05 22:55:03.850,1.59686,1.59715,1.19,2.06
2018.04.05 22:55:04.385,1.59686,1.59713,1.19,1.00
2018.04.05 22:55:05.122,1.59685,1.59711,1.19,1.50
2018.04.05 22:55:05.240,1.59681,1.5971,1.37,2.06
2018.04.05 22:55:06.907,1.59679,1.5971,1.87,1.12
2018.04.05 22:55:07.168,1.59682,1.59711,1.19,1.50
2018.04.05 22:55:08.620,1.59683,1.59712,1.31,2.06
2018.04.05 22:55:09.197,1.59685,1.59715,1.31,3.75
2018.04.05 22:55:09.302,1.59688,1.59715,1.19,1.87
2018.04.05 22:55:10.255,1.59688,1.59716,1.19,1.12
2018.04.05 22:55:11.719,1.59688,1.59716,1.44,2.06
2018.04.05 22:55:12.156,1.59685,1.59714,1.19,2.44
2018.04.05 22:55:13.190,1.59685,1.59712,1.19,1.50
2018.04.05 22:55:13.707,1.59685,1.59714,1.62,1.75
2018.04.05 22:55:15.775,1.59687,1.59713,1.19,1.50
2018.04.05 22:55:16.298,1.59682,1.59711,1.57,2.62
2018.04.05 22:55:16.352,1.5968,1.59711,1.76,2.62
2018.04.05 22:55:16.405,1.59683,1.59711,1.69,1.00
2018.04.05 22:55:16.739,1.59686,1.59714,1.19,1.69
2018.04.05 22:55:16.791,1.59686,1.59714,1.19,1.19
2018.04.05 22:55:17.306,1.59686,1.59715,1.19,1.31
2018.04.05 22:55:17.787,1.59689,1.59715,1.19,1.00
2018.04.05 22:55:17.840,1.59686,1.59715,1.69,1.25
2018.04.05 22:55:17.892,1.59686,1.59715,1.69,1.31
2018.04.05 22:55:18.359,1.59689,1.59715,1.19,1.12
2018.04.05 22:55:18.411,1.59686,1.59715,2.44,1.31
2018.04.05 22:55:18.826,1.59695,1.59716,1.00,3.00
2018.04.05 22:55:18.879,1.59696,1.59719,1.00,1.94
2018.04.05 22:55:18.932,1.59698,1.59719,1.19,1.00
2018.04.05 22:55:19.038,1.59702,1.5973,1.19,2.81
2018.04.05 22:55:19.095,1.59702,1.5973,1.69,1.12
2018.04.05 22:55:19.154,1.59704,1.59731,1.19,1.69
2018.04.05 22:55:19.524,1.59701,1.59728,1.19,1.12
2018.04.05 22:55:19.578,1.59699,1.59728,1.44,1.69
2018.04.05 22:55:20.097,1.59699,1.59728,1.19,1.31
2018.04.05 22:55:21.177,1.59701,1.59729,1.19,2.81
2018.04.05 22:55:21.641,1.59699,1.59729,1.87,2.81
2018.04.05 22:55:29.894,1.59699,1.59729,2.81,2.25
2018.04.05 22:55:30.731,1.59699,1.59728,1.87,1.31
2018.04.05 22:55:31.292,1.59701,1.59728,1.19,1.12
2018.04.05 22:55:33.622,1.59703,1.59729,1.19,1.00
2018.04.05 22:55:33.954,1.59705,1.59734,1.19,1.31
2018.04.05 22:55:34.483,1.59702,1.59731,1.69,1.19
2018.04.05 22:55:34.847,1.59702,1.59726,1.19,1.37
2018.04.05 22:55:35.005,1.59706,1.59731,1.25,1.56
2018.04.05 22:55:35.058,1.59707,1.59729,1.19,1.37
2018.04.05 22:55:35.114,1.59699,1.59726,1.31,1.12
2018.04.05 22:55:35.649,1.59695,1.59725,2.81,2.44
2018.04.05 22:55:36.025,1.59697,1.59725,1.69,1.50
2018.04.05 22:55:36.085,1.59697,1.59726,2.44,1.00
2018.04.05 22:55:36.397,1.59696,1.59723,1.19,1.00
2018.04.05 22:55:36.907,1.59697,1.59725,1.19,1.87
2018.04.05 22:55:37.430,1.59698,1.59726,1.19,1.69
2018.04.05 22:55:37.483,1.59698,1.59726,1.69,1.50
2018.04.05 22:55:39.058,1.59698,1.59725,1.94,1.00
2018.04.05 22:55:39.157,1.59694,1.59721,1.12,1.00
2018.04.05 22:55:39.208,1.59691,1.59719,1.50,1.00
2018.04.05 22:55:39.260,1.59693,1.59719,1.31,1.00
2018.04.05 22:55:39.619,1.59696,1.59723,1.19,3.37
2018.04.05 22:55:39.724,1.59706,1.59732,2.19,1.37
2018.04.05 22:55:40.001,1.59704,1.59732,1.31,1.69
2018.04.05 22:55:41.637,1.59702,1.59732,3.19,1.94
2018.04.05 22:55:41.690,1.59704,1.59731,3.56,1.69
2018.04.05 22:55:41.742,1.59707,1.59731,1.00,1.69
2018.04.05 22:55:42.270,1.59704,1.59731,2.05,1.62
2018.04.05 22:55:42.634,1.59707,1.59732,1.25,1.69
2018.04.05 22:55:42.686,1.59705,1.5973,1.19,1.00
2018.04.05 22:55:43.051,1.59707,1.5973,2.00,1.00
2018.04.05 22:55:44.439,1.5971,1.59733,1.56,1.50
2018.04.05 22:55:44.491,1.59711,1.59736,3.19,2.06
2018.04.05 22:55:44.595,1.59717,1.5974,2.81,1.69
2018.04.05 22:55:44.698,1.59718,1.59742,1.12,1.31
2018.04.05 22:55:44.750,1.59717,1.59739,1.25,1.62
2018.04.05 22:55:45.097,1.59709,1.59736,1.19,1.94
2018.04.05 22:55:45.561,1.59708,1.59735,1.69,1.19
2018.04.05 22:55:46.056,1.59709,1.59735,2.06,1.19
2018.04.05 22:55:46.367,1.59712,1.59738,1.19,1.56
2018.04.05 22:55:46.525,1.59712,1.59736,1.19,1.19
2018.04.05 22:55:46.833,1.59709,1.59736,1.69,1.19
2018.04.05 22:55:47.198,1.59708,1.59735,1.31,1.19
2018.04.05 22:55:47.616,1.59708,1.59735,1.31,1.19
2018.04.05 22:55:47.772,1.59712,1.59739,1.19,1.87
2018.04.05 22:55:48.260,1.59706,1.59735,1.56,1.37
2018.04.05 22:55:48.721,1.59708,1.59736,1.50,1.69
2018.04.05 22:55:48.978,1.59708,1.59733,1.00,2.44
