2011.01.06 03:00:00.423,1.32031,1.32058,1.32,1.50
2011.01.06 03:00:01.081,1.32019,1.32052,1.58,1.50
2011.01.06 03:00:01.197,1.32015,1.32051,1.47,1.50
2011.01.06 03:00:01.311,1.32016,1.3205,1.47,1.50
2011.01.06 03:00:01.861,1.3201,1.32049,2.75,1.50
2011.01.06 03:00:02.360,1.32016,1.32052,2.22,1.88
2011.01.06 03:00:02.583,1.32016,1.32053,2.22,2.63
2011.01.06 03:00:04.069,1.32014,1.32051,1.05,2.63
2011.01.06 03:00:04.188,1.32011,1.32046,1.47,1.50
2011.01.06 03:00:04.893,1.32008,1.3204,1.47,1.50
2011.01.06 03:00:05.556,1.32008,1.3204,1.47,1.50
2011.01.06 03:00:05.678,1.32012,1.32048,1.32,2.70
2011.01.06 03:00:05.795,1.32012,1.32048,1.40,2.70
2011.01.06 03:00:06.243,1.32012,1.32044,1.32,1.13
2011.01.06 03:00:06.591,1.32005,1.32039,1.40,1.13
2011.01.06 03:00:06.712,1.32012,1.32041,1.32,1.88
2011.01.06 03:00:06.932,1.32012,1.32047,1.32,3.38
2011.01.06 03:00:07.760,1.32012,1.32047,1.32,1.58
2011.01.06 03:00:08.108,1.32008,1.32043,1.40,1.50
2011.01.06 03:00:09.421,1.32008,1.32043,1.47,1.50
2011.01.06 03:00:09.752,1.32007,1.32043,1.47,1.50
2011.01.06 03:00:10.453,1.32005,1.32039,1.40,1.58
2011.01.06 03:00:11.686,1.32005,1.32039,1.62,1.50
2011.01.06 03:00:12.904,1.32005,1.32039,2.60,1.50
2011.01.06 03:00:13.242,1.32005,1.32039,2.60,1.50
2011.01.06 03:00:13.351,1.32008,1.32044,2.60,1.50
2011.01.06 03:00:13.462,1.32008,1.32041,2.60,1.13
2011.01.06 03:00:13.826,1.32008,1.32039,1.65,1.13
2011.01.06 03:00:13.949,1.31997,1.32034,1.47,1.50
2011.01.06 03:00:14.065,1.32,1.32034,1.47,1.50
2011.01.06 03:00:14.404,1.3201,1.3204,1.40,1.88
2011.01.06 03:00:14.871,1.32006,1.32042,1.32,2.25
2011.01.06 03:00:15.420,1.32006,1.32042,1.40,2.25
2011.01.06 03:00:16.188,1.32006,1.32042,1.47,2.40
2011.01.06 03:00:17.062,1.32006,1.3204,1.32,1.95
2011.01.06 03:00:17.573,1.32006,1.32036,1.32,1.88
2011.01.06 03:00:17.822,1.32002,1.32036,1.32,2.55
2011.01.06 03:00:18.155,1.31999,1.32036,1.40,3.30
2011.01.06 03:00:18.272,1.31998,1.32035,1.40,1.58
2011.01.06 03:00:18.816,1.31998,1.32035,1.47,1.65
2011.01.06 03:00:19.047,1.32004,1.32035,1.58,1.50
2011.01.06 03:00:20.278,1.32005,1.3204,1.40,1.58
2011.01.06 03:00:20.726,1.32003,1.32036,1.80,1.50
2011.01.06 03:00:21.236,1.32001,1.32036,1.47,1.50
2011.01.06 03:00:21.745,1.32001,1.32036,1.47,1.50
2011.01.06 03:00:21.974,1.32001,1.32036,1.40,1.58
2011.01.06 03:00:22.202,1.31997,1.32031,2.37,1.50
2011.01.06 03:00:22.618,1.31997,1.32031,2.45,1.50
2011.01.06 03:00:22.844,1.31997,1.32031,2.37,1.50
2011.01.06 03:00:23.188,1.31995,1.32031,1.47,1.50
2011.01.06 03:00:23.774,1.31995,1.3203,1.32,1.50
2011.01.06 03:00:23.897,1.31986,1.3202,2.75,1.50
2011.01.06 03:00:24.016,1.31986,1.3202,1.40,1.50
2011.01.06 03:00:24.246,1.31983,1.3202,10.38,1.50
2011.01.06 03:00:25.065,1.31983,1.3202,4.10,1.50
2011.01.06 03:00:25.453,1.31985,1.3202,1.62,1.50
2011.01.06 03:00:25.783,1.31985,1.3202,2.60,1.50
2011.01.06 03:00:25.902,1.31985,1.3202,1.47,1.50
2011.01.06 03:00:26.502,1.31985,1.3202,1.47,1.50
2011.01.06 03:00:26.618,1.31985,1.3202,2.60,1.50
2011.01.06 03:00:26.845,1.31985,1.3202,1.62,1.50
2011.01.06 03:00:26.965,1.31985,1.3202,1.47,1.50
2011.01.06 03:00:27.517,1.31982,1.32016,1.47,1.50
2011.01.06 03:00:27.643,1.3199,1.32023,1.50,1.50
2011.01.06 03:00:27.756,1.31991,1.32025,1.47,1.50
2011.01.06 03:00:28.309,1.3199,1.32029,4.65,1.50
2011.01.06 03:00:28.427,1.3199,1.32023,1.58,1.50
2011.01.06 03:00:28.987,1.31981,1.32016,9.27,1.50
2011.01.06 03:00:30.023,1.31982,1.32009,2.15,2.04
2011.01.06 03:00:30.886,1.31977,1.32009,2.22,2.79
2011.01.06 03:00:31.007,1.31976,1.32009,2.37,2.79
2011.01.06 03:00:31.565,1.31975,1.32009,2.60,2.79
2011.01.06 03:00:32.173,1.31975,1.32009,1.47,2.79
2011.01.06 03:00:32.825,1.31975,1.32009,2.60,2.79
2011.01.06 03:00:32.943,1.31975,1.32009,1.62,2.79
2011.01.06 03:00:34.379,1.31975,1.32009,1.40,2.79
2011.01.06 03:00:34.827,1.31976,1.32009,1.47,3.14
2011.01.06 03:00:35.162,1.31978,1.32009,3.20,2.39
2011.01.06 03:00:35.821,1.31978,1.32009,3.20,2.39
2011.01.06 03:00:36.060,1.31975,1.32007,1.40,2.03
2011.01.06 03:00:37.034,1.31975,1.32004,1.40,1.51
2011.01.06 03:00:37.161,1.31973,1.32004,1.95,1.32
2011.01.06 03:00:37.879,1.31975,1.32006,1.40,1.25
2011.01.06 03:00:38.451,1.31968,1.32004,1.10,1.47
2011.01.06 03:00:38.673,1.31967,1.31997,1.70,1.32
2011.01.06 03:00:39.003,1.31963,1.31997,1.02,1.32
2011.01.06 03:00:39.221,1.31963,1.31996,1.02,2.07
2011.01.06 03:00:40.482,1.31963,1.31996,1.10,2.07
2011.01.06 03:00:41.838,1.31963,1.31999,2.88,1.32
2011.01.06 03:00:42.172,1.31963,1.31998,1.40,1.32
2011.01.06 03:00:42.394,1.31965,1.31998,3.12,1.32
2011.01.06 03:00:42.880,1.3197,1.32001,1.85,1.32
2011.01.06 03:00:43.211,1.3197,1.32001,3.87,1.32
2011.01.06 03:00:43.764,1.31977,1.32007,1.32,1.58
2011.01.06 03:00:44.006,1.31983,1.3202,1.47,1.50
2011.01.06 03:00:44.676,1.31987,1.32021,1.32,1.50
2011.01.06 03:00:45.353,1.31986,1.32021,1.02,1.58
2011.01.06 03:00:46.135,1.31987,1.32021,1.02,1.58
2011.01.06 03:00:46.247,1.3199,1.32023,1.32,2.78
2011.01.06 03:00:46.363,1.3199,1.32023,1.32,1.58
2011.01.06 03:00:46.472,1.3199,1.32023,1.32,1.65
2011.01.06 03:00:47.328,1.3199,1.32023,1.32,1.65
2011.01.06 03:00:47.451,1.31994,1.32027,2.82,1.58
2011.01.06 03:00:48.164,1.32,1.32027,2.10,1.58
2011.01.06 03:00:48.393,1.32004,1.32027,2.25,1.50
2011.01.06 03:00:48.881,1.31999,1.32034,1.70,1.50
2011.01.06 03:00:49.535,1.32001,1.32034,1.32,1.50
2011.01.06 03:00:49.766,1.32001,1.32032,1.32,1.02
2011.01.06 03:00:49.991,1.31999,1.32032,2.07,1.02
2011.01.06 03:00:50.423,1.31995,1.32028,2.25,1.50
2011.01.06 03:00:52.518,1.32001,1.32028,1.20,1.50
2011.01.06 03:00:53.141,1.31991,1.32026,2.76,1.69
2011.01.06 03:00:53.484,1.31991,1.32024,2.12,1.77
2011.01.06 03:00:53.712,1.31988,1.32019,1.02,1.50
2011.01.06 03:00:54.300,1.31987,1.32019,1.10,1.50
2011.01.06 03:00:55.283,1.31987,1.32019,1.47,1.50
2011.01.06 03:00:57.051,1.31985,1.32019,1.20,1.58
2011.01.06 03:00:57.568,1.31985,1.32019,1.20,1.58
2011.01.06 03:00:58.162,1.31985,1.32019,1.28,1.65
2011.01.06 03:00:59.348,1.31984,1.32018,1.13,1.09
2011.01.06 03:00:59.467,1.31981,1.32012,1.20,1.58
2011.01.06 03:01:01.840,1.31979,1.32012,1.47,2.44
2011.01.06 03:01:02.529,1.31978,1.32012,2.52,2.44
2011.01.06 03:01:06.392,1.31978,1.32011,2.15,2.52
2011.01.06 03:01:06.893,1.31974,1.32007,7.39,1.50
2011.01.06 03:01:07.008,1.31974,1.32008,3.95,1.69
2011.01.06 03:01:07.124,1.31975,1.32008,1.13,1.69
2011.01.06 03:01:07.234,1.31976,1.32008,1.32,1.69
2011.01.06 03:01:08.245,1.31974,1.32006,1.32,1.69
2011.01.06 03:01:09.422,1.31974,1.32007,1.02,1.58
2011.01.06 03:01:09.533,1.31974,1.32007,1.02,1.50
2011.01.06 03:01:10.118,1.31974,1.32007,1.40,1.50
2011.01.06 03:01:10.643,1.31974,1.32007,2.25,1.50
2011.01.06 03:01:11.297,1.31974,1.32007,1.40,1.50
2011.01.06 03:01:12.104,1.31974,1.32007,1.40,1.58
2011.01.06 03:01:13.613,1.31978,1.32007,2.10,1.50
2011.01.06 03:01:14.511,1.31978,1.32007,2.18,1.50
2011.01.06 03:01:15.415,1.31978,1.32007,2.55,1.50
2011.01.06 03:01:18.931,1.31978,1.32007,5.78,1.88
2011.01.06 03:01:19.484,1.31984,1.32009,1.80,1.13
2011.01.06 03:01:20.090,1.31984,1.32009,2.55,1.13
2011.01.06 03:01:21.336,1.31991,1.32012,1.80,1.13
2011.01.06 03:01:21.789,1.31995,1.32017,1.70,1.98
2011.01.06 03:01:22.123,1.31997,1.32016,2.18,1.04
2011.01.06 03:01:22.454,1.32003,1.32016,1.13,1.04
2011.01.06 03:01:22.567,1.32011,1.32028,2.48,1.50
2011.01.06 03:01:22.685,1.32011,1.32035,1.73,1.50
2011.01.06 03:01:23.152,1.32003,1.32035,2.48,1.50
2011.01.06 03:01:23.484,1.32011,1.32035,1.73,1.50
2011.01.06 03:01:23.824,1.32004,1.32035,2.25,1.50
2011.01.06 03:01:23.942,1.32004,1.32035,1.40,1.50
2011.01.06 03:01:24.487,1.32008,1.32035,4.58,1.50
2011.01.06 03:01:24.603,1.32008,1.32035,1.95,1.50
2011.01.06 03:01:24.714,1.32008,1.32035,1.20,1.50
2011.01.06 03:01:25.055,1.32004,1.32035,3.12,1.50
2011.01.06 03:01:27.192,1.32004,1.32035,7.20,1.50
2011.01.06 03:01:27.524,1.32004,1.32035,5.93,1.50
2011.01.06 03:01:29.070,1.32004,1.32035,1.47,1.50
2011.01.06 03:01:29.642,1.32004,1.32036,1.47,1.50
2011.01.06 03:01:30.251,1.32007,1.32037,2.88,1.50
2011.01.06 03:01:31.134,1.32006,1.32039,1.32,1.50
2011.01.06 03:01:31.631,1.32007,1.32039,1.40,1.50
2011.01.06 03:01:32.306,1.32007,1.32039,1.02,1.50
2011.01.06 03:01:32.764,1.32006,1.32037,1.02,2.44
2011.01.06 03:01:34.614,1.32004,1.32037,1.20,1.50
2011.01.06 03:01:36.282,1.32003,1.32035,1.32,1.58
2011.01.06 03:01:36.785,1.32001,1.32033,1.02,2.48
2011.01.06 03:01:36.909,1.31999,1.32033,1.40,3.23
2011.01.06 03:01:37.494,1.31997,1.32033,1.28,3.23
2011.01.06 03:01:38.040,1.31996,1.32033,3.64,1.50
2011.01.06 03:01:38.964,1.31998,1.32033,1.02,1.50
2011.01.06 03:01:39.403,1.32001,1.32038,1.10,1.50
2011.01.06 03:01:39.869,1.32,1.32034,1.02,1.50
2011.01.06 03:01:40.100,1.32001,1.32036,1.77,1.50
2011.01.06 03:01:40.217,1.32001,1.32038,3.82,1.50
2011.01.06 03:01:40.665,1.32001,1.32038,1.10,1.50
2011.01.06 03:01:41.414,1.32001,1.32038,2.43,1.50
2011.01.06 03:01:42.000,1.32001,1.32038,1.47,2.44
2011.01.06 03:01:42.499,1.32002,1.32033,1.10,1.50
2011.01.06 03:01:43.100,1.32002,1.32033,1.02,3.42
2011.01.06 03:01:45.202,1.31997,1.32032,1.02,1.02
2011.01.06 03:01:45.745,1.31997,1.32031,1.02,1.02
2011.01.06 03:01:47.714,1.31997,1.32031,1.02,1.02
2011.01.06 03:01:51.264,1.31997,1.32032,1.02,1.02
2011.01.06 03:01:53.869,1.31997,1.32031,1.02,1.02
2011.01.06 03:01:54.202,1.31997,1.3203,1.10,1.50
2011.01.06 03:01:54.766,1.31997,1.3203,1.10,1.50
2011.01.06 03:01:55.212,1.31999,1.32033,2.33,1.69
2011.01.06 03:01:56.102,1.31999,1.32033,1.47,1.69
2011.01.06 03:01:56.652,1.32002,1.32033,1.02,1.50
2011.01.06 03:01:58.658,1.32002,1.32033,1.02,1.69
2011.01.06 03:02:03.754,1.32001,1.32032,1.70,1.69
2011.01.06 03:02:03.873,1.32001,1.32032,1.32,1.69
2011.01.06 03:02:03.982,1.31996,1.32031,2.15,1.02
2011.01.06 03:02:04.633,1.31997,1.32031,1.02,1.02
2011.01.06 03:02:05.431,1.31996,1.32032,2.07,1.09
2011.01.06 03:02:06.083,1.31998,1.32032,1.02,1.02
2011.01.06 03:02:06.345,1.31998,1.32032,1.02,1.02
2011.01.06 03:02:06.461,1.31998,1.32031,1.02,1.77
2011.01.06 03:02:06.682,1.31996,1.32034,1.77,1.58
2011.01.06 03:02:07.536,1.31996,1.32032,1.70,1.09
2011.01.06 03:02:07.765,1.31997,1.3203,1.70,1.58
2011.01.06 03:02:08.103,1.31998,1.32034,2.25,1.58
2011.01.06 03:02:08.924,1.31998,1.32034,2.25,1.50
2011.01.06 03:02:09.264,1.31998,1.32034,1.32,1.58
2011.01.06 03:02:10.302,1.31998,1.32034,1.32,1.65
2011.01.06 03:02:10.671,1.31997,1.32034,1.70,3.38
2011.01.06 03:02:10.782,1.31997,1.32034,1.70,7.09
2011.01.06 03:02:11.480,1.31997,1.32034,1.70,7.28
2011.01.06 03:02:13.043,1.31995,1.32027,1.70,1.02
2011.01.06 03:02:13.154,1.31992,1.32026,1.70,1.92
2011.01.06 03:02:13.676,1.31993,1.32026,1.70,3.42
2011.01.06 03:02:15.254,1.31996,1.32031,2.70,1.50
2011.01.06 03:02:15.483,1.31998,1.3203,1.40,1.50
2011.01.06 03:02:15.920,1.31997,1.3203,1.40,1.50
2011.01.06 03:02:16.364,1.31997,1.32036,1.62,1.50
2011.01.06 03:02:16.478,1.32003,1.32037,1.47,1.50
2011.01.06 03:02:16.596,1.32003,1.32037,1.47,2.07
2011.01.06 03:02:17.086,1.32006,1.32042,1.32,2.89
2011.01.06 03:02:17.422,1.32006,1.32044,1.32,8.78
2011.01.06 03:02:17.532,1.32006,1.32044,1.40,6.83
2011.01.06 03:02:18.027,1.32007,1.32041,1.32,1.50
2011.01.06 03:02:18.531,1.32007,1.32041,1.32,1.58
2011.01.06 03:02:19.222,1.32007,1.32041,1.32,1.50
2011.01.06 03:02:19.768,1.32007,1.3204,1.32,1.39
2011.01.06 03:02:19.889,1.32004,1.32038,1.32,1.58
2011.01.06 03:02:20.228,1.32004,1.32036,1.32,1.13
2011.01.06 03:02:20.347,1.31999,1.32034,1.40,1.32
2011.01.06 03:02:21.884,1.31995,1.32032,1.40,1.69
2011.01.06 03:02:23.229,1.31995,1.32032,1.40,1.77
2011.01.06 03:02:23.831,1.31995,1.3203,1.40,1.20
2011.01.06 03:02:24.053,1.31993,1.32028,1.40,1.77
2011.01.06 03:02:24.163,1.31993,1.32028,1.40,1.77
2011.01.06 03:02:24.604,1.31993,1.32028,1.32,1.84
2011.01.06 03:02:25.182,1.31993,1.32028,1.40,1.77
2011.01.06 03:02:25.621,1.31993,1.32028,1.32,1.84
2011.01.06 03:02:26.143,1.3199,1.32024,1.47,1.65
2011.01.06 03:02:27.035,1.3199,1.32022,1.32,1.09
2011.01.06 03:02:27.534,1.31987,1.3202,1.32,1.02
2011.01.06 03:02:27.659,1.31986,1.3202,1.32,1.02
2011.01.06 03:02:28.672,1.31985,1.3202,1.40,1.02
2011.01.06 03:02:29.335,1.31982,1.32018,1.40,1.58
2011.01.06 03:02:29.901,1.31976,1.32013,1.40,2.52
2011.01.06 03:02:30.122,1.31976,1.32013,1.40,1.50
2011.01.06 03:02:30.565,1.3198,1.32011,1.32,1.02
2011.01.06 03:02:30.942,1.31977,1.32013,1.32,1.20
2011.01.06 03:02:31.064,1.31976,1.32011,1.40,1.50
2011.01.06 03:02:31.186,1.31975,1.32011,1.32,1.50
2011.01.06 03:02:31.742,1.31974,1.32006,1.32,1.02
2011.01.06 03:02:32.122,1.31968,1.32001,1.40,1.50
2011.01.06 03:02:32.726,1.31968,1.32001,1.62,1.50
2011.01.06 03:02:33.624,1.31972,1.32006,1.47,1.50
2011.01.06 03:02:34.511,1.31972,1.32006,2.32,1.50
2011.01.06 03:02:35.199,1.31972,1.32006,1.47,1.50
2011.01.06 03:02:35.661,1.31974,1.32008,1.47,1.50
2011.01.06 03:02:36.283,1.31977,1.32012,1.40,1.50
2011.01.06 03:02:37.173,1.31977,1.32014,1.47,1.69
2011.01.06 03:02:37.393,1.31977,1.32014,1.40,1.58
2011.01.06 03:02:37.952,1.31977,1.32014,1.47,1.50
2011.01.06 03:02:38.171,1.31977,1.32014,1.40,1.50
2011.01.06 03:02:41.566,1.31975,1.3201,1.47,1.50
2011.01.06 03:02:41.690,1.31973,1.3201,2.22,1.50
2011.01.06 03:02:42.132,1.31973,1.3201,4.47,1.50
2011.01.06 03:02:42.243,1.31974,1.3201,1.47,1.50
2011.01.06 03:02:42.462,1.31974,1.3201,1.47,1.50
2011.01.06 03:02:43.342,1.31973,1.3201,2.15,1.65
2011.01.06 03:02:43.783,1.31973,1.3201,2.15,1.58
2011.01.06 03:02:44.223,1.31977,1.32012,1.40,1.58
2011.01.06 03:02:44.896,1.31977,1.32012,1.40,1.58
2011.01.06 03:02:46.488,1.31977,1.32012,1.40,1.50
2011.01.06 03:02:47.105,1.31977,1.32014,1.47,1.65
2011.01.06 03:02:47.848,1.31979,1.32016,1.47,1.65
2011.01.06 03:02:47.963,1.31979,1.32016,1.40,1.58
2011.01.06 03:02:48.293,1.31979,1.32016,1.47,1.65
2011.01.06 03:02:49.675,1.31979,1.32016,1.40,1.58
2011.01.06 03:02:50.526,1.31979,1.32016,1.47,1.58
2011.01.06 03:02:51.850,1.31979,1.32016,1.62,1.50
2011.01.06 03:02:53.482,1.31979,1.32016,1.47,1.50
2011.01.06 03:02:53.811,1.31979,1.32016,2.75,1.69
2011.01.06 03:02:54.145,1.31979,1.32016,1.47,1.50
2011.01.06 03:02:54.644,1.31979,1.32016,2.22,1.50
2011.01.06 03:02:56.495,1.31979,1.32016,4.47,1.50
2011.01.06 03:02:58.478,1.31979,1.32016,4.47,1.50
2011.01.06 03:03:01.908,1.31979,1.32016,2.75,1.50
2011.01.06 03:03:02.134,1.31985,1.3202,1.40,1.50
2011.01.06 03:03:02.362,1.31985,1.32022,1.40,2.63
2011.01.06 03:03:02.473,1.31985,1.32022,1.47,2.63
2011.01.06 03:03:03.023,1.31986,1.32023,2.22,1.50
2011.01.06 03:03:03.366,1.31986,1.32023,4.47,1.50
2011.01.06 03:03:04.134,1.31986,1.32023,1.62,1.50
2011.01.06 03:03:04.722,1.31986,1.32022,1.40,1.50
2011.01.06 03:03:04.832,1.31988,1.32022,1.40,1.50
2011.01.06 03:03:05.161,1.31988,1.32022,1.47,1.50
2011.01.06 03:03:05.704,1.31988,1.32022,1.47,1.50
2011.01.06 03:03:06.418,1.31988,1.32022,1.47,1.50
2011.01.06 03:03:08.782,1.31991,1.32026,1.40,1.50
2011.01.06 03:03:09.115,1.31991,1.32026,1.32,1.65
2011.01.06 03:03:09.718,1.31991,1.32026,1.40,1.50
2011.01.06 03:03:09.853,1.31988,1.32022,1.40,1.50
2011.01.06 03:03:10.076,1.31988,1.32024,1.32,1.69
2011.01.06 03:03:10.496,1.3199,1.32025,1.32,1.73
2011.01.06 03:03:10.621,1.3199,1.32029,1.32,1.69
2011.01.06 03:03:11.069,1.31995,1.32029,1.32,1.50
2011.01.06 03:03:11.531,1.31986,1.3202,1.32,3.23
2011.01.06 03:03:14.047,1.31986,1.32019,1.32,1.77
2011.01.06 03:03:16.022,1.31982,1.32019,1.40,3.27
2011.01.06 03:03:19.164,1.31982,1.32018,1.40,1.20
2011.01.06 03:03:19.801,1.31987,1.32019,1.32,2.14
2011.01.06 03:03:19.911,1.31987,1.32019,1.32,2.14
2011.01.06 03:03:20.352,1.31987,1.3202,1.47,2.48
2011.01.06 03:03:20.765,1.31989,1.3202,1.32,1.73
2011.01.06 03:03:20.892,1.31995,1.32031,1.32,2.70
2011.01.06 03:03:23.244,1.32002,1.32036,1.32,1.50
2011.01.06 03:03:23.573,1.32002,1.32031,1.32,1.73
2011.01.06 03:03:23.681,1.32002,1.32036,1.32,1.58
2011.01.06 03:03:24.861,1.32002,1.32036,1.32,1.65
2011.01.06 03:03:25.108,1.31995,1.32032,1.40,1.58
2011.01.06 03:03:25.350,1.31994,1.32031,1.32,1.50
2011.01.06 03:03:25.810,1.31993,1.3203,1.32,1.02
2011.01.06 03:03:25.922,1.31986,1.32025,1.40,1.50
2011.01.06 03:03:26.143,1.31985,1.32021,1.47,1.50
2011.01.06 03:03:26.943,1.31985,1.32021,1.47,1.50
2011.01.06 03:03:27.572,1.31985,1.32021,1.47,1.50
2011.01.06 03:03:28.143,1.31985,1.32021,1.32,1.58
2011.01.06 03:03:28.476,1.31981,1.32013,1.32,2.55
2011.01.06 03:03:28.979,1.31979,1.32013,1.47,1.50
2011.01.06 03:03:30.174,1.31979,1.32013,2.60,1.50
2011.01.06 03:03:30.652,1.31979,1.32013,1.47,1.50
2011.01.06 03:03:31.214,1.31979,1.32013,2.60,1.50
2011.01.06 03:03:31.781,1.31979,1.32013,4.47,1.50
2011.01.06 03:03:32.700,1.31979,1.32013,4.66,1.50
2011.01.06 03:03:33.174,1.31979,1.32013,4.47,1.50
2011.01.06 03:03:33.552,1.31979,1.32013,4.47,1.50
2011.01.06 03:03:34.353,1.31979,1.32013,2.22,1.50
2011.01.06 03:03:35.772,1.31979,1.32013,4.47,1.50
2011.01.06 03:03:38.864,1.31979,1.32013,4.47,1.50
2011.01.06 03:03:39.814,1.31979,1.32013,2.22,1.50
2011.01.06 03:03:40.031,1.31979,1.32013,2.22,1.50
2011.01.06 03:03:40.141,1.31979,1.32013,2.22,1.50
2011.01.06 03:03:41.888,1.31979,1.32013,1.40,1.50
2011.01.06 03:03:42.006,1.31974,1.32009,1.47,1.50
2011.01.06 03:03:43.337,1.31977,1.32012,2.60,1.50
2011.01.06 03:03:43.460,1.31977,1.32012,1.32,2.33
2011.01.06 03:03:43.682,1.31977,1.32012,2.60,1.50
2011.01.06 03:03:43.906,1.31977,1.32012,1.47,1.50
2011.01.06 03:03:44.474,1.31973,1.32012,1.62,1.50
2011.01.06 03:03:44.587,1.31973,1.32013,2.40,2.55
2011.01.06 03:03:45.255,1.31973,1.32008,1.47,1.50
2011.01.06 03:03:45.481,1.31973,1.32008,1.62,1.50
2011.01.06 03:03:45.927,1.31973,1.32008,1.47,1.50
2011.01.06 03:03:46.607,1.31973,1.32008,1.62,1.50
2011.01.06 03:03:47.643,1.31973,1.32008,1.47,1.50
2011.01.06 03:03:48.015,1.31973,1.32006,2.32,4.28
2011.01.06 03:03:48.137,1.31973,1.32006,1.32,4.28
2011.01.06 03:03:48.367,1.31971,1.32006,1.50,2.48
2011.01.06 03:03:48.595,1.31969,1.32005,1.47,1.50
2011.01.06 03:03:49.154,1.31969,1.32005,1.47,1.65
2011.01.06 03:03:49.261,1.31969,1.32002,1.47,1.50
2011.01.06 03:03:49.812,1.31969,1.32002,1.40,1.50
2011.01.06 03:03:52.331,1.31966,1.32002,1.40,1.58
2011.01.06 03:03:52.891,1.31966,1.32,1.40,1.50
2011.01.06 03:03:53.440,1.31966,1.31999,1.40,1.50
2011.01.06 03:03:55.894,1.31966,1.31999,1.40,1.50
2011.01.06 03:03:56.601,1.31966,1.31999,1.40,1.50
2011.01.06 03:03:57.974,1.31966,1.31999,1.40,1.50
2011.01.06 03:03:58.691,1.31967,1.31999,1.05,2.25
2011.01.06 03:03:59.526,1.31963,1.31997,1.47,3.72
2011.01.06 03:04:00.540,1.31963,1.31997,1.40,3.72
2011.01.06 03:04:01.239,1.31963,1.31997,1.40,3.72
2011.01.06 03:04:01.963,1.31963,1.31997,1.40,3.72
2011.01.06 03:04:02.516,1.31963,1.31997,1.40,3.72
2011.01.06 03:04:02.854,1.31962,1.3199,1.32,1.73
2011.01.06 03:04:06.437,1.31959,1.31992,2.32,1.50
2011.01.06 03:04:06.992,1.31959,1.31992,2.51,1.50
2011.01.06 03:04:07.105,1.3196,1.31996,2.32,1.50
2011.01.06 03:04:11.322,1.3196,1.31996,2.60,1.50
2011.01.06 03:04:12.973,1.3196,1.31993,1.40,1.50
2011.01.06 03:04:13.087,1.31963,1.31993,1.23,3.42
2011.01.06 03:04:13.424,1.31957,1.3199,1.16,1.50
2011.01.06 03:04:14.072,1.31952,1.3199,2.27,1.50
2011.01.06 03:04:15.126,1.31949,1.31982,1.86,1.50
2011.01.06 03:04:15.684,1.31949,1.31982,2.01,1.50
2011.01.06 03:04:16.230,1.31949,1.31982,2.01,1.50
2011.01.06 03:04:17.103,1.31949,1.31982,2.04,1.50
2011.01.06 03:04:18.566,1.31952,1.31984,2.01,1.73
2011.01.06 03:04:19.109,1.31953,1.31986,2.31,1.50
2011.01.06 03:04:19.663,1.31958,1.31986,2.46,1.50
2011.01.06 03:04:19.775,1.31958,1.3199,1.19,1.50
2011.01.06 03:04:20.459,1.31958,1.3199,1.11,1.50
2011.01.06 03:04:22.030,1.31958,1.3199,2.31,1.50
2011.01.06 03:04:22.674,1.31958,1.3199,2.50,1.50
2011.01.06 03:04:24.821,1.31958,1.3199,2.31,1.50
2011.01.06 03:04:25.921,1.31956,1.3199,2.04,1.50
2011.01.06 03:04:27.401,1.31957,1.3199,2.50,1.50
2011.01.06 03:04:28.872,1.31957,1.3199,2.50,1.50
2011.01.06 03:04:31.473,1.31956,1.3199,2.01,1.50
2011.01.06 03:04:32.349,1.31956,1.3199,1.86,1.50
2011.01.06 03:04:35.033,1.31957,1.3199,2.69,1.50
2011.01.06 03:04:35.582,1.31957,1.31994,3.88,1.50
2011.01.06 03:04:35.701,1.31956,1.3199,1.86,2.25
2011.01.06 03:04:36.034,1.31957,1.31987,1.01,2.67
2011.01.06 03:04:40.993,1.31955,1.31988,1.12,1.50
2011.01.06 03:04:42.639,1.31957,1.31988,1.01,1.50
2011.01.06 03:04:43.174,1.31957,1.31992,1.01,1.50
2011.01.06 03:04:43.873,1.31959,1.31991,2.01,1.50
2011.01.06 03:04:44.202,1.3196,1.31996,1.01,1.50
2011.01.06 03:04:45.513,1.31959,1.31991,1.01,1.50
2011.01.06 03:04:46.073,1.31959,1.31991,1.01,1.50
2011.01.06 03:04:46.633,1.31958,1.31991,3.00,1.50
2011.01.06 03:04:49.064,1.31966,1.31991,2.50,1.50
2011.01.06 03:04:49.179,1.31966,1.31997,2.31,1.50
2011.01.06 03:04:49.652,1.31966,1.31999,2.31,1.69
2011.01.06 03:04:49.890,1.3196,1.31993,1.86,1.69
2011.01.06 03:04:50.407,1.31958,1.31993,1.68,1.69
2011.01.06 03:04:50.800,1.31954,1.3199,3.00,1.50
2011.01.06 03:04:54.683,1.3196,1.31993,2.01,1.50
2011.01.06 03:04:55.126,1.31963,1.31995,1.16,1.69
2011.01.06 03:04:55.623,1.31964,1.32003,1.86,1.69
2011.01.06 03:04:56.501,1.31972,1.32004,1.01,2.67
2011.01.06 03:04:56.622,1.31971,1.32006,2.81,1.69
2011.01.06 03:04:57.549,1.31968,1.32004,1.68,2.44
2011.01.06 03:04:57.884,1.31963,1.32,2.81,1.02
2011.01.06 03:04:58.409,1.31963,1.31998,2.81,1.50
2011.01.06 03:04:58.963,1.31963,1.31998,2.81,1.58
2011.01.06 03:04:59.293,1.31959,1.31993,1.11,1.50
2011.01.06 03:04:59.745,1.31956,1.31988,1.86,1.50
2011.01.06 03:05:00.755,1.31956,1.31987,1.86,1.69
2011.01.06 03:05:00.987,1.31954,1.31987,5.25,1.50
2011.01.06 03:05:01.496,1.31952,1.31988,1.01,1.50
2011.01.06 03:05:01.832,1.31952,1.31987,1.01,1.50
2011.01.06 03:05:02.382,1.31951,1.31984,1.68,1.50
2011.01.06 03:05:03.944,1.31954,1.31984,2.16,1.50
2011.01.06 03:05:04.695,1.31948,1.31984,1.76,1.50
2011.01.06 03:05:06.343,1.31954,1.3199,1.01,1.50
2011.01.06 03:05:06.675,1.31951,1.31987,2.81,1.69
2011.01.06 03:05:07.345,1.31951,1.31983,1.68,2.67
2011.01.06 03:05:07.471,1.31954,1.31986,1.01,1.69
2011.01.06 03:05:10.661,1.31951,1.31986,1.68,1.50
2011.01.06 03:05:10.994,1.31948,1.31983,1.61,1.92
2011.01.06 03:05:11.112,1.31948,1.31983,1.40,1.92
2011.01.06 03:05:11.225,1.31942,1.31983,5.41,3.42
2011.01.06 03:05:11.726,1.31944,1.31983,1.62,3.23
2011.01.06 03:05:12.172,1.31948,1.31985,1.95,1.58
2011.01.06 03:05:12.742,1.31949,1.31986,2.22,1.50
2011.01.06 03:05:13.182,1.31949,1.31986,4.47,1.50
2011.01.06 03:05:14.485,1.31952,1.31986,1.40,1.50
2011.01.06 03:05:15.792,1.31954,1.31986,1.58,1.50
2011.01.06 03:05:17.272,1.31952,1.31986,1.40,3.42
2011.01.06 03:05:17.601,1.31949,1.31986,1.40,3.42
2011.01.06 03:05:18.235,1.31949,1.31985,1.40,1.02
2011.01.06 03:05:18.683,1.31949,1.31986,2.22,1.50
2011.01.06 03:05:18.902,1.31949,1.31986,4.47,1.50
2011.01.06 03:05:19.673,1.31955,1.31986,1.58,1.50
2011.01.06 03:05:20.761,1.31956,1.31991,1.32,1.65
2011.01.06 03:05:21.202,1.31956,1.31991,1.40,1.50
2011.01.06 03:05:21.642,1.31954,1.3199,1.47,1.09
2011.01.06 03:05:22.147,1.3195,1.31987,1.47,1.58
2011.01.06 03:05:23.593,1.3195,1.31987,1.40,1.58
2011.01.06 03:05:24.036,1.3195,1.31987,2.60,1.58
2011.01.06 03:05:24.413,1.3195,1.31987,1.47,1.65
2011.01.06 03:05:24.741,1.3195,1.31987,2.60,1.58
2011.01.06 03:05:24.852,1.3195,1.31987,1.40,1.58
2011.01.06 03:05:26.661,1.3195,1.31987,2.60,1.58
2011.01.06 03:05:27.106,1.31953,1.3199,2.60,1.69
2011.01.06 03:05:27.445,1.31953,1.3199,2.67,1.69
2011.01.06 03:05:28.003,1.31955,1.3199,2.32,1.50
2011.01.06 03:05:29.682,1.31956,1.3199,2.10,1.50
2011.01.06 03:05:30.132,1.31955,1.3199,2.32,1.50
2011.01.06 03:05:31.688,1.31953,1.3199,2.75,1.69
2011.01.06 03:05:31.804,1.31953,1.3199,2.60,1.69
2011.01.06 03:05:31.912,1.31953,1.3199,2.60,1.69
2011.01.06 03:05:32.467,1.31953,1.3199,2.75,1.69
2011.01.06 03:05:33.241,1.31953,1.3199,2.60,1.69
2011.01.06 03:05:33.795,1.31953,1.3199,2.60,1.69
2011.01.06 03:05:34.662,1.31953,1.3199,1.47,1.84
2011.01.06 03:05:35.344,1.31953,1.3199,1.47,1.77
2011.01.06 03:05:35.675,1.31953,1.3199,2.60,1.69
2011.01.06 03:05:35.906,1.31953,1.3199,1.47,1.69
2011.01.06 03:05:36.022,1.31953,1.3199,2.79,1.69
2011.01.06 03:05:36.457,1.31953,1.3199,1.47,1.69
2011.01.06 03:05:36.578,1.31953,1.3199,1.62,1.69
2011.01.06 03:05:37.069,1.31953,1.3199,1.47,1.69
2011.01.06 03:05:37.292,1.31958,1.31993,1.40,1.69
2011.01.06 03:05:38.023,1.31954,1.3199,1.47,1.02
2011.01.06 03:05:39.154,1.31954,1.3199,1.40,1.02
2011.01.06 03:05:39.383,1.31953,1.31987,1.40,1.13
2011.01.06 03:05:39.494,1.31951,1.31987,1.47,1.88
2011.01.06 03:05:40.043,1.31951,1.31987,1.40,1.58
2011.01.06 03:05:40.541,1.31951,1.31987,1.47,1.65
2011.01.06 03:05:40.653,1.31951,1.31987,1.47,1.58
2011.01.06 03:05:41.092,1.31951,1.31987,1.47,2.03
2011.01.06 03:05:41.423,1.31951,1.31987,1.40,1.88
2011.01.06 03:05:42.706,1.31951,1.31987,1.40,1.58
2011.01.06 03:05:45.863,1.31951,1.31985,1.32,1.39
2011.01.06 03:05:45.975,1.31948,1.31984,2.15,2.14
2011.01.06 03:05:46.202,1.31948,1.31984,1.47,2.07
2011.01.06 03:05:46.751,1.31948,1.31984,1.40,1.69
2011.01.06 03:05:47.453,1.31948,1.31984,3.54,1.50
2011.01.06 03:05:47.783,1.31948,1.31983,1.47,1.13
2011.01.06 03:05:49.783,1.31948,1.31983,1.47,1.20
2011.01.06 03:05:50.212,1.31944,1.31979,1.47,1.50
2011.01.06 03:05:50.812,1.31944,1.31979,2.60,1.50
2011.01.06 03:05:52.031,1.31944,1.31977,1.40,1.32
2011.01.06 03:05:52.732,1.31941,1.31976,1.85,1.50
2011.01.06 03:05:52.849,1.31941,1.31976,1.85,1.50
2011.01.06 03:05:53.403,1.31941,1.31976,3.61,1.50
2011.01.06 03:05:53.514,1.31943,1.3198,2.60,1.50
2011.01.06 03:05:54.069,1.31952,1.31986,1.47,1.50
2011.01.06 03:05:54.182,1.31952,1.31986,1.40,1.50
2011.01.06 03:05:54.625,1.31952,1.31986,1.32,1.84
2011.01.06 03:05:55.089,1.31952,1.31986,1.47,1.50
2011.01.06 03:05:55.314,1.31952,1.31986,1.32,1.65
2011.01.06 03:05:55.642,1.31952,1.31986,1.32,1.65
2011.01.06 03:05:56.206,1.31952,1.31985,1.32,6.53
2011.01.06 03:05:56.324,1.31948,1.31983,1.32,3.25
2011.01.06 03:05:56.761,1.31948,1.31983,1.40,1.77
2011.01.06 03:05:57.382,1.31948,1.31983,1.47,1.50
2011.01.06 03:05:57.602,1.31948,1.31983,1.47,1.50
2011.01.06 03:05:59.150,1.31949,1.31983,1.47,1.50
2011.01.06 03:05:59.481,1.31952,1.31987,1.40,1.58
2011.01.06 03:06:00.150,1.31952,1.31987,1.47,1.65
2011.01.06 03:06:00.486,1.31952,1.31987,1.47,1.50
2011.01.06 03:06:01.064,1.31952,1.31987,1.47,1.58
2011.01.06 03:06:01.876,1.31952,1.31987,1.40,1.58
2011.01.06 03:06:02.218,1.31954,1.31987,1.05,1.50
2011.01.06 03:06:02.334,1.31953,1.31987,2.97,1.65
2011.01.06 03:06:02.783,1.31952,1.31987,1.40,1.77
2011.01.06 03:06:03.123,1.31947,1.31983,2.60,1.69
2011.01.06 03:06:04.196,1.31944,1.31978,1.40,1.69
2011.01.06 03:06:04.314,1.31944,1.31978,1.47,1.69
2011.01.06 03:06:05.308,1.31944,1.31978,2.22,1.50
2011.01.06 03:06:06.054,1.31944,1.31978,2.22,1.50
2011.01.06 03:06:06.511,1.31944,1.31978,1.40,1.50
2011.01.06 03:06:06.953,1.31942,1.31978,1.40,1.77
2011.01.06 03:06:07.062,1.31939,1.31976,1.40,1.58
2011.01.06 03:06:08.431,1.31939,1.31976,1.62,1.50
2011.01.06 03:06:08.983,1.31939,1.31976,2.60,1.50
2011.01.06 03:06:09.543,1.31939,1.31976,1.47,1.58
2011.01.06 03:06:09.873,1.31933,1.31968,1.40,9.00
2011.01.06 03:06:10.552,1.3193,1.31967,1.40,2.82
2011.01.06 03:06:11.098,1.3193,1.31964,1.32,3.18
2011.01.06 03:06:20.382,1.31932,1.31964,1.32,1.77
2011.01.06 03:06:20.602,1.31932,1.31966,1.40,1.50
2011.01.06 03:06:20.823,1.31935,1.31966,1.32,2.82
2011.01.06 03:06:21.044,1.31935,1.31968,1.32,2.10
2011.01.06 03:06:21.153,1.31935,1.31969,1.32,1.77
2011.01.06 03:06:22.724,1.31935,1.31969,1.32,3.04
2011.01.06 03:06:24.101,1.31935,1.31969,1.32,1.13
2011.01.06 03:06:26.012,1.31935,1.31966,1.32,1.13
2011.01.06 03:06:26.129,1.31931,1.31964,1.32,1.50
2011.01.06 03:06:26.244,1.31931,1.31967,1.40,1.88
2011.01.06 03:06:26.893,1.31931,1.31968,1.32,2.93
2011.01.06 03:06:27.007,1.31931,1.31967,1.47,2.82
2011.01.06 03:06:27.353,1.31934,1.31967,1.40,1.13
2011.01.06 03:06:28.196,1.31934,1.31967,1.62,1.13
2011.01.06 03:06:28.532,1.31934,1.31967,1.40,1.13
2011.01.06 03:06:29.888,1.31936,1.3197,1.40,1.13
2011.01.06 03:06:30.603,1.31938,1.31972,1.40,1.13
2011.01.06 03:06:31.894,1.31938,1.31971,1.32,1.47
2011.01.06 03:06:32.234,1.31932,1.31967,2.32,1.32
2011.01.06 03:06:32.724,1.31933,1.31966,2.60,1.13
2011.01.06 03:06:32.834,1.31933,1.31969,2.60,1.50
2011.01.06 03:06:33.851,1.31933,1.31969,1.62,1.50
2011.01.06 03:06:34.817,1.31933,1.31969,2.60,1.50
2011.01.06 03:06:35.086,1.31934,1.31969,1.25,1.50
2011.01.06 03:06:36.905,1.31933,1.31969,2.79,1.50
2011.01.06 03:06:39.092,1.31933,1.31969,2.67,1.50
2011.01.06 03:06:39.336,1.31933,1.31969,2.79,1.50
2011.01.06 03:06:40.693,1.31933,1.31969,2.60,1.69
2011.01.06 03:06:41.291,1.31933,1.31969,1.47,1.69
2011.01.06 03:06:41.890,1.31933,1.31969,2.60,1.69
2011.01.06 03:06:42.009,1.31933,1.31965,2.60,1.50
2011.01.06 03:06:42.126,1.31933,1.3196,1.32,2.10
2011.01.06 03:06:42.354,1.31928,1.31961,1.62,1.13
2011.01.06 03:06:42.808,1.31928,1.31962,1.47,1.50
2011.01.06 03:06:43.191,1.31925,1.31959,2.67,1.50
2011.01.06 03:06:44.800,1.31927,1.31959,1.65,1.50
2011.01.06 03:06:45.103,1.31927,1.31963,1.65,1.69
2011.01.06 03:06:45.363,1.31927,1.31963,1.02,1.69
2011.01.06 03:06:47.093,1.31925,1.31963,2.75,1.69
2011.01.06 03:06:47.664,1.31931,1.31963,1.05,1.50
2011.01.06 03:06:47.992,1.31931,1.31963,1.40,1.50
2011.01.06 03:06:48.105,1.31932,1.31966,1.40,1.50
2011.01.06 03:06:48.372,1.31932,1.31966,1.47,1.50
2011.01.06 03:06:48.973,1.31932,1.31966,1.47,1.50
2011.01.06 03:06:49.422,1.31932,1.31966,1.62,1.50
2011.01.06 03:06:50.276,1.31932,1.31967,2.79,1.69
2011.01.06 03:06:50.835,1.31932,1.31967,1.05,1.69
2011.01.06 03:06:51.719,1.31929,1.31966,2.79,1.69
2011.01.06 03:06:52.845,1.31929,1.31966,2.60,1.69
2011.01.06 03:06:53.422,1.31929,1.31966,2.60,1.69
2011.01.06 03:06:53.792,1.31929,1.31966,2.75,1.69
2011.01.06 03:06:54.123,1.3193,1.31966,2.60,1.69
2011.01.06 03:06:54.938,1.31932,1.31966,1.62,1.50
2011.01.06 03:06:55.277,1.31932,1.31966,1.47,1.50
2011.01.06 03:06:55.397,1.31932,1.31966,1.47,1.50
2011.01.06 03:06:55.515,1.31932,1.31966,1.47,1.50
2011.01.06 03:06:56.653,1.31932,1.31966,1.47,1.50
2011.01.06 03:06:57.713,1.31932,1.31966,1.40,1.50
2011.01.06 03:06:58.722,1.31932,1.31966,1.47,1.50
2011.01.06 03:06:59.162,1.31932,1.31966,1.47,1.50
2011.01.06 03:06:59.763,1.31932,1.31966,1.40,1.58
2011.01.06 03:07:00.092,1.31925,1.31962,6.35,1.50
2011.01.06 03:07:00.641,1.31925,1.31962,2.37,1.50
2011.01.06 03:07:01.110,1.31925,1.31957,1.32,1.69
2011.01.06 03:07:01.664,1.31919,1.31956,2.22,1.50
2011.01.06 03:07:02.064,1.31918,1.31953,2.90,1.50
2011.01.06 03:07:02.305,1.31917,1.31951,1.40,1.50
2011.01.06 03:07:02.428,1.31919,1.31951,2.15,1.50
2011.01.06 03:07:03.075,1.31926,1.31951,1.50,1.50
2011.01.06 03:07:03.189,1.31922,1.31951,1.50,2.44
2011.01.06 03:07:03.523,1.31919,1.31949,2.07,1.13
2011.01.06 03:07:03.864,1.31922,1.31949,1.50,1.13
2011.01.06 03:07:04.405,1.31921,1.31949,1.50,1.13
2011.01.06 03:07:04.823,1.31917,1.31949,1.50,1.13
2011.01.06 03:07:05.974,1.31915,1.31949,2.82,1.20
2011.01.06 03:07:06.084,1.3192,1.31949,1.50,1.13
2011.01.06 03:07:06.756,1.3192,1.3195,1.58,1.88
2011.01.06 03:07:06.982,1.31919,1.3195,1.65,1.50
2011.01.06 03:07:07.557,1.31919,1.3195,1.65,1.88
2011.01.06 03:07:07.672,1.31919,1.3195,1.65,1.88
2011.01.06 03:07:08.289,1.31921,1.3195,1.50,1.50
2011.01.06 03:07:08.402,1.31925,1.3195,1.50,1.50
2011.01.06 03:07:08.563,1.31923,1.3195,1.50,1.50
2011.01.06 03:07:09.335,1.31923,1.3195,1.58,1.50
2011.01.06 03:07:09.456,1.31925,1.3195,4.28,1.50
2011.01.06 03:07:09.575,1.31925,1.3195,1.65,1.50
2011.01.06 03:07:09.694,1.31934,1.31958,1.50,1.50
2011.01.06 03:07:09.813,1.31933,1.31958,2.40,1.50
2011.01.06 03:07:10.219,1.31934,1.31967,2.44,1.50
2011.01.06 03:07:10.350,1.31927,1.31964,2.60,1.88
2011.01.06 03:07:10.464,1.31929,1.3196,1.88,1.32
2011.01.06 03:07:10.586,1.31929,1.31966,1.88,1.20
2011.01.06 03:07:11.007,1.3193,1.31966,1.65,1.88
2011.01.06 03:07:11.595,1.3193,1.31965,1.47,1.13
2011.01.06 03:07:12.351,1.31932,1.31965,1.40,1.13
2011.01.06 03:07:12.696,1.31933,1.31964,1.32,1.13
2011.01.06 03:07:13.340,1.31921,1.3196,1.47,1.50
2011.01.06 03:07:14.205,1.3192,1.31957,4.62,1.13
2011.01.06 03:07:14.800,1.3192,1.31957,1.47,1.13
2011.01.06 03:07:14.915,1.31919,1.31952,1.47,1.13
2011.01.06 03:07:15.897,1.31919,1.31952,1.40,1.13
2011.01.06 03:07:16.015,1.31919,1.31952,2.60,1.13
2011.01.06 03:07:16.242,1.31919,1.31952,1.62,1.13
2011.01.06 03:07:16.906,1.31919,1.31952,1.40,1.13
2011.01.06 03:07:17.033,1.31923,1.31956,1.65,1.13
2011.01.06 03:07:17.578,1.31925,1.31956,2.22,1.13
2011.01.06 03:07:18.124,1.31925,1.31956,2.22,1.13
2011.01.06 03:07:18.908,1.31925,1.31956,2.22,1.13
2011.01.06 03:07:19.511,1.31925,1.31956,2.22,1.13
2011.01.06 03:07:19.843,1.3193,1.31962,1.65,1.50
2011.01.06 03:07:20.346,1.31927,1.31962,4.62,1.88
2011.01.06 03:07:21.135,1.31927,1.31962,1.47,1.50
2011.01.06 03:07:28.607,1.31927,1.31962,2.60,1.50
2011.01.06 03:07:29.492,1.31927,1.31962,1.62,1.50
2011.01.06 03:07:29.822,1.3193,1.3196,1.65,1.13
2011.01.06 03:07:30.227,1.3193,1.3196,1.65,1.13
2011.01.06 03:07:30.453,1.3193,1.3196,1.65,1.13
2011.01.06 03:07:30.563,1.3193,1.3196,1.58,1.13
2011.01.06 03:07:30.785,1.3193,1.3196,1.58,1.69
2011.01.06 03:07:30.906,1.31924,1.31956,1.47,1.13
2011.01.06 03:07:31.357,1.31922,1.31956,1.65,1.13
2011.01.06 03:07:32.644,1.31922,1.31956,1.65,1.13
2011.01.06 03:07:33.253,1.31922,1.31956,1.65,1.50
2011.01.06 03:07:33.473,1.31922,1.31951,1.58,1.13
2011.01.06 03:07:33.583,1.3192,1.31951,2.15,1.13
2011.01.06 03:07:34.120,1.31917,1.31948,6.15,1.13
2011.01.06 03:07:34.914,1.31917,1.31949,2.30,1.88
2011.01.06 03:07:36.074,1.31915,1.31949,2.79,1.88
2011.01.06 03:07:38.295,1.31915,1.31947,2.79,1.13
2011.01.06 03:07:38.785,1.31915,1.31947,2.60,1.13
2011.01.06 03:07:39.235,1.31923,1.31956,2.15,1.50
2011.01.06 03:07:39.353,1.31927,1.31956,1.50,1.50
2011.01.06 03:07:39.939,1.31922,1.31956,1.47,1.50
2011.01.06 03:07:40.166,1.31922,1.31956,1.47,1.50
2011.01.06 03:07:40.501,1.31922,1.31956,2.60,1.50
2011.01.06 03:07:41.302,1.31924,1.31956,1.65,1.50
2011.01.06 03:07:41.434,1.31924,1.31956,1.80,1.50
2011.01.06 03:07:42.293,1.31924,1.31955,1.80,1.69
2011.01.06 03:07:42.989,1.31917,1.3195,1.58,1.88
2011.01.06 03:07:43.606,1.31917,1.3195,1.58,1.50
2011.01.06 03:07:43.834,1.31917,1.3195,1.65,1.50
2011.01.06 03:07:44.306,1.31917,1.3195,1.58,1.50
2011.01.06 03:07:44.872,1.31917,1.3195,1.65,1.50
2011.01.06 03:07:46.142,1.31918,1.3195,1.65,1.50
2011.01.06 03:07:46.723,1.31918,1.3195,1.58,1.50
2011.01.06 03:07:49.522,1.31918,1.3195,1.58,1.50
2011.01.06 03:07:49.631,1.3192,1.3195,1.50,1.50
2011.01.06 03:07:50.603,1.3192,1.3195,1.58,1.50
2011.01.06 03:07:51.154,1.3192,1.3195,1.50,1.58
2011.01.06 03:07:51.938,1.3192,1.3195,1.65,1.50
2011.01.06 03:07:52.277,1.31922,1.31954,2.22,1.50
2011.01.06 03:07:52.503,1.31922,1.31954,2.15,1.69
2011.01.06 03:07:53.103,1.31922,1.31954,2.22,1.50
2011.01.06 03:07:53.436,1.31926,1.31957,1.65,1.50
2011.01.06 03:07:53.887,1.31925,1.31959,2.07,1.69
2011.01.06 03:07:54.011,1.31923,1.31956,2.97,1.32
2011.01.06 03:07:54.128,1.31923,1.31959,2.97,2.07
2011.01.06 03:07:55.766,1.31924,1.31959,2.22,2.07
2011.01.06 03:07:56.216,1.31925,1.31956,1.65,1.13
2011.01.06 03:07:56.663,1.31925,1.31954,2.25,1.50
2011.01.06 03:07:56.887,1.31931,1.31958,1.50,1.50
2011.01.06 03:07:57.429,1.31924,1.31958,2.37,1.50
2011.01.06 03:07:58.409,1.31926,1.31958,1.65,1.50
2011.01.06 03:07:59.042,1.31925,1.31958,2.22,1.50
2011.01.06 03:08:00.245,1.31925,1.31958,2.07,1.58
2011.01.06 03:08:02.696,1.3192,1.31953,2.15,1.50
2011.01.06 03:08:03.730,1.3192,1.31953,2.22,1.50
2011.01.06 03:08:05.106,1.3192,1.31953,2.22,1.50
2011.01.06 03:08:05.714,1.3192,1.31953,2.22,1.50
2011.01.06 03:08:05.875,1.3192,1.31953,2.22,1.50
2011.01.06 03:08:06.433,1.31921,1.31953,1.58,1.50
2011.01.06 03:08:07.469,1.31921,1.31953,1.58,1.50
2011.01.06 03:08:08.035,1.31921,1.31953,1.65,1.50
2011.01.06 03:08:08.153,1.31921,1.31953,1.58,1.50
2011.01.06 03:08:08.384,1.31921,1.31953,1.58,1.50
2011.01.06 03:08:08.826,1.31921,1.31953,1.58,1.50
2011.01.06 03:08:09.161,1.31926,1.31953,1.50,1.50
2011.01.06 03:08:10.277,1.31926,1.31953,1.58,1.50
2011.01.06 03:08:11.069,1.31926,1.31953,1.65,1.50
2011.01.06 03:08:14.186,1.31924,1.31953,1.58,1.50
2011.01.06 03:08:14.793,1.31926,1.31953,1.50,1.58
2011.01.06 03:08:15.013,1.31923,1.31953,1.50,1.58
2011.01.06 03:08:15.342,1.31923,1.31953,1.50,1.58
2011.01.06 03:08:15.562,1.31923,1.31953,1.50,1.65
2011.01.06 03:08:17.172,1.31925,1.31953,1.50,1.50
2011.01.06 03:08:19.635,1.31923,1.31953,1.65,1.50
2011.01.06 03:08:21.394,1.3192,1.31953,2.07,1.50
2011.01.06 03:08:21.826,1.3192,1.3195,2.07,1.13
2011.01.06 03:08:21.952,1.3191,1.31943,2.15,1.50
2011.01.06 03:08:22.726,1.3191,1.31943,2.15,1.50
2011.01.06 03:08:24.035,1.3191,1.31943,2.37,1.50
2011.01.06 03:08:24.644,1.31909,1.31943,2.97,1.50
2011.01.06 03:08:26.115,1.31916,1.31948,1.58,1.50
2011.01.06 03:08:26.234,1.31916,1.3195,1.58,1.50
2011.01.06 03:08:26.757,1.31916,1.3195,2.90,1.50
2011.01.06 03:08:28.773,1.31916,1.3195,2.97,1.50
2011.01.06 03:08:32.612,1.31919,1.3195,1.65,1.50
2011.01.06 03:08:32.831,1.31919,1.31955,2.22,1.50
2011.01.06 03:08:32.943,1.31919,1.31955,2.22,1.50
2011.01.06 03:08:33.488,1.31921,1.31955,1.58,1.58
2011.01.06 03:08:34.594,1.31919,1.31955,2.22,1.65
2011.01.06 03:08:34.702,1.31919,1.31955,2.22,1.58
2011.01.06 03:08:35.764,1.31925,1.31954,1.47,1.50
2011.01.06 03:08:35.983,1.31925,1.3196,1.40,1.50
2011.01.06 03:08:37.717,1.31925,1.3196,1.40,1.50
2011.01.06 03:08:38.645,1.31925,1.3196,1.40,1.50
2011.01.06 03:08:40.084,1.31925,1.3196,1.40,1.58
2011.01.06 03:08:40.306,1.31925,1.31958,1.32,1.02
2011.01.06 03:08:40.642,1.31921,1.31955,1.40,1.50
2011.01.06 03:08:46.385,1.31921,1.31955,1.40,1.50
2011.01.06 03:08:46.834,1.31923,1.31955,2.22,1.50
2011.01.06 03:08:47.817,1.31923,1.31955,2.15,1.50
2011.01.06 03:08:48.737,1.31922,1.31955,2.22,1.50
2011.01.06 03:08:49.145,1.31922,1.31955,2.15,1.50
2011.01.06 03:08:49.593,1.3192,1.31958,2.90,2.25
2011.01.06 03:08:50.237,1.3192,1.31958,2.97,2.25
2011.01.06 03:08:50.782,1.3192,1.31958,2.97,2.63
2011.01.06 03:08:51.728,1.3192,1.31958,2.97,2.63
2011.01.06 03:08:52.660,1.3192,1.31958,2.90,2.63
2011.01.06 03:08:52.977,1.3192,1.31958,1.40,2.63
2011.01.06 03:08:53.313,1.3192,1.31955,1.40,1.50
2011.01.06 03:08:53.875,1.3192,1.31955,2.90,1.50
2011.01.06 03:08:54.483,1.3192,1.31955,1.32,1.50
2011.01.06 03:09:00.123,1.3192,1.31955,1.40,1.50
2011.01.06 03:09:00.232,1.3192,1.31955,2.60,1.50
2011.01.06 03:09:00.751,1.3192,1.31955,1.47,1.50
2011.01.06 03:09:01.646,1.3192,1.31955,1.47,1.50
2011.01.06 03:09:01.807,1.3192,1.31955,1.47,1.50
2011.01.06 03:09:03.458,1.3192,1.31955,1.40,1.50
2011.01.06 03:09:04.722,1.31921,1.31955,2.15,1.50
2011.01.06 03:09:06.565,1.31921,1.31955,2.22,1.50
2011.01.06 03:09:07.742,1.31924,1.31959,1.47,1.88
2011.01.06 03:09:08.695,1.31924,1.31959,1.40,1.95
2011.01.06 03:09:10.118,1.31924,1.31959,1.40,1.95
2011.01.06 03:09:11.556,1.31924,1.31959,1.47,1.65
2011.01.06 03:09:16.306,1.31924,1.31957,1.32,1.32
2011.01.06 03:09:16.424,1.31918,1.31955,2.60,1.50
2011.01.06 03:09:16.898,1.31918,1.31953,1.62,1.13
2011.01.06 03:09:17.521,1.31918,1.31953,1.40,1.13
2011.01.06 03:09:18.059,1.31918,1.31953,1.40,1.13
2011.01.06 03:09:19.608,1.31918,1.31953,1.47,1.13
2011.01.06 03:09:21.133,1.31918,1.31953,2.60,1.13
2011.01.06 03:09:21.675,1.31919,1.31955,2.22,1.58
2011.01.06 03:09:21.904,1.31919,1.31953,2.07,1.13
2011.01.06 03:09:22.013,1.31918,1.31953,2.60,1.13
2011.01.06 03:09:22.126,1.31918,1.31953,1.40,1.13
2011.01.06 03:09:24.695,1.31926,1.31958,1.32,2.70
2011.01.06 03:09:24.814,1.31926,1.3196,1.32,1.50
2011.01.06 03:09:25.712,1.31926,1.31958,1.32,1.28
2011.01.06 03:09:26.052,1.31922,1.31957,2.15,1.58
2011.01.06 03:09:26.505,1.31922,1.31954,2.15,1.13
2011.01.06 03:09:28.756,1.31921,1.31954,1.32,2.07
2011.01.06 03:09:28.982,1.31916,1.3195,2.90,1.13
2011.01.06 03:09:30.422,1.31916,1.31947,2.33,1.13
2011.01.06 03:09:30.642,1.31916,1.31947,1.65,1.13
2011.01.06 03:09:31.383,1.31916,1.31947,2.40,1.13
2011.01.06 03:09:31.933,1.31921,1.31953,1.58,1.50
2011.01.06 03:09:32.783,1.31921,1.31953,1.50,1.58
2011.01.06 03:09:33.465,1.31921,1.31953,1.50,1.58
2011.01.06 03:09:34.354,1.3192,1.31953,1.50,1.58
2011.01.06 03:09:35.325,1.3192,1.31953,1.50,1.65
2011.01.06 03:09:37.523,1.3192,1.31953,3.08,1.50
2011.01.06 03:09:38.224,1.31922,1.31953,1.50,1.50
2011.01.06 03:09:38.983,1.31922,1.31953,1.58,1.50
2011.01.06 03:09:39.322,1.31922,1.31956,2.90,1.13
2011.01.06 03:09:40.724,1.31922,1.31956,2.97,1.13
2011.01.06 03:09:42.084,1.31922,1.31956,2.90,1.13
2011.01.06 03:09:42.874,1.31922,1.31956,2.97,1.13
2011.01.06 03:09:42.983,1.31922,1.31957,2.82,1.50
2011.01.06 03:09:43.095,1.31922,1.31956,1.32,1.13
2011.01.06 03:09:43.469,1.31922,1.31953,1.32,1.69
2011.01.06 03:09:43.879,1.31917,1.31949,2.97,1.13
2011.01.06 03:09:44.325,1.31917,1.31949,2.97,1.50
2011.01.06 03:09:44.557,1.31911,1.31946,2.15,1.13
2011.01.06 03:09:45.104,1.31911,1.31942,1.47,1.13
2011.01.06 03:09:45.456,1.31913,1.3195,2.67,1.88
2011.01.06 03:09:45.968,1.31917,1.3195,2.90,1.88
2011.01.06 03:09:46.778,1.31917,1.3195,2.97,1.88
2011.01.06 03:09:47.498,1.31917,1.3195,6.50,1.88
2011.01.06 03:09:47.832,1.31917,1.3195,2.60,1.88
2011.01.06 03:09:48.282,1.31917,1.3195,2.60,1.88
2011.01.06 03:09:49.035,1.31917,1.3195,2.60,1.88
2011.01.06 03:09:53.792,1.31917,1.3195,2.79,1.88
2011.01.06 03:09:54.364,1.3192,1.3195,2.03,1.50
2011.01.06 03:09:54.478,1.31921,1.31953,2.82,1.13
2011.01.06 03:09:54.597,1.31921,1.31953,1.40,1.13
2011.01.06 03:09:55.280,1.31921,1.31954,1.40,1.88
2011.01.06 03:09:55.390,1.31917,1.31952,1.40,1.13
2011.01.06 03:09:55.724,1.31917,1.31952,2.60,1.13
2011.01.06 03:09:56.384,1.31917,1.31949,1.47,1.50
2011.01.06 03:09:56.510,1.31917,1.31948,1.40,1.13
2011.01.06 03:09:56.627,1.31917,1.31948,2.60,1.13
2011.01.06 03:09:56.744,1.31917,1.31948,1.62,1.13
2011.01.06 03:09:57.634,1.31917,1.31948,1.47,1.13
2011.01.06 03:09:58.214,1.31917,1.31948,1.47,1.13
2011.01.06 03:09:58.795,1.31917,1.31948,1.40,1.13
2011.01.06 03:10:00.778,1.31908,1.31944,2.60,1.69
2011.01.06 03:10:00.897,1.31908,1.31944,1.32,1.38
2011.01.06 03:10:01.124,1.31904,1.31939,1.40,1.13
2011.01.06 03:10:02.465,1.31904,1.31939,1.47,1.13
2011.01.06 03:10:02.934,1.31904,1.31939,1.47,1.13
2011.01.06 03:10:03.483,1.31904,1.31939,2.60,1.13
2011.01.06 03:10:04.014,1.31904,1.31939,1.47,1.13
2011.01.06 03:10:04.233,1.31905,1.31939,1.40,1.20
2011.01.06 03:10:04.453,1.31908,1.31939,1.65,1.13
2011.01.06 03:10:05.036,1.31908,1.31941,1.65,1.88
2011.01.06 03:10:06.651,1.31908,1.31941,1.58,1.88
2011.01.06 03:10:06.874,1.31908,1.31939,1.58,1.13
2011.01.06 03:10:07.736,1.31905,1.31939,2.22,1.13
2011.01.06 03:10:10.722,1.31905,1.31939,4.47,1.13
2011.01.06 03:10:11.525,1.31906,1.31939,2.22,1.13
2011.01.06 03:10:12.185,1.31908,1.31942,1.40,1.50
2011.01.06 03:10:12.606,1.31908,1.31942,1.62,1.50
2011.01.06 03:10:13.643,1.31908,1.31942,2.79,1.50
2011.01.06 03:10:14.236,1.3191,1.31942,4.47,1.13
2011.01.06 03:10:14.748,1.31912,1.31946,1.40,1.77
2011.01.06 03:10:15.243,1.31912,1.31946,1.40,1.77
2011.01.06 03:10:16.224,1.31912,1.31946,1.47,1.84
2011.01.06 03:10:18.215,1.31914,1.31948,1.40,1.95
2011.01.06 03:10:18.324,1.31916,1.31948,1.58,1.50
2011.01.06 03:10:18.436,1.31917,1.31951,1.40,1.95
2011.01.06 03:10:18.556,1.31917,1.3195,1.32,1.28
2011.01.06 03:10:19.125,1.3192,1.31954,1.32,2.40
2011.01.06 03:10:19.243,1.3192,1.31953,1.32,1.09
2011.01.06 03:10:19.682,1.31916,1.31951,1.32,1.02
2011.01.06 03:10:20.480,1.31916,1.31951,1.32,1.20
2011.01.06 03:10:20.815,1.31916,1.31951,1.32,1.28
2011.01.06 03:10:21.397,1.31916,1.31951,1.32,1.28
2011.01.06 03:10:22.173,1.31916,1.31951,1.32,2.59
2011.01.06 03:10:22.393,1.31916,1.31949,1.32,1.02
2011.01.06 03:10:22.847,1.31914,1.31947,1.32,2.52
2011.01.06 03:10:23.405,1.31914,1.31947,1.32,3.45
2011.01.06 03:10:24.322,1.31914,1.31947,1.32,1.47
2011.01.06 03:10:27.313,1.31914,1.31947,1.32,4.58
2011.01.06 03:10:28.214,1.31914,1.31947,1.32,1.28
2011.01.06 03:10:28.338,1.31914,1.31949,1.32,2.40
2011.01.06 03:10:28.564,1.31914,1.31947,1.32,1.20
2011.01.06 03:10:29.239,1.31914,1.31947,1.32,1.20
2011.01.06 03:10:29.764,1.31914,1.31947,1.40,2.52
2011.01.06 03:10:30.202,1.31911,1.31943,1.47,1.13
2011.01.06 03:10:40.473,1.31911,1.31943,1.47,1.13
2011.01.06 03:10:40.582,1.31911,1.31945,1.47,1.50
2011.01.06 03:10:41.152,1.31911,1.31945,1.40,1.50
2011.01.06 03:10:41.829,1.31911,1.31945,2.60,1.50
2011.01.06 03:10:42.903,1.31911,1.31945,1.40,1.50
2011.01.06 03:10:43.774,1.31911,1.31945,2.60,1.50
2011.01.06 03:10:44.753,1.31911,1.31945,1.47,1.50
2011.01.06 03:10:45.832,1.31911,1.31945,1.47,1.50
2011.01.06 03:10:47.752,1.31911,1.31944,1.47,1.13
2011.01.06 03:10:49.693,1.31911,1.31944,1.47,1.13
2011.01.06 03:10:50.489,1.31911,1.31944,3.69,1.13
2011.01.06 03:10:50.954,1.31911,1.31944,1.85,1.13
2011.01.06 03:10:52.363,1.31911,1.31944,2.00,1.13
2011.01.06 03:10:52.902,1.31911,1.31944,1.85,1.13
2011.01.06 03:10:53.013,1.31911,1.31944,1.47,1.32
2011.01.06 03:10:53.122,1.31911,1.31943,1.47,1.32
2011.01.06 03:10:56.288,1.31911,1.31943,1.40,1.32
2011.01.06 03:10:56.962,1.31911,1.31943,1.40,1.32
2011.01.06 03:10:57.758,1.31911,1.31943,2.90,1.13
2011.01.06 03:11:02.875,1.31912,1.31943,2.15,1.13
2011.01.06 03:11:03.475,1.31912,1.31943,2.15,1.13
2011.01.06 03:11:04.077,1.31912,1.31945,2.15,1.50
2011.01.06 03:11:04.463,1.31912,1.31945,2.22,1.50
2011.01.06 03:11:05.329,1.31912,1.31945,2.37,1.50
2011.01.06 03:11:05.874,1.31912,1.31945,2.22,1.50
2011.01.06 03:11:06.206,1.31912,1.31945,4.47,1.50
2011.01.06 03:11:06.326,1.31911,1.31945,1.47,1.50
2011.01.06 03:11:08.642,1.31911,1.31945,1.47,1.50
2011.01.06 03:11:09.613,1.31911,1.31945,2.75,1.50
2011.01.06 03:11:09.723,1.31912,1.31945,2.37,1.50
2011.01.06 03:11:10.954,1.31912,1.31945,4.47,1.50
2011.01.06 03:11:11.343,1.31918,1.31952,1.47,1.50
2011.01.06 03:11:11.674,1.31918,1.31954,1.47,1.13
2011.01.06 03:11:12.869,1.31918,1.31954,1.40,1.13
2011.01.06 03:11:13.145,1.31918,1.31954,1.47,1.13
2011.01.06 03:11:14.024,1.31918,1.31954,1.47,1.13
2011.01.06 03:11:14.335,1.31918,1.31954,1.47,1.20
2011.01.06 03:11:14.456,1.31918,1.31954,1.32,1.28
2011.01.06 03:11:15.049,1.31917,1.31952,1.47,1.13
2011.01.06 03:11:15.627,1.31917,1.31952,1.47,1.13
2011.01.06 03:11:16.769,1.31917,1.31952,1.47,1.13
2011.01.06 03:11:17.504,1.31917,1.31952,1.47,1.13
2011.01.06 03:11:18.562,1.31917,1.31952,2.60,1.13
2011.01.06 03:11:19.225,1.31917,1.31952,1.40,1.13
2011.01.06 03:11:19.493,1.31917,1.31951,1.32,1.84
2011.01.06 03:11:19.932,1.31914,1.31948,1.40,1.32
2011.01.06 03:11:21.756,1.31914,1.31949,1.47,1.84
2011.01.06 03:11:21.872,1.31914,1.31949,1.40,1.77
2011.01.06 03:11:22.323,1.31914,1.31949,1.47,1.69
2011.01.06 03:11:22.892,1.31918,1.31951,1.40,1.77
2011.01.06 03:11:25.582,1.31918,1.31952,1.40,2.44
2011.01.06 03:11:25.705,1.31921,1.31956,1.32,2.25
2011.01.06 03:11:25.825,1.31921,1.31956,1.32,4.65
2011.01.06 03:11:26.394,1.31918,1.31952,1.40,1.69
2011.01.06 03:11:26.509,1.31922,1.31952,1.95,1.50
2011.01.06 03:11:26.630,1.31927,1.31962,1.32,2.89
2011.01.06 03:11:27.057,1.31923,1.31961,1.32,1.80
2011.01.06 03:11:29.623,1.31923,1.31959,1.32,4.65
2011.01.06 03:11:30.422,1.31923,1.31959,1.32,2.55
2011.01.06 03:11:30.752,1.31923,1.31959,1.32,2.40
2011.01.06 03:11:31.444,1.31912,1.31944,1.88,1.50
2011.01.06 03:11:31.557,1.31907,1.31944,1.40,1.50
2011.01.06 03:11:32.043,1.31906,1.3194,1.40,1.50
2011.01.06 03:11:32.655,1.31906,1.3194,1.47,1.50
2011.01.06 03:11:32.998,1.319,1.31937,1.47,1.50
2011.01.06 03:11:33.117,1.31897,1.31936,2.15,1.58
2011.01.06 03:11:33.483,1.31891,1.31923,4.84,1.50
2011.01.06 03:11:33.602,1.31893,1.31923,1.88,1.50
2011.01.06 03:11:33.715,1.31889,1.31923,1.32,1.50
2011.01.06 03:11:33.835,1.31885,1.31923,2.60,1.50
2011.01.06 03:11:34.409,1.31889,1.31924,1.02,1.50
2011.01.06 03:11:35.719,1.31893,1.31924,1.20,1.50
2011.01.06 03:11:36.053,1.31894,1.31927,1.40,1.50
2011.01.06 03:11:36.274,1.31894,1.31929,1.40,1.50
2011.01.06 03:11:36.492,1.31893,1.31929,2.52,1.50
2011.01.06 03:11:37.070,1.31893,1.31929,2.60,1.50
2011.01.06 03:11:37.543,1.31893,1.31927,1.40,1.69
2011.01.06 03:11:37.763,1.31894,1.31928,1.85,1.50
2011.01.06 03:11:38.310,1.31897,1.31929,4.65,1.50
2011.01.06 03:11:38.431,1.31904,1.31941,1.40,1.69
2011.01.06 03:11:38.655,1.31904,1.31942,1.47,1.69
2011.01.06 03:11:39.310,1.31904,1.3194,1.32,1.02
2011.01.06 03:11:39.432,1.31898,1.31935,1.47,1.65
2011.01.06 03:11:39.657,1.31898,1.3193,1.47,1.50
2011.01.06 03:11:40.193,1.31896,1.3193,1.47,1.50
2011.01.06 03:11:40.633,1.31897,1.3193,2.15,1.50
2011.01.06 03:11:41.624,1.31898,1.3193,2.07,1.58
2011.01.06 03:11:42.557,1.31898,1.3193,2.07,1.58
2011.01.06 03:11:43.541,1.31907,1.31939,2.25,1.50
2011.01.06 03:11:43.656,1.31908,1.31941,1.40,1.50
2011.01.06 03:11:43.887,1.31907,1.31941,1.32,1.58
2011.01.06 03:11:44.117,1.31906,1.31941,1.13,2.33
2011.01.06 03:11:44.565,1.31904,1.31937,1.02,1.50
2011.01.06 03:11:45.153,1.31904,1.31937,1.02,1.50
2011.01.06 03:11:45.373,1.31904,1.31937,6.00,1.50
2011.01.06 03:11:45.595,1.31908,1.31941,1.32,1.50
2011.01.06 03:11:49.969,1.31908,1.31941,2.82,1.58
2011.01.06 03:11:50.525,1.31908,1.31941,1.40,1.58
2011.01.06 03:11:51.732,1.31908,1.31938,1.32,1.09
2011.01.06 03:11:51.955,1.31906,1.31941,1.32,1.65
2011.01.06 03:11:52.184,1.31907,1.31941,1.32,1.58
2011.01.06 03:11:53.183,1.31906,1.31941,3.57,1.58
2011.01.06 03:11:53.405,1.31908,1.31941,1.02,1.58
2011.01.06 03:11:53.853,1.31908,1.31941,6.07,1.50
2011.01.06 03:11:54.073,1.31912,1.31943,1.32,1.02
2011.01.06 03:11:54.773,1.31911,1.31946,1.40,1.58
2011.01.06 03:11:57.045,1.31911,1.31946,1.40,1.65
2011.01.06 03:11:57.272,1.31912,1.31946,1.02,1.58
2011.01.06 03:11:57.962,1.31912,1.31946,1.32,1.65
2011.01.06 03:11:58.183,1.31916,1.31946,1.13,1.65
2011.01.06 03:11:58.923,1.31917,1.31953,1.02,1.50
2011.01.06 03:11:59.039,1.31917,1.31953,1.32,1.50
2011.01.06 03:11:59.782,1.31917,1.31953,1.32,1.50
2011.01.06 03:12:00.171,1.31916,1.31953,3.20,1.50
2011.01.06 03:12:00.284,1.31917,1.31952,1.02,1.77
2011.01.06 03:12:00.861,1.31916,1.31948,1.02,1.69
2011.01.06 03:12:01.330,1.31916,1.31948,2.10,1.50
2011.01.06 03:12:01.795,1.31919,1.31948,1.05,1.50
2011.01.06 03:12:02.348,1.31919,1.31954,1.40,1.50
2011.01.06 03:12:02.793,1.31919,1.31952,1.32,1.50
2011.01.06 03:12:02.904,1.31916,1.31949,2.52,1.50
2011.01.06 03:12:03.521,1.31913,1.31945,1.02,1.50
2011.01.06 03:12:04.073,1.31912,1.31945,1.10,1.50
2011.01.06 03:12:04.599,1.31912,1.31945,1.10,1.50
2011.01.06 03:12:07.702,1.31911,1.31948,2.45,2.25
2011.01.06 03:12:08.454,1.31911,1.31948,2.45,2.25
2011.01.06 03:12:10.237,1.31913,1.31948,1.70,2.25
2011.01.06 03:12:10.576,1.31918,1.31951,2.33,1.50
2011.01.06 03:12:11.224,1.31917,1.31951,1.02,1.58
2011.01.06 03:12:11.443,1.31916,1.3195,1.70,1.50
2011.01.06 03:12:11.554,1.31916,1.31951,1.70,1.50
2011.01.06 03:12:12.508,1.31917,1.31951,1.02,1.50
2011.01.06 03:12:15.278,1.31917,1.31951,1.02,1.50
2011.01.06 03:12:16.013,1.31917,1.31951,1.10,1.50
2011.01.06 03:12:16.344,1.31922,1.31952,1.02,1.50
2011.01.06 03:12:16.453,1.31921,1.31954,1.02,1.50
2011.01.06 03:12:16.907,1.31923,1.31956,1.62,1.50
2011.01.06 03:12:17.147,1.31917,1.31949,1.40,1.69
2011.01.06 03:12:17.267,1.31917,1.31948,1.32,1.02
2011.01.06 03:12:17.729,1.31915,1.31949,1.02,1.02
2011.01.06 03:12:17.852,1.31917,1.31951,1.40,1.69
2011.01.06 03:12:19.055,1.31921,1.31955,2.25,1.50
2011.01.06 03:12:19.603,1.31921,1.31955,2.25,1.58
2011.01.06 03:12:19.822,1.31921,1.31955,1.02,1.58
2011.01.06 03:12:20.297,1.31916,1.31953,1.40,2.40
2011.01.06 03:12:20.941,1.31917,1.3195,1.32,1.65
2011.01.06 03:12:22.529,1.3192,1.31954,1.40,1.58
2011.01.06 03:12:22.651,1.31919,1.31954,1.70,1.58
2011.01.06 03:12:23.673,1.31919,1.31953,1.70,1.58
2011.01.06 03:12:24.002,1.31916,1.3195,1.02,1.58
2011.01.06 03:12:24.563,1.31917,1.3195,1.02,1.58
2011.01.06 03:12:25.468,1.31915,1.3195,2.07,1.80
2011.01.06 03:12:26.235,1.3191,1.31947,1.02,2.52
2011.01.06 03:12:26.574,1.3191,1.31942,1.10,1.50
2011.01.06 03:12:30.774,1.31908,1.31942,3.35,1.50
2011.01.06 03:12:31.105,1.31913,1.31949,1.70,1.58
2011.01.06 03:12:31.883,1.31917,1.31949,1.70,1.65
2011.01.06 03:12:32.103,1.31918,1.31954,1.02,1.58
2011.01.06 03:12:32.653,1.31918,1.31954,1.02,1.58
2011.01.06 03:12:33.174,1.31918,1.31954,1.10,1.65
2011.01.06 03:12:33.971,1.31919,1.31958,1.20,2.70
2011.01.06 03:12:34.097,1.31929,1.31961,2.25,2.63
2011.01.06 03:12:34.664,1.31929,1.31966,2.43,1.02
2011.01.06 03:12:34.780,1.31932,1.31966,1.77,1.77
2011.01.06 03:12:35.007,1.31931,1.31962,1.32,1.02
2011.01.06 03:12:35.233,1.31926,1.31961,1.32,1.84
2011.01.06 03:12:36.423,1.31926,1.3196,1.32,1.09
2011.01.06 03:12:36.644,1.31926,1.3196,1.40,1.02
2011.01.06 03:12:36.864,1.31927,1.31961,1.40,1.58
2011.01.06 03:12:37.419,1.31927,1.31961,1.02,1.58
2011.01.06 03:12:37.863,1.31926,1.3196,1.70,1.02
2011.01.06 03:12:38.740,1.31926,1.3196,1.70,1.77
2011.01.06 03:12:40.355,1.31926,1.3196,1.70,4.09
2011.01.06 03:12:40.992,1.31926,1.31958,1.70,1.38
2011.01.06 03:12:41.946,1.3192,1.31958,1.70,3.25
2011.01.06 03:12:42.675,1.3192,1.31958,1.70,3.25
2011.01.06 03:12:44.827,1.3192,1.31956,1.70,1.05
2011.01.06 03:12:45.323,1.31922,1.31958,1.32,3.25
2011.01.06 03:12:45.926,1.31922,1.31956,1.32,1.05
2011.01.06 03:12:46.263,1.3192,1.31953,1.70,2.78
2011.01.06 03:12:46.926,1.3192,1.31953,1.70,1.58
2011.01.06 03:12:47.284,1.3192,1.31953,1.70,1.65
2011.01.06 03:12:47.400,1.3192,1.31953,1.70,1.58
2011.01.06 03:12:48.267,1.3192,1.31942,1.70,2.25
2011.01.06 03:12:48.388,1.31899,1.31934,1.32,1.50
2011.01.06 03:12:48.495,1.31898,1.31937,1.32,1.50
2011.01.06 03:12:49.061,1.31898,1.31937,3.65,1.50
2011.01.06 03:12:49.180,1.31897,1.31932,1.77,2.25
2011.01.06 03:12:49.513,1.31895,1.31929,1.47,1.50
2011.01.06 03:12:50.058,1.31899,1.31936,1.13,1.50
2011.01.06 03:12:50.177,1.31903,1.31936,1.13,1.50
2011.01.06 03:12:50.294,1.31906,1.31936,1.13,1.50
2011.01.06 03:12:50.405,1.31906,1.3194,1.70,1.58
2011.01.06 03:12:51.211,1.31904,1.3194,1.32,1.50
2011.01.06 03:12:51.329,1.31905,1.3194,1.10,1.50
2011.01.06 03:12:51.772,1.31905,1.3194,1.40,1.50
2011.01.06 03:12:52.353,1.31905,1.31939,1.32,1.32
2011.01.06 03:12:52.766,1.31903,1.31939,1.32,1.13
2011.01.06 03:12:52.890,1.31905,1.3194,1.10,2.25
2011.01.06 03:12:53.644,1.31903,1.3194,2.07,2.40
2011.01.06 03:12:53.972,1.31903,1.31936,1.70,1.09
2011.01.06 03:12:56.511,1.31901,1.31935,1.70,1.65
2011.01.06 03:12:56.614,1.31896,1.31934,2.45,1.58
2011.01.06 03:12:56.723,1.31898,1.31934,1.02,2.33
2011.01.06 03:12:56.832,1.31897,1.31932,1.02,1.50
2011.01.06 03:12:56.943,1.31897,1.31932,1.02,1.58
2011.01.06 03:12:57.492,1.31897,1.31932,1.10,1.50
2011.01.06 03:12:58.207,1.31896,1.31932,1.10,1.65
2011.01.06 03:12:58.543,1.31897,1.31932,1.10,1.50
2011.01.06 03:12:59.205,1.31897,1.31932,1.95,1.50
2011.01.06 03:12:59.642,1.31902,1.31934,1.02,2.25
2011.01.06 03:13:00.405,1.31902,1.31934,1.02,2.25
2011.01.06 03:13:01.467,1.31902,1.31934,1.40,1.50
2011.01.06 03:13:02.009,1.31904,1.31938,1.02,1.58
2011.01.06 03:13:06.692,1.31905,1.31938,1.02,1.58
2011.01.06 03:13:07.422,1.31905,1.31938,1.02,1.58
2011.01.06 03:13:10.091,1.31903,1.31938,1.70,1.65
2011.01.06 03:13:10.658,1.31905,1.31938,1.02,1.58
2011.01.06 03:13:11.177,1.31905,1.31938,1.02,1.58
2011.01.06 03:13:12.097,1.31905,1.31938,1.02,1.58
2011.01.06 03:13:12.794,1.31905,1.31938,1.02,1.58
2011.01.06 03:13:13.415,1.31905,1.31938,1.02,1.58
2011.01.06 03:13:14.423,1.31905,1.31938,1.02,1.58
2011.01.06 03:13:15.437,1.31905,1.31938,1.95,1.50
2011.01.06 03:13:16.084,1.31905,1.31938,1.10,1.50
2011.01.06 03:13:16.795,1.31905,1.31938,1.95,1.50
2011.01.06 03:13:17.664,1.31905,1.31938,1.95,1.50
2011.01.06 03:13:18.102,1.31905,1.31938,1.10,1.50
2011.01.06 03:13:18.722,1.31905,1.31938,1.02,1.50
2011.01.06 03:13:20.081,1.31903,1.31938,1.40,1.50
2011.01.06 03:13:20.196,1.31903,1.31936,1.10,1.50
2011.01.06 03:13:20.772,1.319,1.31934,1.02,1.58
2011.01.06 03:13:21.340,1.31901,1.31934,1.47,1.50
2011.01.06 03:13:21.459,1.31904,1.31937,1.10,1.50
2011.01.06 03:13:21.686,1.31904,1.31937,1.02,1.58
2011.01.06 03:13:22.800,1.31904,1.31937,1.02,1.50
2011.01.06 03:13:23.350,1.31904,1.31937,1.02,1.58
2011.01.06 03:13:23.934,1.31904,1.31937,1.10,1.65
2011.01.06 03:13:25.161,1.31904,1.31937,1.10,1.65
2011.01.06 03:13:25.585,1.31903,1.31937,1.40,1.50
2011.01.06 03:13:26.087,1.319,1.31933,1.02,1.50
2011.01.06 03:13:26.754,1.319,1.31933,1.02,1.58
2011.01.06 03:13:27.284,1.319,1.31933,2.71,1.50
2011.01.06 03:13:27.687,1.31901,1.31933,1.77,1.50
2011.01.06 03:13:28.794,1.31902,1.31933,1.47,1.50
2011.01.06 03:13:30.094,1.31901,1.31933,1.28,1.50
2011.01.06 03:13:31.686,1.31896,1.31929,3.50,1.50
2011.01.06 03:13:33.160,1.31896,1.31929,1.29,1.50
2011.01.06 03:13:33.389,1.31896,1.31929,1.77,1.50
2011.01.06 03:13:33.617,1.31902,1.31929,1.13,1.50
2011.01.06 03:13:33.737,1.31899,1.31933,1.40,1.50
2011.01.06 03:13:34.265,1.31901,1.31935,1.40,1.50
2011.01.06 03:13:34.835,1.31903,1.31935,1.32,1.50
2011.01.06 03:13:34.957,1.31901,1.31935,1.13,1.50
2011.01.06 03:13:35.420,1.31896,1.31931,1.70,1.50
2011.01.06 03:13:35.536,1.31896,1.31931,1.13,1.50
2011.01.06 03:13:35.770,1.31892,1.31929,1.40,1.50
2011.01.06 03:13:36.337,1.31892,1.31929,1.40,1.50
2011.01.06 03:13:36.458,1.31892,1.31929,1.47,2.25
2011.01.06 03:13:36.799,1.31894,1.31929,2.25,1.50
2011.01.06 03:13:37.456,1.31894,1.31929,2.25,1.50
2011.01.06 03:13:39.052,1.31894,1.31929,1.62,1.50
2011.01.06 03:13:40.402,1.31894,1.31927,1.02,2.44
2011.01.06 03:13:40.520,1.31892,1.31924,1.40,1.73
2011.01.06 03:13:40.632,1.31892,1.31928,1.40,1.50
2011.01.06 03:13:41.195,1.31889,1.31924,1.10,1.50
2011.01.06 03:13:41.786,1.31889,1.31924,1.95,1.50
2011.01.06 03:13:42.122,1.31889,1.31924,2.13,1.50
2011.01.06 03:13:42.711,1.31889,1.31923,1.95,1.50
2011.01.06 03:13:42.830,1.31889,1.31923,1.02,1.69
2011.01.06 03:13:43.366,1.31889,1.31923,1.10,1.69
2011.01.06 03:13:44.542,1.31889,1.31924,2.32,1.50
2011.01.06 03:13:45.623,1.31889,1.31922,1.10,1.50
2011.01.06 03:13:48.611,1.31889,1.31922,1.02,1.58
2011.01.06 03:13:49.131,1.31889,1.31924,1.02,1.58
2011.01.06 03:13:49.351,1.31889,1.31924,1.10,1.50
2011.01.06 03:13:49.998,1.31889,1.31924,1.47,1.50
2011.01.06 03:13:50.602,1.31889,1.31924,2.88,1.50
2011.01.06 03:13:50.931,1.31889,1.31924,2.88,1.50
2011.01.06 03:13:51.517,1.31889,1.31924,2.88,1.50
2011.01.06 03:13:52.421,1.31889,1.31924,2.88,1.50
2011.01.06 03:13:52.936,1.31889,1.31924,2.88,1.50
2011.01.06 03:13:54.722,1.31889,1.31924,2.88,1.50
2011.01.06 03:13:55.523,1.31889,1.31924,1.55,1.50
2011.01.06 03:13:57.223,1.31889,1.31924,2.88,1.50
2011.01.06 03:13:58.545,1.31889,1.31924,2.88,1.50
2011.01.06 03:13:58.662,1.3189,1.31924,1.02,1.50
2011.01.06 03:14:01.513,1.31889,1.31924,2.88,1.50
2011.01.06 03:14:01.955,1.31889,1.31924,1.47,1.50
2011.01.06 03:14:03.902,1.31889,1.31924,1.02,1.58
2011.01.06 03:14:04.540,1.31889,1.31924,1.02,1.58
2011.01.06 03:14:05.745,1.31889,1.31924,1.10,1.65
2011.01.06 03:14:06.946,1.31889,1.31922,1.10,1.65
2011.01.06 03:14:07.173,1.31885,1.31919,1.25,1.50
2011.01.06 03:14:07.948,1.31885,1.31919,2.10,1.50
2011.01.06 03:14:08.070,1.31886,1.31919,2.18,1.50
2011.01.06 03:14:09.752,1.31886,1.31919,4.28,1.50
2011.01.06 03:14:09.865,1.31886,1.31919,2.18,1.50
2011.01.06 03:14:10.094,1.31888,1.31919,1.47,1.50
2011.01.06 03:14:10.657,1.31891,1.31923,1.02,1.50
2011.01.06 03:14:14.262,1.31891,1.31923,1.10,1.50
2011.01.06 03:14:14.483,1.31891,1.31923,1.32,1.65
2011.01.06 03:14:14.594,1.31889,1.31923,1.70,1.65
2011.01.06 03:14:15.293,1.31889,1.31923,1.70,1.58
2011.01.06 03:14:19.633,1.31889,1.31923,1.70,2.78
2011.01.06 03:14:19.855,1.31889,1.31923,1.40,2.33
2011.01.06 03:14:20.341,1.31882,1.31915,2.03,1.50
2011.01.06 03:14:20.564,1.31886,1.31921,1.02,1.50
2011.01.06 03:14:21.327,1.31886,1.31921,1.02,1.50
2011.01.06 03:14:21.552,1.31886,1.31921,1.02,1.58
2011.01.06 03:14:21.772,1.31886,1.31921,2.43,1.50
2011.01.06 03:14:22.483,1.31886,1.31921,2.25,1.50
2011.01.06 03:14:22.966,1.31886,1.31921,1.02,1.58
2011.01.06 03:14:23.088,1.31886,1.31921,2.25,1.50
2011.01.06 03:14:23.312,1.31886,1.31921,2.52,1.58
2011.01.06 03:14:23.644,1.3189,1.31921,2.07,1.50
2011.01.06 03:14:24.182,1.3189,1.31923,2.25,1.50
2011.01.06 03:14:24.515,1.31889,1.31921,1.28,1.50
2011.01.06 03:14:24.635,1.31889,1.31921,1.39,1.50
2011.01.06 03:14:25.301,1.31891,1.31924,1.10,1.50
2011.01.06 03:14:25.538,1.31892,1.31927,1.05,1.50
2011.01.06 03:14:26.109,1.31894,1.31927,1.10,1.50
2011.01.06 03:14:26.713,1.31894,1.31927,1.02,1.50
2011.01.06 03:14:27.246,1.31894,1.31927,1.10,1.50
2011.01.06 03:14:27.674,1.31894,1.31927,1.02,1.50
2011.01.06 03:14:28.318,1.31895,1.31927,1.95,1.50
2011.01.06 03:14:29.098,1.31894,1.31927,1.02,1.50
2011.01.06 03:14:29.624,1.31894,1.31927,1.02,1.50
2011.01.06 03:14:30.718,1.31894,1.31927,1.02,1.50
2011.01.06 03:14:31.762,1.31894,1.31927,1.02,1.50
2011.01.06 03:14:32.337,1.31893,1.31925,1.32,2.74
2011.01.06 03:14:32.564,1.31887,1.31922,1.77,1.58
2011.01.06 03:14:33.378,1.31887,1.31922,1.85,1.50
2011.01.06 03:14:33.603,1.31888,1.31923,2.45,1.50
2011.01.06 03:14:33.933,1.31892,1.31925,1.02,1.58
2011.01.06 03:14:34.042,1.31892,1.31926,1.02,1.58
2011.01.06 03:14:34.995,1.31891,1.31926,3.27,1.58
2011.01.06 03:14:35.647,1.31892,1.31926,1.02,1.58
2011.01.06 03:14:43.934,1.31892,1.31926,1.95,1.50
2011.01.06 03:14:44.439,1.31897,1.31932,1.02,3.45
2011.01.06 03:14:44.955,1.31897,1.31932,1.02,1.50
2011.01.06 03:14:48.031,1.31897,1.3193,1.02,1.50
2011.01.06 03:14:48.145,1.31897,1.3193,1.02,1.58
2011.01.06 03:14:49.008,1.31895,1.3193,1.77,1.58
2011.01.06 03:14:51.261,1.31897,1.3193,1.02,1.58
2011.01.06 03:14:51.623,1.31895,1.3193,1.85,1.65
2011.01.06 03:14:51.735,1.31895,1.31928,1.85,1.32
2011.01.06 03:14:52.210,1.3189,1.31924,1.70,2.33
2011.01.06 03:14:53.875,1.31891,1.31924,1.02,2.33
2011.01.06 03:14:53.983,1.3189,1.31924,1.70,2.40
2011.01.06 03:14:54.094,1.31888,1.3192,1.02,1.58
2011.01.06 03:14:54.204,1.31888,1.3192,1.10,1.50
2011.01.06 03:14:55.754,1.31888,1.3192,1.10,1.50
2011.01.06 03:14:55.875,1.31888,1.3192,1.95,1.50
2011.01.06 03:14:56.245,1.31891,1.31925,1.02,1.50
2011.01.06 03:14:56.788,1.31891,1.31925,1.25,1.50
2011.01.06 03:14:57.732,1.31891,1.31925,1.10,1.50
2011.01.06 03:14:57.844,1.31891,1.31925,1.10,1.50
2011.01.06 03:14:57.952,1.31891,1.31925,1.25,1.50
2011.01.06 03:14:58.393,1.31891,1.31925,1.10,1.50
2011.01.06 03:14:58.502,1.31891,1.31925,2.10,1.50
2011.01.06 03:14:59.811,1.31894,1.31926,1.10,1.50
2011.01.06 03:14:59.928,1.31894,1.31927,1.40,1.50
2011.01.06 03:15:00.155,1.31894,1.31927,1.02,1.50
2011.01.06 03:15:00.384,1.31893,1.31927,1.28,1.50
2011.01.06 03:15:01.625,1.31891,1.31924,1.47,1.50
2011.01.06 03:15:02.152,1.3189,1.31924,1.47,1.50
2011.01.06 03:15:03.081,1.3189,1.31924,1.02,1.50
2011.01.06 03:15:03.192,1.3189,1.31924,1.10,1.50
2011.01.06 03:15:04.767,1.31886,1.31919,2.88,1.50
2011.01.06 03:15:05.881,1.31886,1.31919,1.02,1.58
2011.01.06 03:15:06.582,1.31886,1.31919,1.02,1.50
2011.01.06 03:15:07.136,1.31886,1.31919,1.02,1.50
2011.01.06 03:15:08.295,1.31883,1.31919,1.65,2.44
2011.01.06 03:15:08.417,1.3188,1.31914,1.25,1.50
2011.01.06 03:15:08.538,1.3188,1.31914,1.21,1.50
2011.01.06 03:15:08.660,1.31881,1.31914,2.18,1.50
2011.01.06 03:15:08.779,1.3188,1.31914,1.10,1.50
2011.01.06 03:15:09.474,1.31882,1.31914,1.95,1.50
2011.01.06 03:15:10.024,1.3188,1.31914,1.02,1.50
2011.01.06 03:15:11.855,1.3188,1.31914,1.02,1.58
2011.01.06 03:15:12.443,1.3188,1.31913,1.10,1.50
2011.01.06 03:15:14.703,1.31877,1.3191,1.10,1.50
2011.01.06 03:15:15.682,1.31877,1.3191,1.02,1.58
2011.01.06 03:15:16.234,1.31877,1.3191,1.02,1.50
2011.01.06 03:15:20.142,1.31877,1.3191,1.02,1.50
2011.01.06 03:15:21.243,1.31877,1.3191,1.02,1.50
2011.01.06 03:15:21.793,1.31877,1.3191,1.02,1.58
2011.01.06 03:15:22.712,1.31877,1.3191,2.60,1.50
2011.01.06 03:15:23.054,1.31874,1.3191,1.28,1.50
2011.01.06 03:15:23.165,1.31872,1.31906,1.10,1.50
2011.01.06 03:15:23.665,1.31872,1.31904,1.02,1.50
2011.01.06 03:15:23.782,1.31868,1.31902,1.95,1.50
2011.01.06 03:15:24.003,1.31871,1.31904,1.02,1.50
2011.01.06 03:15:24.115,1.31872,1.31904,1.02,1.50
2011.01.06 03:15:24.235,1.31872,1.31907,1.02,1.50
2011.01.06 03:15:24.783,1.31875,1.31907,2.45,1.58
2011.01.06 03:15:24.892,1.31875,1.31906,2.07,1.58
2011.01.06 03:15:25.663,1.31874,1.31907,2.15,1.50
2011.01.06 03:15:25.781,1.31874,1.31907,1.70,1.50
2011.01.06 03:15:26.003,1.31872,1.31904,1.02,1.50
2011.01.06 03:15:26.223,1.3187,1.31904,1.70,1.50
2011.01.06 03:15:27.264,1.3187,1.31906,1.70,2.33
2011.01.06 03:15:27.814,1.31872,1.31904,1.10,1.50
2011.01.06 03:15:28.582,1.3187,1.31903,2.82,2.78
2011.01.06 03:15:28.697,1.31862,1.31897,2.45,1.50
2011.01.06 03:15:28.820,1.31863,1.31896,1.88,1.50
2011.01.06 03:15:29.251,1.31868,1.31902,1.32,1.65
2011.01.06 03:15:29.585,1.31868,1.31905,1.32,1.50
2011.01.06 03:15:30.485,1.31873,1.31906,1.40,1.50
2011.01.06 03:15:33.029,1.31874,1.31906,1.10,1.50
2011.01.06 03:15:33.477,1.31873,1.31906,1.32,2.14
2011.01.06 03:15:33.596,1.31871,1.31902,1.32,1.69
2011.01.06 03:15:34.123,1.31866,1.319,1.70,1.50
2011.01.06 03:15:34.238,1.31867,1.31899,1.32,1.47
2011.01.06 03:15:34.574,1.31864,1.31898,1.32,1.32
2011.01.06 03:15:35.244,1.31864,1.31897,1.32,1.09
2011.01.06 03:15:35.794,1.31864,1.31897,1.32,1.77
2011.01.06 03:15:35.913,1.31865,1.319,1.02,1.50
2011.01.06 03:15:36.801,1.31864,1.31901,2.07,1.58
2011.01.06 03:15:37.355,1.31866,1.31901,1.32,1.65
2011.01.06 03:15:38.030,1.31868,1.31902,3.05,1.50
2011.01.06 03:15:38.152,1.31876,1.31913,1.32,1.58
2011.01.06 03:15:38.269,1.31879,1.31915,1.32,1.50
2011.01.06 03:15:38.498,1.31886,1.31921,2.07,1.58
2011.01.06 03:15:38.897,1.31886,1.31922,1.32,2.70
2011.01.06 03:15:39.018,1.3189,1.31924,2.07,1.58
2011.01.06 03:15:39.355,1.3189,1.31925,2.07,1.58
2011.01.06 03:15:40.129,1.31895,1.31932,1.50,7.65
2011.01.06 03:15:40.251,1.319,1.31938,1.32,1.65
2011.01.06 03:15:40.924,1.31903,1.31938,1.70,1.05
2011.01.06 03:15:44.106,1.31903,1.31937,1.32,1.84
2011.01.06 03:15:44.223,1.31903,1.31937,1.32,1.84
2011.01.06 03:15:44.444,1.31903,1.31938,1.32,1.65
2011.01.06 03:15:44.774,1.31904,1.31939,1.32,1.58
2011.01.06 03:15:45.323,1.31906,1.31942,1.70,1.58
2011.01.06 03:15:46.035,1.31906,1.31942,1.70,1.58
2011.01.06 03:15:46.155,1.31906,1.31943,1.70,1.65
2011.01.06 03:15:46.389,1.31911,1.31947,1.32,5.59
2011.01.06 03:15:46.503,1.31911,1.31946,1.70,2.70
2011.01.06 03:15:46.725,1.31911,1.31948,1.70,2.78
2011.01.06 03:15:47.426,1.31909,1.31941,1.32,1.50
2011.01.06 03:15:48.764,1.31909,1.31941,1.32,1.65
2011.01.06 03:15:50.629,1.31909,1.31941,1.32,1.65
2011.01.06 03:15:50.994,1.31909,1.31941,1.32,1.58
2011.01.06 03:15:52.793,1.31909,1.31941,1.32,1.65
2011.01.06 03:15:53.285,1.3191,1.31943,1.40,1.50
2011.01.06 03:15:53.404,1.31911,1.31943,3.05,1.50
2011.01.06 03:15:53.515,1.31914,1.31947,1.32,1.65
2011.01.06 03:15:53.976,1.31913,1.31947,1.70,2.78
2011.01.06 03:15:54.424,1.31913,1.31947,1.70,1.58
2011.01.06 03:15:54.554,1.31913,1.31947,1.70,1.58
2011.01.06 03:15:54.663,1.31913,1.31947,1.70,1.58
2011.01.06 03:15:55.128,1.31908,1.31944,1.32,2.78
2011.01.06 03:15:55.246,1.31907,1.31944,2.15,1.58
2011.01.06 03:15:55.476,1.31907,1.31944,2.15,1.58
2011.01.06 03:15:58.913,1.31908,1.31944,1.10,1.65
2011.01.06 03:15:59.665,1.31909,1.31944,1.02,1.58
2011.01.06 03:16:01.205,1.31909,1.31944,1.10,1.65
2011.01.06 03:16:01.656,1.31912,1.31946,1.32,1.65
2011.01.06 03:16:06.143,1.31912,1.31946,1.40,1.58
2011.01.06 03:16:08.035,1.31912,1.31946,1.40,1.58
2011.01.06 03:16:12.452,1.31912,1.31946,1.40,1.58
2011.01.06 03:16:13.064,1.31912,1.31946,1.47,1.50
2011.01.06 03:16:13.173,1.31912,1.31946,1.77,1.58
2011.01.06 03:16:17.866,1.31912,1.31946,1.85,1.50
2011.01.06 03:16:18.468,1.31912,1.31942,1.47,1.50
2011.01.06 03:16:18.976,1.31912,1.31942,1.47,1.50
2011.01.06 03:16:20.177,1.31912,1.31942,1.40,1.50
2011.01.06 03:16:21.177,1.31912,1.31942,1.40,1.50
2011.01.06 03:16:23.224,1.31912,1.31942,1.40,1.50
2011.01.06 03:16:24.077,1.31915,1.31942,1.32,1.50
2011.01.06 03:16:24.425,1.31915,1.31942,1.32,2.78
2011.01.06 03:16:24.880,1.31908,1.31938,1.40,1.50
2011.01.06 03:16:25.348,1.31906,1.31935,1.02,1.50
2011.01.06 03:16:27.778,1.31903,1.31934,1.40,1.50
2011.01.06 03:16:29.623,1.31903,1.31934,1.40,1.50
2011.01.06 03:16:30.765,1.31903,1.31934,1.40,1.50
2011.01.06 03:16:31.325,1.31905,1.31934,1.02,1.50
2011.01.06 03:16:31.956,1.31907,1.3194,1.40,1.58
2011.01.06 03:16:32.074,1.31909,1.31941,1.40,1.58
2011.01.06 03:16:35.784,1.31909,1.31941,1.47,1.50
2011.01.06 03:16:36.130,1.31913,1.31941,1.70,1.50
2011.01.06 03:16:38.644,1.31911,1.3194,1.77,1.50
2011.01.06 03:16:39.179,1.31912,1.31938,1.02,1.50
2011.01.06 03:16:39.297,1.31909,1.31937,1.02,1.50
2011.01.06 03:16:40.525,1.31909,1.31937,1.02,1.50
2011.01.06 03:16:41.416,1.31909,1.31937,1.10,1.50
2011.01.06 03:16:46.266,1.31909,1.31937,1.10,1.50
2011.01.06 03:16:53.908,1.31909,1.31937,1.02,1.50
2011.01.06 03:16:54.136,1.31909,1.31943,1.40,1.58
2011.01.06 03:16:54.583,1.31909,1.31943,1.77,1.58
2011.01.06 03:17:04.055,1.31916,1.31943,1.32,1.50
2011.01.06 03:17:04.179,1.31919,1.31947,2.07,1.50
2011.01.06 03:17:04.293,1.31919,1.31947,1.70,1.58
2011.01.06 03:17:04.624,1.31915,1.31945,2.45,1.50
2011.01.06 03:17:05.617,1.31915,1.31945,1.32,1.58
2011.01.06 03:17:08.224,1.31915,1.31945,1.32,2.78
2011.01.06 03:17:08.992,1.31915,1.31945,1.32,1.65
2011.01.06 03:17:10.132,1.31915,1.31945,1.32,2.78
2011.01.06 03:17:10.242,1.31915,1.31945,1.32,1.65
2011.01.06 03:17:10.612,1.31915,1.31945,1.32,2.78
2011.01.06 03:17:10.832,1.31912,1.31943,1.32,1.58
2011.01.06 03:17:10.942,1.31912,1.3194,1.32,1.58
2011.01.06 03:17:11.334,1.31912,1.3194,1.32,1.58
2011.01.06 03:17:14.239,1.31912,1.3194,1.32,1.65
2011.01.06 03:17:14.935,1.31912,1.3194,1.32,1.65
2011.01.06 03:17:16.135,1.31912,1.3194,1.32,1.65
2011.01.06 03:17:16.353,1.31912,1.3194,1.32,1.58
2011.01.06 03:17:17.206,1.31912,1.3194,1.32,1.65
2011.01.06 03:17:18.746,1.31912,1.3194,1.32,1.58
2011.01.06 03:17:25.183,1.31912,1.3194,1.32,1.58
2011.01.06 03:17:26.258,1.31912,1.3194,1.32,1.58
2011.01.06 03:17:27.065,1.31912,1.3194,1.32,1.65
2011.01.06 03:17:27.292,1.31912,1.3194,1.32,1.65
2011.01.06 03:17:27.625,1.31912,1.3194,2.48,1.58
2011.01.06 03:17:28.110,1.31907,1.31935,1.13,1.65
2011.01.06 03:17:29.785,1.31906,1.31933,5.22,1.50
2011.01.06 03:17:30.018,1.31911,1.31942,1.02,1.58
2011.01.06 03:17:30.517,1.31916,1.31946,1.70,1.58
2011.01.06 03:17:30.852,1.31921,1.31949,1.32,1.65
2011.01.06 03:17:30.962,1.31921,1.31949,1.32,1.65
2011.01.06 03:17:31.847,1.31921,1.31949,1.32,1.65
2011.01.06 03:17:31.966,1.31921,1.31949,1.32,1.50
2011.01.06 03:17:32.526,1.31921,1.31949,1.70,1.50
2011.01.06 03:17:35.293,1.31916,1.31944,1.02,1.50
2011.01.06 03:17:36.280,1.31914,1.31944,1.77,1.50
2011.01.06 03:17:39.114,1.31909,1.31939,1.77,1.50
2011.01.06 03:17:45.225,1.31909,1.31939,1.32,1.58
2011.01.06 03:17:45.349,1.31905,1.31933,1.32,1.50
2011.01.06 03:17:51.573,1.31905,1.31935,1.32,1.65
2011.01.06 03:17:51.682,1.31908,1.31936,1.32,1.65
2011.01.06 03:17:56.941,1.31908,1.31936,1.32,1.65
2011.01.06 03:17:57.166,1.31908,1.31936,1.32,1.58
2011.01.06 03:17:58.362,1.31908,1.31936,1.32,1.65
2011.01.06 03:17:59.550,1.31908,1.31936,1.32,1.58
2011.01.06 03:18:00.782,1.31908,1.31936,1.40,1.50
2011.01.06 03:18:04.205,1.31908,1.31936,1.32,1.58
2011.01.06 03:18:06.828,1.31908,1.31936,1.32,1.58
2011.01.06 03:18:10.639,1.31908,1.31936,1.32,1.65
2011.01.06 03:18:11.352,1.31907,1.31936,1.32,1.65
2011.01.06 03:18:12.136,1.31905,1.31933,1.32,1.50
2011.01.06 03:18:16.333,1.31918,1.31943,1.32,2.03
2011.01.06 03:18:16.463,1.31927,1.31954,1.32,1.05
2011.01.06 03:18:16.577,1.31926,1.3196,1.32,7.47
2011.01.06 03:18:16.695,1.31926,1.31958,1.32,1.05
2011.01.06 03:18:16.806,1.3192,1.3195,1.40,1.50
2011.01.06 03:18:17.262,1.31916,1.31948,1.32,1.58
2011.01.06 03:18:17.373,1.31916,1.31948,1.32,1.58
2011.01.06 03:18:19.136,1.31916,1.31945,1.32,1.65
2011.01.06 03:18:19.702,1.31916,1.31944,1.32,1.05
2011.01.06 03:18:20.688,1.31916,1.31945,1.32,2.78
2011.01.06 03:18:21.418,1.31916,1.31945,1.32,2.78
2011.01.06 03:18:24.045,1.31916,1.31945,1.32,2.97
2011.01.06 03:18:26.446,1.31916,1.31944,1.32,1.05
2011.01.06 03:18:26.569,1.31916,1.31945,1.32,2.97
2011.01.06 03:18:27.245,1.31913,1.31943,1.32,2.78
2011.01.06 03:18:27.884,1.31913,1.3194,1.32,1.65
2011.01.06 03:18:28.066,1.31913,1.3194,1.32,2.78
2011.01.06 03:18:28.607,1.31913,1.3194,1.32,1.50
2011.01.06 03:18:29.655,1.31908,1.31938,1.40,1.50
2011.01.06 03:18:30.106,1.31908,1.31936,1.40,1.50
2011.01.06 03:18:31.286,1.31908,1.31936,1.40,1.50
2011.01.06 03:18:32.536,1.31908,1.31936,1.40,1.50
2011.01.06 03:18:34.293,1.31909,1.31936,1.66,1.50
2011.01.06 03:18:34.516,1.31909,1.3194,1.40,1.50
2011.01.06 03:18:37.625,1.31912,1.3194,1.80,1.50
2011.01.06 03:18:38.214,1.31912,1.3194,1.80,1.50
2011.01.06 03:18:38.545,1.31915,1.31946,2.74,1.50
2011.01.06 03:18:38.883,1.31915,1.31946,1.40,1.50
2011.01.06 03:18:40.227,1.31914,1.31946,4.06,1.50
2011.01.06 03:18:40.727,1.31915,1.31946,1.40,1.50
2011.01.06 03:18:41.235,1.31915,1.31946,3.87,1.50
2011.01.06 03:18:42.573,1.31915,1.31946,3.05,2.78
2011.01.06 03:18:42.884,1.31914,1.31946,1.32,1.58
2011.01.06 03:18:43.105,1.31914,1.31943,1.32,1.58
2011.01.06 03:18:43.335,1.31911,1.31942,1.32,1.58
2011.01.06 03:18:43.784,1.3191,1.31939,1.32,1.58
2011.01.06 03:18:48.753,1.31911,1.31942,1.32,2.40
2011.01.06 03:18:48.974,1.31911,1.31942,1.32,2.33
2011.01.06 03:18:50.183,1.31911,1.31942,1.32,2.33
2011.01.06 03:18:50.953,1.31911,1.31942,1.32,2.40
2011.01.06 03:18:51.393,1.31911,1.31942,1.32,2.40
2011.01.06 03:18:53.274,1.31911,1.31942,1.32,2.33
2011.01.06 03:18:53.606,1.31911,1.31942,1.32,2.40
2011.01.06 03:18:55.442,1.31911,1.31942,1.32,2.33
2011.01.06 03:18:56.603,1.31911,1.31942,1.40,1.58
2011.01.06 03:18:56.823,1.31914,1.31943,1.32,1.58
2011.01.06 03:18:58.605,1.31914,1.31945,1.32,1.50
2011.01.06 03:18:58.713,1.31919,1.31947,1.32,1.65
2011.01.06 03:19:06.014,1.31919,1.31947,1.32,1.58
2011.01.06 03:19:06.569,1.31917,1.31947,1.32,1.65
2011.01.06 03:19:06.690,1.31915,1.31945,1.32,1.50
2011.01.06 03:19:07.025,1.31918,1.31948,1.32,1.50
2011.01.06 03:19:10.764,1.31922,1.31952,1.32,1.50
2011.01.06 03:19:21.347,1.31922,1.31952,1.32,1.58
2011.01.06 03:19:22.204,1.31922,1.31952,1.32,1.58
2011.01.06 03:19:22.532,1.31925,1.31955,1.32,1.65
2011.01.06 03:19:23.448,1.31925,1.31955,1.32,2.33
2011.01.06 03:19:23.783,1.31922,1.3195,1.32,1.58
2011.01.06 03:19:30.922,1.31922,1.3195,1.32,1.58
2011.01.06 03:19:31.033,1.31922,1.3195,1.32,1.65
2011.01.06 03:19:31.594,1.31922,1.3195,1.32,1.58
2011.01.06 03:19:32.855,1.31922,1.3195,1.32,1.58
2011.01.06 03:19:34.435,1.31922,1.31948,1.32,1.65
2011.01.06 03:19:34.554,1.31917,1.31946,1.32,1.65
2011.01.06 03:19:34.665,1.31917,1.31945,1.32,2.78
2011.01.06 03:19:34.785,1.31913,1.31941,1.32,1.02
2011.01.06 03:19:35.140,1.31913,1.31941,1.32,1.17
2011.01.06 03:19:35.261,1.31904,1.31935,1.32,1.77
2011.01.06 03:19:35.483,1.31904,1.31932,1.32,1.58
2011.01.06 03:19:35.702,1.319,1.31931,1.32,1.58
2011.01.06 03:19:36.268,1.31904,1.31936,1.40,1.77
2011.01.06 03:19:36.715,1.31904,1.31939,1.40,2.82
2011.01.06 03:19:36.825,1.31906,1.3194,1.40,1.77
2011.01.06 03:19:37.296,1.3191,1.3194,1.32,1.77
2011.01.06 03:19:44.063,1.31904,1.31936,1.40,1.77
2011.01.06 03:19:44.284,1.31904,1.31936,1.32,1.84
2011.01.06 03:19:44.505,1.31903,1.31933,1.32,1.50
2011.01.06 03:19:45.693,1.31903,1.31933,1.62,1.50
2011.01.06 03:19:46.133,1.31903,1.31933,1.47,1.50
2011.01.06 03:19:46.602,1.31907,1.31937,1.40,1.50
2011.01.06 03:19:46.717,1.31907,1.31941,1.47,1.50
2011.01.06 03:19:46.944,1.31911,1.31941,1.47,1.50
2011.01.06 03:19:47.605,1.31911,1.31941,1.40,1.50
2011.01.06 03:19:48.655,1.31911,1.31941,1.47,1.50
2011.01.06 03:19:49.165,1.31911,1.31941,1.47,1.50
2011.01.06 03:19:49.775,1.31911,1.31941,1.32,2.44
2011.01.06 03:19:50.334,1.31907,1.31937,1.47,1.69
2011.01.06 03:19:51.304,1.31915,1.31943,1.47,1.50
2011.01.06 03:19:51.743,1.31919,1.31947,1.32,1.50
2011.01.06 03:19:52.300,1.31919,1.31947,1.32,1.65
2011.01.06 03:19:52.635,1.31911,1.31942,1.32,1.77
2011.01.06 03:19:52.743,1.31911,1.31941,1.32,1.50
2011.01.06 03:19:53.718,1.31911,1.31941,1.32,1.58
2011.01.06 03:19:54.440,1.31911,1.31941,1.32,1.65
2011.01.06 03:19:54.961,1.31911,1.31941,1.32,1.65
2011.01.06 03:19:55.405,1.31908,1.31936,1.32,1.65
2011.01.06 03:19:57.354,1.31904,1.31932,1.32,1.50
2011.01.06 03:19:58.757,1.31904,1.31932,1.40,1.50
2011.01.06 03:20:00.735,1.31904,1.31932,1.47,1.50
2011.01.06 03:20:01.802,1.31904,1.31932,1.40,1.50
2011.01.06 03:20:03.766,1.31904,1.31932,1.40,1.50
2011.01.06 03:20:04.374,1.31904,1.31932,1.47,1.50
2011.01.06 03:20:04.486,1.31904,1.31932,1.40,1.50
2011.01.06 03:20:05.177,1.31904,1.31932,2.60,1.50
2011.01.06 03:20:05.294,1.31904,1.31932,2.60,1.50
2011.01.06 03:20:06.003,1.31904,1.31932,2.79,1.50
2011.01.06 03:20:08.164,1.31904,1.31932,2.75,1.50
2011.01.06 03:20:10.264,1.31904,1.31932,2.60,1.50
2011.01.06 03:20:11.225,1.31904,1.31932,1.40,1.50
2011.01.06 03:20:11.333,1.31904,1.31932,1.40,1.50
2011.01.06 03:20:11.555,1.31904,1.31932,1.40,1.69
2011.01.06 03:20:11.882,1.319,1.31928,1.47,1.50
2011.01.06 03:20:12.453,1.319,1.31928,2.60,1.50
2011.01.06 03:20:13.038,1.319,1.31928,2.60,1.50
2011.01.06 03:20:13.153,1.319,1.31928,1.47,1.50
2011.01.06 03:20:14.136,1.319,1.31928,1.47,1.50
2011.01.06 03:20:15.785,1.319,1.31928,2.60,1.50
2011.01.06 03:20:16.223,1.31903,1.31933,3.20,1.50
2011.01.06 03:20:17.138,1.31904,1.31933,1.40,1.50
2011.01.06 03:20:17.365,1.31903,1.31933,2.60,1.50
2011.01.06 03:20:17.475,1.31903,1.31933,1.47,1.50
2011.01.06 03:20:17.705,1.31901,1.31929,2.60,1.50
2011.01.06 03:20:17.933,1.319,1.31934,1.47,1.50
2011.01.06 03:20:18.155,1.31906,1.31934,1.32,1.50
2011.01.06 03:20:18.486,1.31906,1.31934,1.47,1.50
2011.01.06 03:20:19.144,1.3191,1.31936,1.47,1.50
2011.01.06 03:20:19.664,1.3191,1.31936,1.47,1.50
2011.01.06 03:20:19.992,1.31909,1.31941,1.47,1.50
2011.01.06 03:20:21.099,1.31917,1.31941,2.48,1.50
2011.01.06 03:20:21.215,1.31918,1.31949,1.32,3.38
2011.01.06 03:20:21.435,1.31922,1.3195,1.32,1.50
2011.01.06 03:20:21.652,1.31922,1.31953,1.32,1.50
2011.01.06 03:20:43.192,1.31922,1.31953,1.40,1.50
2011.01.06 03:20:43.746,1.31927,1.31955,1.32,1.50
2011.01.06 03:20:43.869,1.31926,1.3196,1.47,1.09
2011.01.06 03:20:43.986,1.31931,1.31959,1.32,1.09
2011.01.06 03:20:44.103,1.31931,1.31959,1.32,1.02
2011.01.06 03:20:44.645,1.31931,1.31959,1.32,1.02
2011.01.06 03:20:46.592,1.31931,1.31959,1.32,1.09
2011.01.06 03:20:46.712,1.31935,1.31965,1.32,1.50
2011.01.06 03:20:47.374,1.31939,1.31967,1.32,1.50
2011.01.06 03:20:50.842,1.31935,1.31963,2.34,1.50
2011.01.06 03:20:51.601,1.31937,1.31963,1.73,1.50
2011.01.06 03:20:53.912,1.31935,1.31963,2.56,1.50
2011.01.06 03:20:58.342,1.31935,1.31963,1.40,1.50
2011.01.06 03:20:58.963,1.31935,1.31963,1.47,1.50
2011.01.06 03:21:00.303,1.31932,1.3196,1.32,1.58
2011.01.06 03:21:00.523,1.31927,1.31957,1.32,1.58
2011.01.06 03:21:14.473,1.3193,1.31961,1.40,1.50
2011.01.06 03:21:14.583,1.31931,1.31961,1.40,1.50
2011.01.06 03:21:20.914,1.31934,1.31964,1.62,1.50
2011.01.06 03:21:21.023,1.31936,1.31964,1.47,1.50
2011.01.06 03:21:21.353,1.31936,1.31964,1.32,1.50
2011.01.06 03:21:31.194,1.31933,1.31961,1.40,1.50
2011.01.06 03:21:31.415,1.31929,1.31961,1.32,1.50
2011.01.06 03:21:31.633,1.31926,1.31955,1.32,1.50
2011.01.06 03:21:33.943,1.31926,1.31953,1.32,1.50
2011.01.06 03:21:34.725,1.31926,1.31951,1.32,1.50
2011.01.06 03:21:35.661,1.31919,1.31952,1.47,1.50
2011.01.06 03:21:36.263,1.31919,1.31952,2.60,1.50
2011.01.06 03:21:36.841,1.31924,1.31952,3.12,1.50
2011.01.06 03:21:36.958,1.31924,1.31957,3.20,1.50
2011.01.06 03:21:37.473,1.31924,1.31957,3.20,1.50
2011.01.06 03:21:38.174,1.31924,1.31957,3.20,1.50
2011.01.06 03:21:42.512,1.31915,1.31943,1.32,1.50
2011.01.06 03:21:43.217,1.31915,1.31943,1.40,1.50
2011.01.06 03:21:43.337,1.31915,1.31943,1.47,1.50
2011.01.06 03:21:43.674,1.31915,1.31943,1.40,1.50
2011.01.06 03:21:44.073,1.31916,1.31943,2.25,1.50
2011.01.06 03:21:44.406,1.31932,1.31943,2.78,1.50
2011.01.06 03:21:44.948,1.31935,1.31965,1.32,2.63
2011.01.06 03:21:45.070,1.31935,1.3197,1.32,1.58
2011.01.06 03:21:47.862,1.31945,1.31975,1.32,1.58
2011.01.06 03:21:53.669,1.31941,1.31971,1.32,1.50
2011.01.06 03:21:58.558,1.31938,1.31968,1.40,1.50
2011.01.06 03:22:01.993,1.31944,1.31972,1.40,1.50
2011.01.06 03:22:02.898,1.31937,1.31971,1.32,1.50
2011.01.06 03:22:03.021,1.31937,1.31968,1.32,1.50
2011.01.06 03:22:03.244,1.31937,1.31965,1.32,1.50
2011.01.06 03:22:04.011,1.31929,1.31962,1.40,1.50
2011.01.06 03:22:04.248,1.3193,1.3196,1.40,1.50
2011.01.06 03:22:04.584,1.3193,1.31956,1.40,1.50
2011.01.06 03:22:05.026,1.31923,1.31953,2.15,1.50
2011.01.06 03:22:05.570,1.31929,1.31962,1.40,1.50
2011.01.06 03:22:05.687,1.31929,1.31962,1.47,1.50
2011.01.06 03:22:06.025,1.31935,1.31961,1.32,1.50
2011.01.06 03:22:09.604,1.31935,1.31966,2.52,1.50
2011.01.06 03:22:10.458,1.31937,1.31966,1.32,1.50
2011.01.06 03:22:11.366,1.3194,1.3197,1.32,1.50
2011.01.06 03:22:11.596,1.3194,1.31973,1.32,1.50
2011.01.06 03:22:12.723,1.3194,1.31973,4.47,1.50
2011.01.06 03:22:13.282,1.31944,1.31973,1.40,1.50
2011.01.06 03:22:20.604,1.31944,1.31973,2.60,1.50
2011.01.06 03:22:20.714,1.31944,1.31977,1.40,1.50
2011.01.06 03:22:28.953,1.31944,1.31977,1.40,1.58
2011.01.06 03:22:42.453,1.31944,1.31977,1.47,1.50
2011.01.06 03:22:42.984,1.31945,1.31972,1.40,1.50
2011.01.06 03:22:43.540,1.31945,1.31972,1.40,1.50
2011.01.06 03:22:47.703,1.31942,1.31972,4.17,1.50
2011.01.06 03:22:49.097,1.31942,1.31972,4.17,1.50
2011.01.06 03:22:50.724,1.31941,1.31971,1.32,1.58
2011.01.06 03:22:50.832,1.31941,1.3197,1.32,1.58
2011.01.06 03:22:51.518,1.31937,1.31965,1.32,1.50
2011.01.06 03:22:52.202,1.31933,1.31963,1.32,1.58
2011.01.06 03:22:54.864,1.31928,1.3196,1.40,1.58
2011.01.06 03:22:55.083,1.31928,1.31958,1.32,1.50
2011.01.06 03:23:00.473,1.31928,1.31958,1.40,1.50
2011.01.06 03:23:00.802,1.31932,1.3196,1.40,1.50
2011.01.06 03:23:00.976,1.31932,1.3196,1.40,1.50
2011.01.06 03:23:03.364,1.31932,1.3196,1.40,1.50
2011.01.06 03:23:10.133,1.31932,1.31959,1.32,1.50
2011.01.06 03:23:10.766,1.31931,1.31958,1.32,1.50
2011.01.06 03:23:10.894,1.31934,1.31964,1.32,2.25
2011.01.06 03:23:23.274,1.31931,1.31961,1.40,1.50
2011.01.06 03:23:37.363,1.31931,1.31959,1.32,1.50
2011.01.06 03:23:37.693,1.31924,1.31956,1.32,1.50
2011.01.06 03:23:38.082,1.31924,1.31955,1.32,1.50
2011.01.06 03:23:38.425,1.31919,1.3195,1.32,1.50
2011.01.06 03:23:39.824,1.31919,1.31947,1.32,1.58
2011.01.06 03:23:45.443,1.31913,1.31944,1.32,1.50
2011.01.06 03:23:45.554,1.31913,1.31943,1.32,1.50
2011.01.06 03:23:50.753,1.31915,1.31947,1.47,1.50
2011.01.06 03:23:51.084,1.31917,1.31947,1.32,1.50
2011.01.06 03:23:52.376,1.31917,1.31947,1.47,1.50
2011.01.06 03:23:52.936,1.31921,1.31951,1.47,1.50
2011.01.06 03:23:53.474,1.31921,1.31951,1.47,1.50
2011.01.06 03:23:54.706,1.31921,1.31951,1.40,1.50
2011.01.06 03:23:56.264,1.31921,1.31951,2.60,1.50
2011.01.06 03:23:57.145,1.31921,1.31951,1.47,1.50
2011.01.06 03:23:57.253,1.31925,1.31955,1.40,1.50
2011.01.06 03:24:01.725,1.31925,1.31955,1.47,1.50
2011.01.06 03:24:03.474,1.31922,1.31953,1.47,1.50
2011.01.06 03:24:04.029,1.31922,1.31952,1.47,1.50
2011.01.06 03:24:06.597,1.31926,1.31954,1.32,1.50
2011.01.06 03:24:11.030,1.31926,1.31954,1.32,1.58
2011.01.06 03:24:12.060,1.31926,1.31954,1.32,1.58
2011.01.06 03:24:14.286,1.31926,1.31954,1.32,1.58
2011.01.06 03:24:20.263,1.31929,1.31959,1.32,1.50
2011.01.06 03:24:20.375,1.31929,1.31962,1.51,1.65
2011.01.06 03:24:20.487,1.31929,1.31962,1.59,1.50
2011.01.06 03:24:21.148,1.31935,1.31962,1.32,1.50
2011.01.06 03:24:22.053,1.31936,1.31965,1.32,1.58
2011.01.06 03:24:22.793,1.31936,1.31965,1.32,1.58
2011.01.06 03:24:23.758,1.31936,1.31965,1.32,1.58
2011.01.06 03:24:24.312,1.31936,1.31965,1.32,1.65
2011.01.06 03:24:24.445,1.31936,1.31965,1.32,1.58
2011.01.06 03:24:25.385,1.31935,1.31962,1.32,1.65
2011.01.06 03:24:25.603,1.31932,1.31961,1.32,1.65
2011.01.06 03:24:35.646,1.31932,1.31962,1.32,1.58
2011.01.06 03:24:42.104,1.31935,1.31962,1.32,1.50
2011.01.06 03:24:42.608,1.31935,1.31966,1.32,1.65
2011.01.06 03:24:45.181,1.31935,1.31966,1.32,1.65
2011.01.06 03:24:45.798,1.31935,1.31966,1.40,1.58
2011.01.06 03:24:45.920,1.31939,1.31969,1.32,2.55
2011.01.06 03:24:46.492,1.31939,1.31969,1.32,2.48
2011.01.06 03:24:47.368,1.31939,1.31967,1.32,1.69
2011.01.06 03:24:47.609,1.31935,1.31959,1.32,1.73
2011.01.06 03:24:47.836,1.3193,1.31959,1.32,2.55
2011.01.06 03:24:49.717,1.31933,1.3196,1.51,1.50
2011.01.06 03:24:49.833,1.31934,1.31966,3.24,2.40
2011.01.06 03:24:49.945,1.31938,1.31966,1.32,1.65
2011.01.06 03:24:50.292,1.31932,1.31966,1.51,1.50
2011.01.06 03:24:50.410,1.31933,1.31965,1.32,1.58
2011.01.06 03:24:50.753,1.31933,1.31961,1.32,1.50
2011.01.06 03:24:54.233,1.31933,1.31961,1.47,1.50
2011.01.06 03:24:55.734,1.31933,1.31961,1.32,1.50
2011.01.06 03:24:59.683,1.3193,1.31958,1.40,1.50
2011.01.06 03:25:01.486,1.3193,1.31958,1.47,1.50
2011.01.06 03:25:01.816,1.3193,1.31958,1.47,1.50
2011.01.06 03:25:02.275,1.3193,1.31958,1.40,1.50
2011.01.06 03:25:03.253,1.3193,1.31958,1.40,1.50
2011.01.06 03:25:03.365,1.3193,1.31958,1.40,1.50
2011.01.06 03:25:03.983,1.3193,1.31958,1.40,1.50
2011.01.06 03:25:04.099,1.31937,1.31967,1.47,1.50
2011.01.06 03:25:05.151,1.31937,1.31967,1.47,1.50
2011.01.06 03:25:05.267,1.31937,1.31967,1.47,1.50
2011.01.06 03:25:05.834,1.31937,1.31967,1.47,1.50
2011.01.06 03:25:06.498,1.31937,1.31967,1.47,1.50
2011.01.06 03:25:07.070,1.31937,1.31967,1.40,1.50
2011.01.06 03:25:08.745,1.31937,1.31967,1.47,1.50
2011.01.06 03:25:09.701,1.31934,1.31962,1.32,1.50
2011.01.06 03:25:09.925,1.31931,1.31962,1.40,1.58
2011.01.06 03:25:10.143,1.31931,1.31959,1.40,1.50
2011.01.06 03:25:10.473,1.31931,1.31959,1.47,1.50
2011.01.06 03:25:10.927,1.31933,1.31963,1.40,1.50
2011.01.06 03:25:11.484,1.31933,1.31963,1.47,1.50
2011.01.06 03:25:11.944,1.31935,1.31966,1.32,2.25
2011.01.06 03:25:12.059,1.31938,1.31966,1.32,2.25
2011.01.06 03:25:12.666,1.31938,1.31962,1.32,1.50
2011.01.06 03:25:13.278,1.31938,1.3196,1.32,1.73
2011.01.06 03:25:15.807,1.31936,1.3196,1.32,1.73
2011.01.06 03:25:15.924,1.31935,1.3196,1.32,1.73
2011.01.06 03:25:17.479,1.31935,1.3196,1.40,1.73
2011.01.06 03:25:17.601,1.31939,1.31967,1.40,1.50
2011.01.06 03:25:17.823,1.31939,1.3197,1.40,1.73
2011.01.06 03:25:18.045,1.31943,1.3197,1.32,1.80
2011.01.06 03:25:20.675,1.31943,1.3197,1.32,2.25
2011.01.06 03:25:21.276,1.31943,1.3197,1.32,2.18
2011.01.06 03:25:25.712,1.31943,1.3197,1.32,2.93
2011.01.06 03:25:26.045,1.31943,1.31964,1.32,2.10
2011.01.06 03:25:26.379,1.31943,1.31965,1.32,1.58
2011.01.06 03:25:26.757,1.31939,1.31965,1.32,1.88
2011.01.06 03:25:26.881,1.31935,1.31963,1.32,1.20
2011.01.06 03:25:27.699,1.31935,1.31963,1.32,1.20
2011.01.06 03:25:28.035,1.31935,1.31965,1.32,1.50
2011.01.06 03:25:31.533,1.31935,1.31965,1.47,1.50
2011.01.06 03:25:31.755,1.31935,1.31965,1.40,1.50
2011.01.06 03:25:31.864,1.3194,1.31968,1.32,1.58
2011.01.06 03:25:32.535,1.3194,1.31968,1.32,1.50
2011.01.06 03:25:37.296,1.31944,1.31972,1.32,1.50
2011.01.06 03:25:38.297,1.31944,1.31971,1.32,1.58
2011.01.06 03:25:38.416,1.31944,1.31971,1.32,1.65
2011.01.06 03:25:42.676,1.31944,1.31968,1.32,2.55
2011.01.06 03:25:42.796,1.3194,1.31966,1.32,1.58
2011.01.06 03:25:43.336,1.31934,1.31966,1.40,2.33
2011.01.06 03:25:43.458,1.31934,1.31964,1.32,1.58
2011.01.06 03:25:45.525,1.31934,1.31964,1.40,1.50
2011.01.06 03:25:46.203,1.31934,1.31964,2.60,1.50
2011.01.06 03:25:48.049,1.31934,1.31964,1.32,1.50
2011.01.06 03:25:49.734,1.31934,1.31964,1.47,1.50
2011.01.06 03:25:50.303,1.31934,1.31964,1.40,1.50
2011.01.06 03:25:51.333,1.31934,1.31964,2.60,1.50
2011.01.06 03:25:54.247,1.31934,1.31964,2.75,1.50
2011.01.06 03:25:55.069,1.31934,1.31964,1.47,1.50
2011.01.06 03:25:57.973,1.31934,1.31964,1.47,1.50
2011.01.06 03:25:58.638,1.31934,1.31964,1.47,1.50
2011.01.06 03:25:58.753,1.31938,1.31966,1.40,1.13
2011.01.06 03:25:59.369,1.31938,1.31968,1.47,1.50
2011.01.06 03:26:01.390,1.31938,1.31968,1.40,1.50
2011.01.06 03:26:02.993,1.31938,1.31968,1.32,1.50
2011.01.06 03:26:03.217,1.31938,1.31966,1.40,1.13
2011.01.06 03:26:03.816,1.31938,1.31967,1.32,1.13
2011.01.06 03:26:06.913,1.31938,1.31968,1.40,1.50
2011.01.06 03:26:07.717,1.31938,1.31968,1.40,1.50
2011.01.06 03:26:09.726,1.31941,1.31971,1.32,1.58
2011.01.06 03:26:11.157,1.31941,1.31969,1.32,1.50
2011.01.06 03:26:11.618,1.31935,1.31963,1.32,1.13
2011.01.06 03:26:15.966,1.31935,1.31965,1.40,1.50
2011.01.06 03:26:19.656,1.31935,1.31964,1.32,1.13
2011.01.06 03:26:22.154,1.31935,1.31964,1.47,1.13
2011.01.06 03:26:23.845,1.31935,1.31965,1.47,1.50
2011.01.06 03:26:24.243,1.31935,1.31965,1.47,1.50
2011.01.06 03:26:24.472,1.31935,1.31965,1.47,1.50
2011.01.06 03:26:32.543,1.31943,1.3197,1.32,1.80
2011.01.06 03:26:47.713,1.31943,1.31969,1.32,1.20
2011.01.06 03:26:48.283,1.31932,1.31956,1.32,1.13
2011.01.06 03:26:48.413,1.31928,1.31961,1.47,1.50
2011.01.06 03:26:48.963,1.31928,1.3196,1.40,2.48
2011.01.06 03:26:50.723,1.31928,1.3196,1.40,2.48
2011.01.06 03:26:51.353,1.31932,1.3196,1.40,2.48
2011.01.06 03:26:59.024,1.31932,1.3196,1.62,2.48
2011.01.06 03:26:59.356,1.31937,1.31967,1.40,3.23
2011.01.06 03:26:59.696,1.31937,1.31967,1.40,1.50
2011.01.06 03:27:00.072,1.31937,1.31967,1.40,1.50
2011.01.06 03:27:00.414,1.31933,1.31963,1.47,1.50
2011.01.06 03:27:03.755,1.31933,1.31963,1.47,1.50
2011.01.06 03:27:03.974,1.31933,1.31963,1.47,1.50
2011.01.06 03:27:04.551,1.31937,1.31967,1.32,3.30
2011.01.06 03:27:06.238,1.31933,1.31963,1.32,1.50
2011.01.06 03:27:06.598,1.31929,1.31957,1.32,1.50
2011.01.06 03:27:08.243,1.31926,1.31956,1.40,1.50
2011.01.06 03:27:10.913,1.31926,1.31956,1.40,1.50
2011.01.06 03:27:17.970,1.31926,1.31956,1.47,1.50
2011.01.06 03:27:20.527,1.31926,1.31954,1.40,1.80
2011.01.06 03:27:20.645,1.31926,1.3195,1.40,2.48
2011.01.06 03:27:21.122,1.31926,1.31954,1.40,1.50
2011.01.06 03:27:24.475,1.3193,1.31958,1.47,2.55
2011.01.06 03:27:55.421,1.3193,1.31958,1.47,1.50
2011.01.06 03:27:56.573,1.3193,1.31958,1.40,1.50
2011.01.06 03:27:56.683,1.3193,1.31958,1.40,1.50
2011.01.06 03:27:57.114,1.31932,1.31958,1.40,1.50
2011.01.06 03:27:57.629,1.31947,1.31967,1.32,1.43
2011.01.06 03:27:57.752,1.31947,1.3198,1.32,3.38
2011.01.06 03:27:57.866,1.31952,1.3198,1.32,2.63
2011.01.06 03:27:59.157,1.31959,1.31987,1.32,4.35
2011.01.06 03:27:59.917,1.31959,1.31987,1.32,4.35
2011.01.06 03:28:00.795,1.31959,1.31987,1.32,4.35
2011.01.06 03:28:01.455,1.31959,1.31987,1.32,4.43
2011.01.06 03:28:01.644,1.31959,1.31987,1.32,4.28
2011.01.06 03:28:04.963,1.31959,1.31987,1.32,1.58
2011.01.06 03:28:05.325,1.31955,1.31985,1.40,1.58
2011.01.06 03:28:06.867,1.31959,1.31988,1.32,1.73
2011.01.06 03:28:06.988,1.31959,1.31992,1.32,1.50
2011.01.06 03:28:10.147,1.31955,1.31983,1.40,1.50
2011.01.06 03:28:11.066,1.31955,1.31983,2.60,1.50
2011.01.06 03:28:14.605,1.31955,1.31983,1.47,1.50
2011.01.06 03:28:14.714,1.31959,1.31987,1.40,1.50
2011.01.06 03:28:14.934,1.31959,1.31987,1.40,1.50
2011.01.06 03:28:15.154,1.31959,1.31987,1.47,1.50
2011.01.06 03:28:16.327,1.31959,1.31987,1.40,1.50
2011.01.06 03:28:16.563,1.31959,1.31987,1.40,1.50
2011.01.06 03:28:17.093,1.31959,1.31987,1.40,1.50
2011.01.06 03:28:17.909,1.31959,1.31987,1.40,1.50
2011.01.06 03:28:18.260,1.31962,1.31992,2.22,1.50
2011.01.06 03:28:18.896,1.31962,1.31996,1.40,1.50
2011.01.06 03:28:19.021,1.31969,1.31997,1.32,1.50
2011.01.06 03:28:21.999,1.31971,1.31998,1.58,1.50
2011.01.06 03:28:22.592,1.31974,1.32002,1.32,1.50
2011.01.06 03:28:22.714,1.31962,1.31996,1.47,1.50
2011.01.06 03:28:23.154,1.31963,1.31992,1.32,1.50
2011.01.06 03:28:30.525,1.3196,1.31992,1.40,1.58
2011.01.06 03:28:30.636,1.31959,1.31987,1.40,1.50
2011.01.06 03:28:31.658,1.31956,1.31987,1.40,1.58
2011.01.06 03:28:31.778,1.31956,1.31984,1.47,1.50
2011.01.06 03:28:33.184,1.31956,1.31984,1.40,1.50
2011.01.06 03:28:33.812,1.31956,1.31984,1.40,1.50
2011.01.06 03:28:36.050,1.31956,1.31983,1.32,1.50
2011.01.06 03:28:36.394,1.3195,1.31974,1.32,2.78
2011.01.06 03:28:36.726,1.3195,1.31976,1.40,1.73
2011.01.06 03:28:40.729,1.3195,1.3198,1.40,1.50
2011.01.06 03:28:41.834,1.3195,1.3198,1.40,1.50
2011.01.06 03:28:43.424,1.3195,1.3198,2.60,1.50
2011.01.06 03:28:43.756,1.31954,1.31984,2.22,1.50
2011.01.06 03:28:44.846,1.31954,1.31984,2.22,1.50
2011.01.06 03:28:46.318,1.31954,1.31984,2.22,1.50
2011.01.06 03:28:47.199,1.31954,1.31984,2.37,1.50
2011.01.06 03:28:48.747,1.31954,1.31984,1.40,1.50
2011.01.06 03:28:49.888,1.31954,1.31984,2.22,1.50
2011.01.06 03:28:50.846,1.31954,1.31984,2.15,1.50
2011.01.06 03:28:50.954,1.31954,1.31984,2.15,1.50
2011.01.06 03:28:51.607,1.31954,1.31984,1.40,1.50
2011.01.06 03:28:54.995,1.31954,1.31984,2.22,1.50
2011.01.06 03:28:57.110,1.31954,1.31984,4.47,1.50
2011.01.06 03:28:57.335,1.31954,1.31984,1.47,1.50
2011.01.06 03:28:57.663,1.31954,1.31984,1.40,1.50
2011.01.06 03:29:00.178,1.31954,1.31984,1.40,1.50
2011.01.06 03:29:00.293,1.31954,1.31984,1.40,1.50
2011.01.06 03:29:00.406,1.31956,1.31988,1.47,1.50
2011.01.06 03:29:00.531,1.31958,1.31988,1.40,3.23
2011.01.06 03:29:00.980,1.31967,1.31995,1.32,1.50
2011.01.06 03:29:04.686,1.31967,1.31993,1.40,1.50
2011.01.06 03:29:04.918,1.31967,1.31995,1.47,1.50
2011.01.06 03:29:06.331,1.3197,1.32,1.32,1.50
2011.01.06 03:29:07.786,1.3197,1.31996,1.32,1.73
2011.01.06 03:29:11.316,1.3197,1.32,1.40,1.50
2011.01.06 03:29:14.368,1.3197,1.32,1.40,1.50
2011.01.06 03:29:16.228,1.3197,1.32,1.47,1.50
2011.01.06 03:29:17.012,1.31975,1.32004,1.47,1.50
2011.01.06 03:29:17.248,1.31975,1.32002,1.32,1.50
2011.01.06 03:29:18.000,1.31975,1.32005,1.40,1.50
2011.01.06 03:29:18.935,1.31975,1.32005,1.70,1.58
2011.01.06 03:29:19.154,1.31975,1.32005,1.32,1.50
2011.01.06 03:29:20.593,1.31973,1.32003,1.40,1.50
2011.01.06 03:29:22.953,1.3197,1.31998,1.47,1.50
2011.01.06 03:29:27.967,1.31966,1.31996,1.32,1.50
2011.01.06 03:29:31.112,1.31966,1.31996,1.40,1.50
2011.01.06 03:29:33.427,1.31966,1.31996,1.62,1.50
2011.01.06 03:29:33.546,1.31966,1.31996,1.40,1.50
2011.01.06 03:29:42.053,1.31971,1.31999,1.32,1.50
2011.01.06 03:30:08.445,1.31972,1.32001,1.32,1.02
2011.01.06 03:30:08.554,1.3197,1.32,1.32,1.58
2011.01.06 03:30:08.665,1.31967,1.31999,1.32,1.58
2011.01.06 03:30:08.883,1.31964,1.31992,1.62,1.50
2011.01.06 03:30:09.405,1.31964,1.31992,1.32,1.50
2011.01.06 03:30:09.965,1.31964,1.31989,1.32,1.73
2011.01.06 03:30:10.075,1.3196,1.31988,1.32,1.50
2011.01.06 03:30:12.893,1.31956,1.31986,1.40,1.50
2011.01.06 03:30:13.117,1.31962,1.31992,1.32,1.50
2011.01.06 03:30:13.832,1.31968,1.31996,1.32,1.50
2011.01.06 03:30:16.319,1.31968,1.31996,1.40,1.50
2011.01.06 03:30:16.749,1.31968,1.31996,1.32,1.50
2011.01.06 03:30:23.365,1.31965,1.31996,1.40,1.50
2011.01.06 03:30:23.586,1.31964,1.31992,1.47,1.50
2011.01.06 03:30:26.495,1.31964,1.31992,1.47,1.50
2011.01.06 03:30:26.971,1.31964,1.31994,2.60,1.50
2011.01.06 03:30:27.086,1.31968,1.31996,1.40,1.50
2011.01.06 03:30:27.316,1.31971,1.32001,1.32,1.58
2011.01.06 03:30:30.667,1.31971,1.32001,1.40,1.50
2011.01.06 03:30:31.764,1.31974,1.32001,3.00,1.50
2011.01.06 03:30:32.194,1.31991,1.32011,1.32,6.08
2011.01.06 03:30:32.316,1.32004,1.32032,1.32,1.50
2011.01.06 03:30:32.541,1.32011,1.32035,1.32,1.95
2011.01.06 03:30:33.223,1.32011,1.32039,1.32,2.78
2011.01.06 03:30:33.895,1.32011,1.32039,1.32,1.65
2011.01.06 03:30:34.726,1.32011,1.32039,1.32,1.58
2011.01.06 03:30:35.715,1.32007,1.32035,1.32,1.65
2011.01.06 03:30:37.415,1.32002,1.32034,1.40,1.50
2011.01.06 03:30:38.316,1.32002,1.32032,1.40,1.50
2011.01.06 03:30:38.726,1.32007,1.32035,1.32,1.50
2011.01.06 03:30:40.087,1.32007,1.32035,1.32,3.30
2011.01.06 03:30:40.645,1.32007,1.32035,1.32,1.58
2011.01.06 03:30:42.008,1.32007,1.32035,1.47,1.50
2011.01.06 03:30:42.127,1.32007,1.32037,2.15,1.50
2011.01.06 03:30:42.238,1.32009,1.32039,1.40,1.50
2011.01.06 03:30:45.997,1.32009,1.32039,1.32,1.65
2011.01.06 03:30:46.817,1.32009,1.32039,1.32,2.78
2011.01.06 03:30:50.606,1.32009,1.32039,1.32,2.59
2011.01.06 03:30:58.894,1.32005,1.32036,1.32,1.58
2011.01.06 03:30:59.365,1.32002,1.32029,1.40,1.69
2011.01.06 03:30:59.486,1.31981,1.32011,1.32,1.88
2011.01.06 03:30:59.601,1.3198,1.32011,1.32,1.88
2011.01.06 03:31:00.189,1.31974,1.32004,1.40,1.50
2011.01.06 03:31:02.564,1.31974,1.32004,1.47,1.50
2011.01.06 03:31:02.674,1.31974,1.32004,1.47,1.50
2011.01.06 03:31:11.445,1.3197,1.32,1.40,1.50
2011.01.06 03:31:15.894,1.3197,1.32,2.60,1.50
2011.01.06 03:31:16.006,1.3197,1.32,1.40,1.50
2011.01.06 03:31:16.117,1.3197,1.32003,1.47,1.50
2011.01.06 03:31:16.493,1.31976,1.32004,1.40,1.50
2011.01.06 03:31:16.616,1.31976,1.32008,1.47,1.50
2011.01.06 03:31:16.739,1.31978,1.32008,2.37,1.50
2011.01.06 03:31:17.415,1.31979,1.32009,1.47,1.50
2011.01.06 03:31:17.532,1.31985,1.32013,1.32,1.50
2011.01.06 03:31:18.646,1.31986,1.32017,1.32,1.50
2011.01.06 03:31:19.469,1.31987,1.32017,1.32,1.50
2011.01.06 03:31:19.594,1.31987,1.32017,1.32,1.69
2011.01.06 03:31:19.925,1.31984,1.32012,1.32,1.50
2011.01.06 03:31:20.297,1.3198,1.32013,1.51,1.50
2011.01.06 03:31:21.690,1.31983,1.32013,3.87,1.50
2011.01.06 03:31:22.406,1.31983,1.32013,3.87,1.50
2011.01.06 03:31:22.651,1.31983,1.32013,3.87,1.50
2011.01.06 03:31:23.812,1.31984,1.32013,1.40,1.50
2011.01.06 03:31:24.318,1.31984,1.32013,1.47,1.50
2011.01.06 03:31:24.968,1.31984,1.32013,1.40,1.50
2011.01.06 03:31:26.767,1.31984,1.32013,1.47,1.50
2011.01.06 03:31:28.004,1.31984,1.32013,1.47,1.50
2011.01.06 03:31:28.113,1.31984,1.32013,1.40,1.50
2011.01.06 03:31:31.406,1.31984,1.32013,1.32,1.50
2011.01.06 03:31:31.626,1.31981,1.32009,1.32,1.50
2011.01.06 03:31:34.181,1.31979,1.32007,1.32,2.48
2011.01.06 03:31:34.559,1.31978,1.32007,1.32,3.23
2011.01.06 03:31:36.685,1.31973,1.32005,1.40,1.50
2011.01.06 03:31:37.329,1.31973,1.32003,1.40,1.50
2011.01.06 03:31:38.579,1.31969,1.31997,1.32,1.50
2011.01.06 03:31:40.015,1.31966,1.31997,1.40,1.50
2011.01.06 03:31:40.594,1.31964,1.31994,1.40,1.50
2011.01.06 03:31:40.928,1.31956,1.31991,1.32,1.58
2011.01.06 03:31:41.046,1.31952,1.31983,2.52,1.50
2011.01.06 03:31:41.268,1.31946,1.31981,2.79,1.50
2011.01.06 03:31:41.710,1.31946,1.31975,2.79,1.50
2011.01.06 03:31:41.833,1.31946,1.31975,1.47,1.50
2011.01.06 03:31:42.057,1.31946,1.31975,1.40,1.50
2011.01.06 03:31:42.395,1.31947,1.31978,1.32,1.50
2011.01.06 03:31:43.585,1.3195,1.31979,1.32,1.50
2011.01.06 03:31:45.766,1.3195,1.31979,1.47,1.50
2011.01.06 03:31:46.905,1.3195,1.31979,1.47,1.50
2011.01.06 03:31:47.688,1.3195,1.31979,1.47,1.50
2011.01.06 03:31:47.805,1.3195,1.31979,2.60,1.50
2011.01.06 03:31:48.030,1.3195,1.31981,2.60,3.23
2011.01.06 03:31:48.625,1.31945,1.31973,1.40,1.50
2011.01.06 03:31:48.744,1.31948,1.31977,1.20,1.50
2011.01.06 03:31:48.855,1.31949,1.31978,1.32,1.50
2011.01.06 03:31:49.771,1.31953,1.31984,1.40,1.50
2011.01.06 03:31:49.998,1.31953,1.31984,1.70,1.50
2011.01.06 03:31:50.228,1.31957,1.31984,1.32,1.50
2011.01.06 03:31:52.816,1.31957,1.31984,1.47,1.50
2011.01.06 03:31:53.150,1.31957,1.31984,1.47,1.50
