2011.12.26 14:00:26.991,1.28663,1.28724,2.48,1.50
2011.12.26 14:00:27.306,1.28655,1.28708,2.10,1.73
2011.12.26 14:00:59.094,1.28655,1.28708,1.73,2.48
2011.12.26 14:00:59.251,1.28649,1.28702,2.10,2.48
2011.12.26 14:01:11.583,1.28643,1.28701,1.73,2.48
2011.12.26 14:01:12.162,1.28643,1.28701,1.73,2.48
2011.12.26 14:02:01.352,1.2864,1.28692,1.73,2.48
2011.12.26 14:02:06.310,1.28639,1.28692,1.73,2.48
2011.12.26 14:02:06.822,1.2864,1.2869,1.73,1.73
2011.12.26 14:02:06.954,1.28638,1.2869,1.73,1.73
2011.12.26 14:02:07.083,1.28643,1.28696,1.73,2.48
2011.12.26 14:02:07.281,1.28641,1.28696,1.73,2.48
2011.12.26 14:02:25.394,1.2865,1.28701,1.73,2.48
2011.12.26 14:02:25.520,1.2865,1.28701,1.73,2.48
2011.12.26 14:02:26.099,1.2865,1.28701,1.73,2.48
2011.12.26 14:02:26.648,1.2865,1.28701,1.73,2.48
2011.12.26 14:02:58.155,1.28642,1.28695,1.73,2.48
2011.12.26 14:02:58.402,1.28643,1.28696,1.73,1.73
2011.12.26 14:03:03.633,1.28642,1.28695,1.73,1.73
2011.12.26 14:03:05.672,1.28643,1.28696,1.73,1.73
2011.12.26 14:03:09.950,1.28642,1.28695,1.73,1.73
2011.12.26 14:03:10.555,1.28642,1.28695,1.73,2.48
2011.12.26 14:03:11.351,1.28642,1.28697,1.73,1.73
2011.12.26 14:03:52.663,1.28642,1.28695,1.73,1.73
2011.12.26 14:03:52.774,1.28642,1.28697,1.73,1.73
2011.12.26 14:04:10.260,1.28642,1.28697,2.48,1.73
2011.12.26 14:04:53.971,1.28641,1.28696,2.48,1.73
2011.12.26 14:05:05.381,1.28643,1.28696,2.48,1.73
2011.12.26 14:05:14.501,1.28643,1.28696,1.73,2.48
2011.12.26 14:05:45.401,1.2864,1.28694,1.73,2.48
2011.12.26 14:05:46.293,1.2864,1.28694,1.73,2.48
2011.12.26 14:05:51.112,1.28643,1.28698,1.73,2.62
2011.12.26 14:05:51.562,1.28641,1.28696,1.73,2.62
2011.12.26 14:05:58.021,1.28641,1.28694,1.73,1.64
2011.12.26 14:05:58.234,1.2863,1.28695,1.13,2.39
2011.12.26 14:05:58.364,1.28624,1.28695,1.37,2.39
2011.12.26 14:05:58.432,1.2862,1.28688,1.13,1.27
2011.12.26 14:05:59.941,1.28614,1.28688,1.88,1.27
2011.12.26 14:06:05.635,1.28602,1.28674,1.13,1.10
2011.12.26 14:06:05.838,1.28602,1.28668,1.13,1.48
2011.12.26 14:06:08.521,1.28621,1.28668,1.50,1.48
2011.12.26 14:06:08.734,1.28588,1.28668,2.25,1.48
2011.12.26 14:06:09.103,1.28587,1.28668,1.37,1.48
2011.12.26 14:06:09.294,1.28587,1.28668,1.37,1.10
2011.12.26 14:06:09.364,1.28586,1.28663,2.25,1.10
2011.12.26 14:06:09.754,1.28586,1.28663,2.25,1.10
2011.12.26 14:06:09.946,1.28586,1.28663,2.25,1.10
2011.12.26 14:06:30.771,1.28581,1.28668,2.25,1.10
2011.12.26 14:06:36.015,1.28585,1.28679,2.25,1.48
2011.12.26 14:06:50.653,1.28591,1.28681,1.50,1.10
2011.12.26 14:06:50.962,1.28601,1.28686,1.50,2.02
2011.12.26 14:06:52.374,1.28616,1.28676,1.73,2.48
2011.12.26 14:06:55.625,1.28607,1.28675,1.13,2.48
2011.12.26 14:06:56.260,1.28615,1.28677,2.10,2.48
2011.12.26 14:06:58.995,1.28615,1.28675,1.73,1.64
2011.12.26 14:06:59.303,1.28607,1.2866,2.48,1.73
2011.12.26 14:07:00.953,1.28607,1.2866,2.48,1.73
2011.12.26 14:07:03.854,1.28611,1.2866,1.88,1.73
2011.12.26 14:07:04.165,1.28615,1.2867,2.48,1.73
2011.12.26 14:07:14.191,1.28611,1.28665,2.48,1.73
2011.12.26 14:07:22.641,1.28611,1.28665,2.48,1.73
2011.12.26 14:07:33.251,1.28611,1.28665,2.48,1.73
2011.12.26 14:08:23.299,1.28599,1.2866,1.50,1.73
2011.12.26 14:08:24.024,1.28598,1.28659,1.50,1.73
2011.12.26 14:08:28.011,1.28598,1.28659,1.50,1.73
2011.12.26 14:08:50.162,1.28598,1.28659,1.50,1.73
2011.12.26 14:08:50.233,1.2859,1.28643,2.48,1.73
2011.12.26 14:10:04.720,1.2859,1.28643,2.48,1.73
2011.12.26 14:10:05.471,1.2859,1.28643,2.48,1.87
2011.12.26 14:10:20.763,1.2859,1.28643,2.48,1.73
2011.12.26 14:11:15.472,1.2859,1.28643,2.48,1.73
2011.12.26 14:11:48.011,1.2859,1.28643,1.73,2.48
2011.12.26 14:12:18.542,1.28589,1.28642,1.73,2.48
2011.12.26 14:12:19.228,1.28588,1.28644,1.73,2.48
2011.12.26 14:12:32.189,1.28588,1.28644,2.48,2.48
2011.12.26 14:12:32.311,1.28598,1.28648,1.73,1.73
2011.12.26 14:13:20.103,1.28602,1.28652,1.73,2.10
2011.12.26 14:14:22.299,1.28602,1.28652,2.48,1.73
2011.12.26 14:15:17.071,1.28602,1.28652,2.48,1.73
2011.12.26 14:17:07.060,1.28602,1.28652,2.48,1.73
2011.12.26 14:17:16.694,1.28607,1.28657,2.48,1.73
2011.12.26 14:18:56.966,1.28607,1.28657,2.48,1.73
2011.12.26 14:19:32.100,1.28605,1.28657,1.73,1.73
2011.12.26 14:19:45.589,1.28605,1.28657,2.33,1.73
2011.12.26 14:19:45.754,1.28611,1.28663,1.73,2.62
2011.12.26 14:19:45.824,1.28611,1.2866,1.73,2.10
2011.12.26 14:19:46.095,1.28601,1.28651,1.50,1.73
2011.12.26 14:19:46.168,1.28599,1.28651,1.13,1.73
2011.12.26 14:19:52.624,1.28597,1.28651,2.48,1.73
2011.12.26 14:19:54.393,1.28599,1.28651,1.50,1.73
2011.12.26 14:20:44.025,1.28597,1.28651,2.48,1.73
2011.12.26 14:21:24.197,1.28599,1.28651,1.50,1.73
2011.12.26 14:21:25.374,1.28597,1.28651,2.48,1.73
2011.12.26 14:21:36.019,1.28598,1.28651,1.50,1.73
2011.12.26 14:21:51.931,1.28597,1.28651,1.73,1.73
2011.12.26 14:21:51.990,1.28595,1.28649,3.23,1.73
2011.12.26 14:21:52.495,1.28595,1.28647,1.50,1.73
2011.12.26 14:22:12.253,1.28593,1.28647,2.48,1.87
2011.12.26 14:22:12.398,1.28593,1.28647,1.73,2.62
2011.12.26 14:22:12.464,1.28588,1.28642,2.48,2.62
2011.12.26 14:22:40.597,1.28588,1.28642,2.48,2.62
2011.12.26 14:22:41.172,1.28588,1.28642,2.48,2.48
2011.12.26 14:22:56.786,1.28588,1.28642,2.48,2.48
2011.12.26 14:22:56.856,1.28585,1.28636,1.50,1.73
2011.12.26 14:23:18.066,1.28586,1.28636,1.50,1.73
2011.12.26 14:23:19.085,1.28588,1.28636,1.50,1.73
2011.12.26 14:23:36.034,1.28587,1.28636,1.50,1.73
2011.12.26 14:23:37.625,1.28588,1.28636,1.50,1.73
2011.12.26 14:24:10.084,1.28586,1.28636,1.50,1.73
2011.12.26 14:24:46.920,1.28586,1.28636,1.50,1.73
2011.12.26 14:26:01.539,1.2858,1.28633,2.48,1.73
2011.12.26 14:26:01.904,1.28587,1.28633,1.50,1.73
2011.12.26 14:26:26.735,1.28587,1.28631,1.50,1.73
2011.12.26 14:26:33.551,1.28587,1.28631,1.50,1.73
2011.12.26 14:26:33.917,1.28582,1.28628,1.50,1.73
2011.12.26 14:26:34.247,1.28582,1.28628,1.50,1.73
2011.12.26 14:26:34.468,1.28582,1.28628,1.50,1.73
2011.12.26 14:26:35.235,1.28582,1.28628,1.50,1.73
2011.12.26 14:26:39.088,1.28582,1.28631,1.50,1.73
2011.12.26 14:27:05.566,1.28586,1.28631,1.50,1.73
2011.12.26 14:27:05.878,1.28586,1.28628,1.50,1.73
2011.12.26 14:27:08.395,1.28586,1.28624,1.50,1.73
2011.12.26 14:27:08.635,1.28586,1.28624,1.50,1.73
2011.12.26 14:27:09.004,1.28586,1.28629,1.50,1.73
2011.12.26 14:27:19.525,1.28588,1.28634,2.48,1.73
2011.12.26 14:27:20.068,1.28588,1.28634,2.48,1.73
2011.12.26 14:27:22.485,1.28588,1.28634,1.73,1.73
2011.12.26 14:27:27.314,1.28588,1.28634,2.48,1.73
2011.12.26 14:27:27.444,1.28586,1.2863,1.50,1.73
2011.12.26 14:27:28.369,1.28586,1.2863,1.50,1.73
2011.12.26 14:27:28.703,1.28586,1.2863,1.50,1.73
2011.12.26 14:28:28.825,1.28582,1.2863,2.48,1.73
2011.12.26 14:28:29.978,1.28582,1.2863,2.48,1.73
2011.12.26 14:28:30.040,1.28588,1.28634,1.73,1.73
2011.12.26 14:28:30.342,1.28588,1.28634,2.48,1.73
2011.12.26 14:30:05.262,1.28588,1.28634,2.10,1.73
2011.12.26 14:31:39.623,1.28591,1.28642,1.73,1.73
2011.12.26 14:31:50.696,1.28588,1.28634,1.73,1.73
2011.12.26 14:31:56.737,1.28592,1.28641,1.73,1.73
2011.12.26 14:32:04.826,1.28581,1.28628,2.48,1.73
2011.12.26 14:32:05.077,1.28592,1.28641,1.73,1.73
2011.12.26 14:35:50.804,1.28591,1.28641,1.73,1.73
2011.12.26 14:37:55.016,1.28591,1.28641,2.48,1.73
2011.12.26 14:38:40.754,1.28591,1.28641,2.48,1.73
2011.12.26 14:39:35.764,1.28591,1.28641,2.48,1.73
2011.12.26 14:39:58.875,1.28591,1.28642,2.48,1.73
2011.12.26 14:40:30.642,1.28591,1.28642,2.48,1.73
2011.12.26 14:40:39.954,1.28591,1.28642,2.48,1.73
2011.12.26 14:41:18.954,1.28591,1.28642,1.73,1.73
2011.12.26 14:41:35.176,1.28588,1.28634,1.73,1.73
2011.12.26 14:42:17.687,1.28589,1.28639,1.73,1.73
2011.12.26 14:42:25.597,1.28588,1.28634,1.73,1.73
2011.12.26 14:42:54.312,1.28588,1.28634,2.10,1.73
2011.12.26 14:43:00.033,1.28588,1.28634,1.73,1.73
2011.12.26 14:43:06.638,1.28582,1.28625,1.50,1.73
2011.12.26 14:43:15.036,1.28579,1.28625,1.35,1.73
2011.12.26 14:43:15.105,1.28583,1.28625,1.35,1.73
2011.12.26 14:43:15.408,1.28588,1.28634,1.73,1.73
2011.12.26 14:43:17.188,1.28588,1.28636,1.73,1.73
2011.12.26 14:43:18.038,1.28584,1.28631,1.35,1.73
2011.12.26 14:43:20.476,1.28584,1.28631,1.35,1.73
2011.12.26 14:43:59.906,1.28584,1.28631,1.35,1.73
2011.12.26 14:44:00.679,1.28584,1.2863,1.35,1.73
2011.12.26 14:44:01.187,1.28584,1.2863,1.35,1.73
2011.12.26 14:44:02.441,1.28584,1.28631,1.35,1.73
2011.12.26 14:44:12.897,1.28584,1.28631,1.35,1.73
2011.12.26 14:44:12.967,1.28584,1.2863,2.10,1.73
2011.12.26 14:44:26.937,1.28589,1.28639,1.73,1.73
2011.12.26 14:44:40.355,1.28583,1.28629,3.23,1.73
2011.12.26 14:44:40.485,1.28583,1.28629,2.48,1.73
2011.12.26 14:44:40.741,1.28583,1.28629,2.48,1.73
2011.12.26 14:44:55.948,1.28583,1.28629,2.48,1.73
2011.12.26 14:45:37.007,1.28588,1.28629,2.10,1.73
2011.12.26 14:45:37.200,1.28595,1.2864,1.35,1.73
2011.12.26 14:45:39.587,1.28588,1.28634,2.48,1.73
2011.12.26 14:46:17.595,1.28588,1.2864,2.48,1.73
2011.12.26 14:46:43.655,1.28589,1.28641,2.48,1.73
2011.12.26 14:46:46.366,1.28589,1.28641,2.48,1.73
2011.12.26 14:46:46.437,1.28587,1.2863,1.50,1.73
2011.12.26 14:46:54.338,1.2859,1.2864,2.48,1.73
2011.12.26 14:47:14.497,1.28596,1.28642,2.48,1.73
2011.12.26 14:47:16.070,1.28597,1.28643,2.48,1.73
2011.12.26 14:47:45.578,1.28588,1.2864,2.48,1.73
2011.12.26 14:47:49.475,1.2859,1.2864,2.48,1.73
2011.12.26 14:48:49.200,1.28589,1.28641,2.48,1.73
2011.12.26 14:49:33.776,1.28597,1.28643,1.73,1.73
2011.12.26 14:49:50.755,1.28588,1.2864,2.48,1.73
2011.12.26 14:49:50.831,1.28589,1.28642,2.48,1.73
2011.12.26 14:51:05.975,1.2859,1.28642,2.48,1.73
2011.12.26 14:51:16.466,1.28588,1.28643,2.48,1.73
2011.12.26 14:52:08.536,1.28588,1.28643,2.48,1.73
2011.12.26 14:52:09.879,1.28588,1.28643,2.48,2.33
2011.12.26 14:52:10.202,1.28584,1.28619,1.35,1.73
2011.12.26 14:52:10.390,1.28584,1.28642,1.35,1.73
2011.12.26 14:52:28.297,1.28579,1.28641,2.12,1.73
2011.12.26 14:52:56.300,1.28573,1.28641,1.88,1.73
2011.12.26 14:52:57.639,1.28574,1.28642,1.50,1.73
2011.12.26 14:53:32.982,1.28574,1.28641,1.13,1.73
2011.12.26 14:54:46.149,1.28578,1.28641,1.50,1.73
2011.12.26 14:55:15.257,1.28574,1.28641,1.50,1.73
2011.12.26 14:56:10.213,1.28575,1.28641,1.13,1.73
2011.12.26 14:56:17.500,1.28579,1.28641,1.50,1.73
2011.12.26 14:57:15.921,1.28582,1.28642,1.13,1.73
2011.12.26 14:57:16.942,1.28578,1.28641,1.50,1.73
2011.12.26 14:57:20.200,1.28582,1.28641,1.13,1.73
2011.12.26 14:57:45.794,1.28579,1.28641,1.50,1.87
2011.12.26 14:57:45.981,1.28575,1.28641,1.50,2.62
2011.12.26 14:57:46.110,1.28575,1.28624,1.50,1.73
2011.12.26 14:57:52.480,1.28578,1.28626,2.48,1.73
2011.12.26 14:58:18.561,1.28573,1.28624,1.50,1.73
2011.12.26 14:58:19.631,1.28574,1.28625,1.50,1.73
2011.12.26 14:58:22.200,1.2857,1.28625,3.60,1.73
2011.12.26 14:59:24.720,1.28582,1.28625,1.13,1.73
2011.12.26 14:59:25.051,1.28582,1.28641,1.13,1.87
2011.12.26 14:59:26.431,1.28582,1.28641,1.13,1.73
2011.12.26 14:59:41.172,1.28591,1.28659,1.13,1.50
2011.12.26 14:59:41.364,1.28591,1.28662,1.13,2.25
2011.12.26 14:59:55.062,1.28587,1.28669,1.13,2.63
