2016.01.04 03:00:01.006,1.50395,1.50414,1.00,1.50
2016.01.04 03:00:01.108,1.50391,1.50414,1.00,1.50
2016.01.04 03:00:02.527,1.50388,1.50416,1.00,2.62
2016.01.04 03:00:03.035,1.50388,1.50414,1.00,2.62
2016.01.04 03:00:03.187,1.50403,1.50414,1.00,1.87
2016.01.04 03:00:03.391,1.504,1.50414,1.00,1.37
2016.01.04 03:00:03.493,1.50398,1.50414,1.50,1.37
2016.01.04 03:00:04.007,1.50395,1.50416,1.00,2.62
2016.01.04 03:00:04.058,1.50392,1.50416,1.00,1.87
2016.01.04 03:00:04.261,1.50392,1.50414,1.00,1.00
2016.01.04 03:00:04.617,1.50394,1.50416,1.00,1.00
2016.01.04 03:00:04.821,1.50394,1.50419,1.00,1.00
2016.01.04 03:00:04.872,1.50399,1.50422,1.00,2.62
2016.01.04 03:00:04.923,1.50399,1.50423,1.00,1.50
2016.01.04 03:00:06.125,1.50393,1.50417,1.00,1.00
2016.01.04 03:00:06.935,1.50393,1.50416,1.00,1.00
2016.01.04 03:00:06.987,1.50393,1.50414,1.00,1.00
2016.01.04 03:00:09.533,1.50393,1.50416,1.00,1.00
2016.01.04 03:00:09.992,1.50393,1.50419,1.00,1.37
2016.01.04 03:00:12.061,1.50396,1.50419,1.00,1.37
2016.01.04 03:00:12.214,1.50398,1.50423,1.00,1.00
2016.01.04 03:00:12.316,1.504,1.50424,1.00,1.00
2016.01.04 03:00:12.418,1.504,1.50427,1.50,2.25
2016.01.04 03:00:12.965,1.504,1.50429,1.50,2.62
2016.01.04 03:00:13.270,1.50404,1.50429,1.00,2.62
2016.01.04 03:00:13.322,1.50404,1.50429,1.00,1.87
2016.01.04 03:00:13.780,1.50404,1.50427,1.00,1.00
2016.01.04 03:00:16.287,1.50404,1.50426,1.00,1.00
2016.01.04 03:00:16.796,1.50404,1.50429,1.00,1.75
2016.01.04 03:00:17.152,1.50406,1.5043,1.00,1.87
2016.01.04 03:00:18.123,1.50421,1.50436,1.00,1.75
2016.01.04 03:00:18.174,1.50421,1.50447,1.00,1.50
2016.01.04 03:00:18.713,1.50421,1.50445,1.00,1.00
2016.01.04 03:00:19.410,1.5042,1.50445,1.00,1.00
2016.01.04 03:00:21.322,1.50418,1.50445,1.12,1.00
2016.01.04 03:00:21.775,1.50418,1.50442,1.12,1.00
2016.01.04 03:00:21.827,1.50415,1.50443,1.00,1.00
2016.01.04 03:00:21.929,1.50415,1.50441,1.00,1.00
2016.01.04 03:00:22.678,1.50414,1.50442,1.00,1.00
2016.01.04 03:00:23.366,1.5041,1.50438,1.00,1.37
2016.01.04 03:00:23.838,1.50408,1.50435,1.50,1.00
2016.01.04 03:00:23.992,1.50405,1.50435,1.87,1.12
2016.01.04 03:00:25.070,1.50405,1.50432,2.25,1.00
2016.01.04 03:00:27.722,1.50405,1.50431,1.87,1.00
2016.01.04 03:00:28.697,1.50405,1.50428,1.87,1.00
2016.01.04 03:00:31.021,1.50402,1.50429,2.62,1.00
2016.01.04 03:00:31.328,1.50402,1.50425,1.00,1.87
2016.01.04 03:00:31.634,1.50402,1.50421,1.00,1.00
2016.01.04 03:00:31.787,1.50402,1.50426,1.00,1.75
2016.01.04 03:00:32.373,1.50401,1.50428,1.00,1.50
2016.01.04 03:00:32.425,1.50401,1.50428,1.12,1.12
2016.01.04 03:00:33.313,1.50404,1.50428,1.00,1.00
2016.01.04 03:00:33.467,1.50404,1.5043,1.12,1.00
2016.01.04 03:00:36.332,1.50404,1.50431,1.12,1.12
2016.01.04 03:00:37.422,1.50404,1.50429,1.12,1.00
2016.01.04 03:00:38.180,1.50407,1.50432,1.00,1.12
2016.01.04 03:00:39.192,1.50403,1.50434,2.25,1.87
2016.01.04 03:00:39.733,1.50407,1.50435,1.00,1.37
2016.01.04 03:00:39.784,1.50407,1.50437,1.50,1.37
2016.01.04 03:00:42.107,1.5041,1.50437,1.00,1.37
2016.01.04 03:00:43.505,1.50425,1.50452,1.37,2.62
2016.01.04 03:00:43.609,1.50427,1.50455,1.00,2.25
2016.01.04 03:00:43.711,1.5043,1.50455,1.00,1.50
2016.01.04 03:00:44.019,1.5043,1.50455,1.00,1.87
2016.01.04 03:00:44.172,1.50425,1.50455,3.37,1.12
2016.01.04 03:00:44.224,1.50425,1.50452,1.37,1.00
2016.01.04 03:00:44.326,1.50424,1.50452,1.00,1.00
2016.01.04 03:00:44.804,1.50422,1.50441,1.50,1.00
2016.01.04 03:00:44.856,1.50419,1.50441,1.00,1.87
2016.01.04 03:00:44.958,1.50423,1.50441,1.00,1.00
2016.01.04 03:00:45.559,1.50423,1.5045,1.00,1.87
2016.01.04 03:00:47.741,1.50423,1.50449,1.00,1.00
2016.01.04 03:00:49.852,1.50425,1.50449,1.00,1.00
2016.01.04 03:00:49.957,1.50423,1.50449,1.00,1.00
2016.01.04 03:00:50.009,1.50425,1.5045,1.00,1.00
2016.01.04 03:00:50.060,1.50425,1.50454,1.00,1.50
2016.01.04 03:01:00.118,1.50422,1.50454,1.50,1.50
2016.01.04 03:01:00.942,1.50422,1.50454,1.50,1.20
2016.01.04 03:01:02.088,1.50423,1.50455,1.12,1.95
2016.01.04 03:01:02.394,1.50441,1.50468,1.12,1.37
2016.01.04 03:01:02.906,1.50441,1.50469,1.12,1.50
2016.01.04 03:01:03.059,1.50441,1.50469,1.12,1.00
2016.01.04 03:01:07.035,1.50441,1.5047,1.00,1.85
2016.01.04 03:01:07.554,1.50439,1.50469,1.12,1.12
2016.01.04 03:01:25.182,1.50438,1.50468,2.25,1.75
2016.01.04 03:01:29.184,1.50441,1.50469,1.87,1.00
2016.01.04 03:01:29.703,1.5044,1.50473,2.25,1.50
2016.01.04 03:01:29.755,1.50445,1.50475,1.00,1.95
2016.01.04 03:01:30.407,1.50445,1.50475,1.00,1.50
2016.01.04 03:01:33.342,1.50445,1.50474,1.00,1.00
2016.01.04 03:01:35.282,1.50445,1.50474,1.00,1.45
2016.01.04 03:01:35.716,1.50445,1.50473,1.00,2.32
2016.01.04 03:01:36.477,1.50442,1.5047,1.37,1.37
2016.01.04 03:01:36.528,1.50442,1.5047,1.00,1.37
2016.01.04 03:01:38.521,1.50442,1.50472,1.00,1.57
2016.01.04 03:01:39.025,1.50442,1.50472,1.00,1.82
2016.01.04 03:01:41.023,1.50444,1.50472,1.00,1.82
2016.01.04 03:01:41.340,1.50446,1.50473,1.00,1.82
2016.01.04 03:01:42.990,1.50446,1.50468,1.00,1.00
2016.01.04 03:01:43.295,1.50446,1.50467,1.00,1.37
2016.01.04 03:01:43.856,1.50446,1.50468,1.00,1.57
2016.01.04 03:01:44.268,1.50445,1.50473,1.12,2.32
2016.01.04 03:01:44.524,1.50449,1.50473,1.00,2.32
2016.01.04 03:01:45.434,1.50445,1.50472,1.75,1.10
2016.01.04 03:01:52.623,1.50444,1.50473,1.87,1.82
2016.01.04 03:01:55.281,1.50444,1.50471,1.87,1.57
2016.01.04 03:01:57.797,1.50444,1.5047,1.87,1.12
2016.01.04 03:01:58.478,1.50445,1.50471,1.87,1.20
2016.01.04 03:02:00.611,1.50445,1.50472,1.87,1.00
2016.01.04 03:02:00.662,1.50445,1.50472,1.50,1.00
2016.01.04 03:02:01.858,1.50446,1.50469,1.37,1.00
2016.01.04 03:02:02.981,1.5044,1.50466,1.75,1.00
2016.01.04 03:02:03.032,1.50439,1.50466,1.00,1.00
2016.01.04 03:02:05.722,1.50439,1.50464,1.00,1.00
2016.01.04 03:02:09.480,1.50439,1.50464,1.00,1.87
2016.01.04 03:02:09.836,1.50439,1.50462,1.00,1.37
2016.01.04 03:02:11.514,1.50439,1.50463,1.00,1.37
2016.01.04 03:02:13.029,1.50439,1.50464,1.00,1.37
2016.01.04 03:02:13.571,1.50441,1.50464,1.00,1.00
2016.01.04 03:02:13.622,1.50441,1.50468,1.00,1.82
2016.01.04 03:02:13.978,1.50439,1.50467,1.00,1.37
2016.01.04 03:02:14.029,1.50439,1.50465,1.00,1.37
2016.01.04 03:02:14.182,1.50436,1.50461,1.12,1.00
2016.01.04 03:02:14.233,1.50434,1.50458,1.37,1.37
2016.01.04 03:02:14.285,1.50434,1.50458,1.00,1.37
2016.01.04 03:02:14.641,1.50433,1.50455,1.50,1.37
2016.01.04 03:02:15.590,1.50429,1.50454,1.50,1.37
2016.01.04 03:02:15.847,1.50432,1.50454,1.00,1.37
2016.01.04 03:02:16.002,1.50429,1.50454,1.50,1.37
2016.01.04 03:02:16.511,1.50429,1.50456,1.50,1.37
2016.01.04 03:02:24.657,1.50429,1.50451,1.50,1.00
2016.01.04 03:02:24.810,1.50427,1.50451,1.87,1.37
2016.01.04 03:02:27.617,1.50427,1.50454,1.12,1.76
2016.01.04 03:02:27.668,1.50427,1.5045,1.12,1.37
2016.01.04 03:02:28.599,1.50413,1.50435,1.00,1.87
2016.01.04 03:02:28.659,1.50409,1.50435,1.37,1.87
2016.01.04 03:02:28.863,1.50409,1.50435,1.37,1.00
2016.01.04 03:02:29.391,1.50409,1.50438,1.37,2.25
2016.01.04 03:02:29.900,1.50409,1.50439,1.37,1.75
2016.01.04 03:02:30.426,1.5041,1.50438,1.12,1.00
2016.01.04 03:02:30.528,1.50409,1.50435,1.37,1.37
2016.01.04 03:02:32.893,1.50409,1.50437,1.37,1.37
2016.01.04 03:02:33.592,1.50409,1.50437,1.37,1.12
2016.01.04 03:02:34.793,1.50409,1.5044,2.25,1.50
2016.01.04 03:02:36.174,1.50411,1.5044,1.00,1.50
2016.01.04 03:02:44.268,1.50413,1.50441,1.00,1.50
2016.01.04 03:02:44.319,1.50413,1.50441,1.12,1.00
2016.01.04 03:02:45.756,1.50413,1.50439,1.12,1.00
2016.01.04 03:02:50.378,1.50413,1.50441,1.12,1.00
2016.01.04 03:02:52.257,1.50413,1.50439,1.12,1.00
2016.01.04 03:02:54.822,1.50409,1.50439,1.75,1.12
2016.01.04 03:02:58.343,1.50408,1.50439,1.87,2.25
2016.01.04 03:02:59.290,1.50408,1.50439,1.87,3.00
2016.01.04 03:03:03.805,1.50409,1.50436,1.75,1.00
2016.01.04 03:03:04.362,1.50408,1.50434,1.87,1.00
2016.01.04 03:03:04.464,1.50408,1.50438,1.87,1.87
2016.01.04 03:03:05.518,1.50408,1.50435,1.87,1.00
2016.01.04 03:03:05.620,1.50408,1.50437,1.87,1.12
2016.01.04 03:03:06.992,1.50408,1.50434,1.87,1.00
2016.01.04 03:03:07.145,1.50408,1.50437,1.87,1.12
2016.01.04 03:03:07.372,1.50408,1.50439,1.87,1.12
2016.01.04 03:03:09.443,1.50408,1.50438,2.25,1.00
2016.01.04 03:03:15.133,1.50408,1.50435,1.87,1.00
2016.01.04 03:03:16.135,1.50408,1.50438,1.12,1.00
2016.01.04 03:03:16.440,1.50408,1.50436,1.12,1.00
2016.01.04 03:03:16.541,1.50408,1.50438,1.12,1.50
2016.01.04 03:03:17.111,1.50408,1.50435,1.12,1.00
2016.01.04 03:03:18.070,1.50407,1.50435,1.37,1.00
2016.01.04 03:03:19.217,1.50405,1.50433,1.12,1.50
2016.01.04 03:03:20.339,1.50386,1.50415,3.37,1.00
2016.01.04 03:03:20.390,1.50386,1.50415,3.00,1.00
2016.01.04 03:03:20.918,1.50386,1.50416,2.25,1.00
2016.01.04 03:03:31.834,1.50387,1.50416,1.00,1.00
2016.01.04 03:03:35.567,1.50386,1.50416,1.12,1.50
2016.01.04 03:03:37.052,1.50386,1.50414,1.12,1.00
2016.01.04 03:03:38.100,1.50384,1.50414,1.75,1.37
2016.01.04 03:03:38.870,1.50383,1.50414,3.00,1.37
2016.01.04 03:03:58.122,1.50385,1.50416,1.37,1.87
2016.01.04 03:03:58.632,1.50386,1.50416,1.00,1.75
2016.01.04 03:03:59.097,1.50387,1.50417,1.37,1.12
2016.01.04 03:03:59.815,1.50389,1.50416,1.87,1.00
2016.01.04 03:04:00.139,1.50389,1.50418,1.87,1.00
2016.01.04 03:04:00.647,1.50389,1.50417,1.87,1.00
2016.01.04 03:04:02.334,1.50389,1.50418,1.87,1.50
2016.01.04 03:04:02.386,1.50388,1.50418,1.50,1.50
2016.01.04 03:04:02.898,1.50388,1.50415,1.50,1.00
2016.01.04 03:04:02.950,1.50385,1.50415,2.25,1.37
2016.01.04 03:04:03.460,1.50385,1.50414,1.37,1.50
2016.01.04 03:04:06.584,1.50387,1.50414,1.50,1.00
2016.01.04 03:04:08.385,1.50388,1.50415,1.37,1.50
2016.01.04 03:04:10.399,1.50387,1.50416,1.12,1.75
2016.01.04 03:04:10.505,1.50391,1.50416,1.00,1.75
2016.01.04 03:04:11.571,1.50391,1.50416,1.12,1.37
2016.01.04 03:04:11.623,1.50389,1.50419,1.50,1.50
2016.01.04 03:04:11.877,1.50388,1.50416,1.87,1.37
2016.01.04 03:04:12.345,1.50387,1.50413,1.87,1.00
2016.01.04 03:04:17.199,1.50389,1.50416,1.37,1.00
2016.01.04 03:04:17.924,1.50388,1.50416,1.50,1.00
2016.01.04 03:04:18.229,1.50387,1.50416,1.37,1.75
2016.01.04 03:04:24.009,1.50388,1.50417,1.00,1.75
2016.01.04 03:04:24.516,1.50388,1.50417,1.00,1.75
2016.01.04 03:04:25.044,1.50387,1.50417,1.37,1.75
2016.01.04 03:04:25.552,1.50386,1.50417,1.50,1.75
2016.01.04 03:04:26.491,1.50386,1.50416,1.00,1.50
2016.01.04 03:04:26.593,1.50385,1.50413,1.00,1.37
2016.01.04 03:04:27.100,1.50384,1.50411,1.12,1.00
2016.01.04 03:04:28.484,1.50381,1.50411,3.00,1.00
2016.01.04 03:04:36.284,1.50382,1.50411,1.00,1.00
2016.01.04 03:04:44.319,1.50382,1.50412,1.37,1.50
2016.01.04 03:04:44.920,1.50382,1.50412,1.50,1.12
2016.01.04 03:04:45.769,1.50382,1.50408,1.50,1.00
2016.01.04 03:04:48.537,1.50382,1.5041,1.37,1.00
2016.01.04 03:04:49.752,1.50382,1.50407,1.37,1.00
2016.01.04 03:04:50.057,1.50382,1.50412,1.37,1.57
2016.01.04 03:04:50.565,1.50384,1.50412,1.00,1.12
2016.01.04 03:04:52.253,1.50381,1.50411,3.19,1.37
2016.01.04 03:04:54.810,1.50381,1.50408,1.75,1.37
2016.01.04 03:04:54.963,1.50381,1.50407,1.37,1.75
2016.01.04 03:04:55.015,1.50381,1.50404,1.00,1.37
2016.01.04 03:04:55.948,1.50379,1.50405,1.37,1.37
2016.01.04 03:04:56.616,1.50379,1.50407,1.75,1.37
2016.01.04 03:04:58.176,1.50379,1.50406,1.75,1.37
2016.01.04 03:04:58.841,1.50378,1.50407,1.75,1.37
2016.01.04 03:04:59.884,1.50379,1.50406,1.75,1.37
2016.01.04 03:05:02.562,1.5038,1.50407,1.50,1.87
2016.01.04 03:05:02.664,1.5038,1.5041,1.50,1.50
2016.01.04 03:05:03.171,1.5038,1.50409,1.50,1.00
2016.01.04 03:05:03.880,1.50379,1.50408,2.25,1.00
2016.01.04 03:05:04.443,1.50379,1.50408,1.75,1.37
2016.01.04 03:05:06.299,1.50379,1.50408,1.75,1.12
2016.01.04 03:05:06.603,1.50379,1.50405,2.25,1.37
2016.01.04 03:05:07.140,1.50379,1.50406,1.75,1.87
2016.01.04 03:05:07.700,1.50379,1.50405,1.75,1.37
2016.01.04 03:05:11.698,1.50379,1.50406,1.75,1.87
2016.01.04 03:05:12.005,1.50373,1.50396,1.75,1.00
2016.01.04 03:05:12.057,1.50373,1.50394,1.00,1.37
2016.01.04 03:05:12.108,1.50368,1.50394,1.00,1.37
2016.01.04 03:05:12.160,1.50366,1.50391,1.37,1.00
2016.01.04 03:05:12.951,1.50363,1.50391,1.50,1.12
2016.01.04 03:05:13.257,1.50363,1.50389,1.50,1.00
2016.01.04 03:05:15.157,1.5036,1.50389,1.75,1.00
2016.01.04 03:05:18.930,1.50358,1.50382,1.37,1.00
2016.01.04 03:05:19.083,1.50352,1.50379,1.12,1.50
2016.01.04 03:05:20.851,1.50346,1.50365,1.75,1.00
2016.01.04 03:05:21.106,1.50331,1.50354,1.75,1.37
2016.01.04 03:05:21.209,1.50331,1.50349,1.00,1.00
2016.01.04 03:05:21.311,1.50323,1.50347,1.75,1.00
2016.01.04 03:05:21.363,1.50323,1.50343,1.00,1.00
2016.01.04 03:05:21.415,1.50319,1.50344,1.00,1.00
2016.01.04 03:05:21.466,1.50314,1.50342,1.87,1.00
2016.01.04 03:05:21.518,1.50314,1.50334,1.50,1.00
2016.01.04 03:05:21.620,1.50309,1.50334,1.37,1.75
2016.01.04 03:05:22.592,1.50308,1.50335,1.37,1.75
2016.01.04 03:05:26.594,1.50308,1.50335,1.37,1.00
2016.01.04 03:05:26.645,1.50308,1.5034,1.37,1.50
2016.01.04 03:05:26.901,1.50309,1.50339,1.00,1.87
2016.01.04 03:05:27.419,1.50306,1.50338,1.37,1.12
2016.01.04 03:05:27.724,1.50306,1.50334,1.37,1.00
2016.01.04 03:05:28.030,1.50317,1.50343,1.37,1.00
2016.01.04 03:05:28.081,1.50317,1.50345,1.37,1.00
2016.01.04 03:05:28.183,1.50324,1.5035,1.37,1.00
2016.01.04 03:05:28.285,1.50323,1.50355,1.37,1.50
2016.01.04 03:05:28.761,1.50323,1.50352,1.37,1.00
2016.01.04 03:05:29.275,1.50324,1.50349,1.37,1.00
2016.01.04 03:05:29.326,1.50322,1.50349,1.37,1.00
2016.01.04 03:05:29.378,1.50322,1.50351,1.37,1.00
2016.01.04 03:05:29.887,1.50323,1.50351,1.37,1.00
2016.01.04 03:05:30.523,1.50323,1.50352,1.37,1.00
2016.01.04 03:05:30.580,1.50321,1.5035,1.87,1.00
2016.01.04 03:05:30.682,1.50322,1.50352,1.37,1.00
2016.01.04 03:05:30.734,1.50325,1.50352,1.37,1.00
2016.01.04 03:05:30.990,1.50325,1.50355,1.37,1.00
2016.01.04 03:05:31.535,1.50325,1.50354,1.37,1.00
2016.01.04 03:05:33.860,1.50325,1.50354,1.37,2.62
2016.01.04 03:05:36.239,1.50323,1.5035,2.06,1.00
2016.01.04 03:05:36.701,1.50319,1.50339,1.87,1.37
2016.01.04 03:05:36.752,1.50309,1.50339,2.62,1.75
2016.01.04 03:05:37.289,1.50311,1.50339,1.37,1.75
2016.01.04 03:05:39.141,1.50309,1.50339,1.37,1.75
2016.01.04 03:05:39.447,1.50308,1.50334,1.37,1.00
2016.01.04 03:05:40.011,1.50306,1.50316,1.50,1.00
2016.01.04 03:05:40.064,1.50281,1.50306,1.75,1.00
2016.01.04 03:05:40.116,1.50281,1.50306,1.00,1.37
2016.01.04 03:05:40.168,1.50278,1.50302,1.00,1.00
2016.01.04 03:05:40.271,1.50279,1.50309,1.00,1.37
2016.01.04 03:05:40.322,1.50281,1.50312,1.00,1.25
2016.01.04 03:05:40.476,1.50283,1.50312,1.00,1.00
2016.01.04 03:05:40.782,1.50288,1.50315,1.00,1.12
2016.01.04 03:05:41.229,1.50285,1.50312,1.00,1.00
2016.01.04 03:05:41.585,1.50281,1.50311,1.87,1.00
2016.01.04 03:05:41.637,1.50281,1.50308,1.87,1.00
2016.01.04 03:05:41.688,1.50281,1.50308,1.00,1.00
2016.01.04 03:05:41.892,1.50279,1.50308,1.00,1.00
2016.01.04 03:05:43.623,1.50279,1.50305,1.00,1.00
2016.01.04 03:05:44.131,1.50278,1.50305,1.87,1.00
2016.01.04 03:05:44.849,1.50278,1.50305,1.00,1.00
2016.01.04 03:05:45.630,1.50273,1.50305,1.37,1.00
2016.01.04 03:05:45.783,1.50278,1.50308,1.00,1.87
2016.01.04 03:05:45.834,1.5028,1.50311,1.37,1.00
2016.01.04 03:05:45.936,1.50285,1.5031,1.00,1.00
2016.01.04 03:05:46.399,1.50297,1.5032,1.00,1.00
2016.01.04 03:05:46.859,1.50293,1.5032,1.00,1.00
2016.01.04 03:05:46.962,1.50293,1.50318,1.00,1.00
2016.01.04 03:05:47.065,1.50291,1.50317,1.00,1.00
2016.01.04 03:05:47.845,1.50294,1.50317,1.00,1.00
2016.01.04 03:05:48.151,1.50292,1.50317,1.00,1.00
2016.01.04 03:05:48.970,1.50289,1.50317,1.00,1.00
2016.01.04 03:05:49.022,1.50289,1.50314,1.00,1.00
2016.01.04 03:05:49.537,1.50285,1.50311,1.37,1.00
2016.01.04 03:05:49.841,1.50285,1.50314,1.37,1.50
2016.01.04 03:05:50.574,1.50284,1.50312,1.37,1.37
2016.01.04 03:05:50.677,1.5028,1.50307,1.87,1.00
2016.01.04 03:05:50.728,1.5028,1.50306,1.87,1.12
2016.01.04 03:05:51.142,1.5028,1.50295,1.87,1.00
2016.01.04 03:05:51.194,1.50274,1.50295,1.00,1.00
2016.01.04 03:05:51.297,1.50273,1.50292,1.00,1.00
2016.01.04 03:05:51.451,1.50271,1.50292,1.00,1.50
2016.01.04 03:05:51.932,1.50269,1.50292,1.00,1.50
2016.01.04 03:05:52.136,1.50269,1.50295,1.00,1.50
2016.01.04 03:05:52.571,1.50272,1.50295,1.00,1.50
2016.01.04 03:05:53.240,1.50269,1.50295,1.00,1.50
2016.01.04 03:05:55.033,1.50269,1.50292,1.00,1.75
2016.01.04 03:05:55.542,1.5027,1.50292,1.00,1.75
2016.01.04 03:05:56.372,1.50274,1.50296,1.00,1.50
2016.01.04 03:05:56.635,1.50274,1.50297,1.00,1.00
2016.01.04 03:05:57.559,1.50274,1.50299,1.00,1.00
2016.01.04 03:05:58.029,1.50277,1.50304,1.75,1.75
2016.01.04 03:05:58.080,1.50281,1.50308,1.00,1.50
2016.01.04 03:05:58.132,1.50281,1.50306,1.00,1.37
2016.01.04 03:05:58.183,1.50276,1.50306,2.25,1.75
2016.01.04 03:05:58.234,1.50276,1.50301,1.12,1.00
2016.01.04 03:05:58.506,1.50271,1.50301,1.87,1.00
2016.01.04 03:05:58.710,1.50277,1.50301,1.00,1.00
2016.01.04 03:05:59.497,1.50273,1.50301,1.12,1.00
2016.01.04 03:06:00.011,1.50272,1.50301,1.12,1.00
2016.01.04 03:06:00.165,1.50274,1.50301,1.00,1.50
2016.01.04 03:06:00.638,1.50282,1.50307,1.37,1.00
2016.01.04 03:06:01.089,1.50279,1.50307,1.12,1.00
2016.01.04 03:06:01.444,1.5028,1.50309,1.00,1.50
2016.01.04 03:06:01.496,1.50281,1.50309,1.37,1.00
2016.01.04 03:06:01.699,1.50284,1.50316,2.25,1.00
2016.01.04 03:06:01.801,1.50296,1.50317,1.00,1.12
2016.01.04 03:06:02.056,1.50294,1.5032,1.50,1.12
2016.01.04 03:06:02.590,1.50294,1.50322,1.00,1.37
2016.01.04 03:06:02.692,1.50297,1.50322,1.00,1.37
2016.01.04 03:06:03.149,1.50295,1.50322,1.00,1.37
2016.01.04 03:06:03.352,1.50296,1.5032,1.00,2.25
2016.01.04 03:06:03.555,1.50289,1.50316,1.00,1.00
2016.01.04 03:06:04.056,1.50289,1.50316,1.87,1.00
2016.01.04 03:06:04.361,1.50302,1.50323,1.00,1.00
2016.01.04 03:06:04.629,1.50303,1.50326,1.00,1.00
2016.01.04 03:06:04.985,1.50297,1.50325,1.00,1.87
2016.01.04 03:06:05.987,1.50295,1.50321,1.37,1.00
2016.01.04 03:06:06.489,1.50295,1.50321,1.00,1.00
2016.01.04 03:06:07.622,1.50295,1.50317,1.00,1.00
2016.01.04 03:06:08.069,1.50291,1.50315,1.75,2.25
2016.01.04 03:06:08.122,1.50285,1.5031,1.00,1.12
2016.01.04 03:06:08.276,1.50285,1.50313,1.00,1.12
2016.01.04 03:06:08.480,1.50283,1.50313,1.12,1.12
2016.01.04 03:06:10.912,1.50281,1.50312,1.75,3.60
2016.01.04 03:06:11.201,1.50279,1.50307,2.62,1.00
2016.01.04 03:06:11.252,1.50281,1.50312,1.75,1.50
2016.01.04 03:06:15.995,1.5028,1.50308,1.75,1.00
2016.01.04 03:06:16.097,1.5028,1.50308,1.00,1.50
2016.01.04 03:06:16.199,1.50276,1.50308,1.87,1.50
2016.01.04 03:06:16.250,1.50276,1.50302,1.87,1.00
2016.01.04 03:06:16.555,1.5027,1.50295,1.00,1.50
2016.01.04 03:06:17.809,1.50267,1.50295,1.50,1.00
2016.01.04 03:06:18.767,1.50267,1.50296,1.50,1.50
2016.01.04 03:06:18.920,1.50268,1.50296,1.12,1.00
2016.01.04 03:06:19.586,1.50269,1.50298,1.50,1.00
2016.01.04 03:06:20.419,1.50272,1.50298,2.62,1.00
2016.01.04 03:06:21.681,1.50272,1.50301,1.12,1.00
2016.01.04 03:06:22.038,1.50276,1.50304,1.00,1.37
2016.01.04 03:06:23.372,1.50275,1.50303,1.87,1.12
2016.01.04 03:06:23.590,1.50275,1.50299,1.12,1.00
2016.01.04 03:06:27.966,1.50273,1.50301,1.75,1.00
2016.01.04 03:06:28.271,1.50274,1.50303,1.50,1.87
2016.01.04 03:06:28.424,1.50277,1.50306,1.75,1.00
2016.01.04 03:06:28.969,1.50277,1.50308,3.00,1.37
2016.01.04 03:06:29.275,1.50277,1.50303,1.00,1.00
2016.01.04 03:06:29.783,1.50279,1.50302,1.00,1.00
2016.01.04 03:06:29.834,1.50274,1.50302,1.00,1.00
2016.01.04 03:06:31.773,1.50276,1.50302,1.00,1.00
2016.01.04 03:06:33.115,1.50276,1.50303,1.00,1.00
2016.01.04 03:06:33.656,1.50275,1.50303,1.00,1.00
2016.01.04 03:06:33.961,1.50275,1.50301,1.00,1.00
2016.01.04 03:06:34.114,1.50275,1.50303,1.00,1.00
2016.01.04 03:06:34.318,1.50275,1.50303,1.87,1.00
2016.01.04 03:06:34.624,1.5028,1.50305,1.00,1.12
2016.01.04 03:06:34.726,1.5028,1.50308,1.87,1.00
2016.01.04 03:06:35.194,1.50282,1.50311,1.00,1.12
2016.01.04 03:06:35.799,1.50285,1.50312,1.00,1.00
2016.01.04 03:06:36.821,1.50282,1.50312,1.00,1.00
2016.01.04 03:06:37.322,1.50284,1.50314,1.87,1.12
2016.01.04 03:06:37.627,1.50286,1.50317,1.87,1.87
2016.01.04 03:06:38.052,1.50287,1.50317,1.87,1.87
2016.01.04 03:06:38.103,1.50287,1.50317,1.50,2.25
2016.01.04 03:06:39.661,1.50288,1.50317,1.00,1.75
2016.01.04 03:06:42.266,1.50287,1.50317,1.12,2.25
2016.01.04 03:06:44.034,1.50287,1.50316,1.37,1.12
2016.01.04 03:06:47.144,1.5029,1.50316,1.00,1.00
2016.01.04 03:06:50.466,1.50288,1.50316,1.50,1.00
2016.01.04 03:06:53.178,1.50291,1.50316,1.00,1.00
2016.01.04 03:06:54.267,1.50289,1.50316,1.12,1.00
2016.01.04 03:06:55.655,1.50289,1.50317,1.12,1.00
2016.01.04 03:06:59.108,1.50289,1.50317,1.12,1.37
2016.01.04 03:07:00.547,1.50292,1.50318,1.00,1.50
2016.01.04 03:07:00.598,1.50294,1.50322,1.12,3.00
2016.01.04 03:07:00.649,1.50296,1.50322,1.00,2.62
2016.01.04 03:07:00.752,1.50294,1.50321,2.25,1.00
2016.01.04 03:07:01.057,1.50301,1.50322,1.00,1.00
2016.01.04 03:07:01.363,1.50301,1.50323,2.62,1.00
2016.01.04 03:07:02.609,1.50304,1.50322,1.37,1.00
2016.01.04 03:07:02.928,1.50304,1.5032,1.37,1.00
2016.01.04 03:07:03.199,1.50305,1.5033,1.00,1.00
2016.01.04 03:07:03.250,1.50305,1.5033,1.00,1.37
2016.01.04 03:07:03.302,1.50301,1.50327,1.00,1.00
2016.01.04 03:07:03.557,1.50304,1.50329,1.50,1.75
2016.01.04 03:07:04.010,1.50307,1.50329,1.50,1.37
2016.01.04 03:07:04.062,1.50308,1.50334,1.00,1.75
2016.01.04 03:07:04.578,1.50307,1.50335,1.37,1.37
2016.01.04 03:07:05.796,1.50309,1.50334,1.00,1.37
2016.01.04 03:07:07.255,1.50309,1.50336,1.12,1.00
2016.01.04 03:07:07.697,1.50309,1.50334,1.12,1.00
2016.01.04 03:07:07.954,1.50309,1.50339,1.87,2.62
2016.01.04 03:07:08.006,1.50312,1.50339,1.12,1.87
2016.01.04 03:07:10.720,1.50309,1.50338,3.37,1.87
2016.01.04 03:07:10.874,1.50306,1.50337,1.37,2.25
2016.01.04 03:07:11.377,1.50305,1.50334,1.50,1.50
2016.01.04 03:07:11.428,1.50305,1.50332,1.50,1.00
2016.01.04 03:07:12.046,1.50305,1.50332,1.50,1.00
2016.01.04 03:07:12.454,1.50308,1.50332,1.37,1.00
2016.01.04 03:07:12.505,1.50308,1.50337,1.37,3.00
2016.01.04 03:07:13.036,1.50313,1.50337,1.37,1.37
2016.01.04 03:07:13.087,1.50317,1.50341,1.00,2.25
2016.01.04 03:07:13.190,1.50317,1.50346,1.00,1.00
2016.01.04 03:07:13.242,1.50321,1.50346,1.00,1.00
2016.01.04 03:07:13.448,1.50316,1.50344,2.25,1.12
2016.01.04 03:07:13.501,1.50316,1.5034,1.37,1.00
2016.01.04 03:07:13.554,1.50314,1.50339,1.12,1.37
2016.01.04 03:07:13.707,1.50311,1.50339,1.87,1.75
2016.01.04 03:07:14.475,1.50312,1.50338,1.37,1.37
2016.01.04 03:07:14.526,1.50315,1.5034,1.00,1.12
2016.01.04 03:07:15.036,1.50313,1.5034,1.87,1.12
2016.01.04 03:07:15.554,1.50313,1.5034,2.62,1.12
2016.01.04 03:07:16.338,1.50311,1.50337,1.87,1.12
2016.01.04 03:07:16.643,1.50313,1.50342,1.37,1.75
2016.01.04 03:07:16.745,1.50317,1.50341,1.00,1.50
2016.01.04 03:07:17.154,1.5032,1.50343,1.37,1.37
2016.01.04 03:07:17.256,1.50316,1.50342,1.75,1.00
2016.01.04 03:07:17.821,1.50316,1.50344,1.87,1.87
2016.01.04 03:07:17.923,1.50314,1.50344,1.87,1.00
2016.01.04 03:07:18.179,1.50314,1.50339,1.87,1.00
2016.01.04 03:07:18.281,1.50314,1.50341,1.00,1.12
2016.01.04 03:07:18.434,1.50313,1.50339,1.87,1.00
2016.01.04 03:07:18.942,1.50314,1.50343,1.12,2.25
2016.01.04 03:07:19.407,1.50315,1.50343,1.75,1.37
2016.01.04 03:07:19.458,1.50321,1.50345,1.00,1.00
2016.01.04 03:07:19.712,1.50321,1.50347,1.00,1.00
2016.01.04 03:07:20.198,1.5032,1.50344,1.37,1.00
2016.01.04 03:07:20.300,1.50318,1.50344,1.37,1.50
2016.01.04 03:07:20.807,1.50317,1.50344,1.37,1.50
2016.01.04 03:07:21.750,1.50316,1.50344,1.87,1.00
2016.01.04 03:07:22.261,1.50317,1.50342,1.50,1.00
2016.01.04 03:07:22.414,1.50316,1.50344,1.87,1.00
2016.01.04 03:07:22.618,1.50317,1.50342,1.50,1.00
2016.01.04 03:07:22.721,1.50316,1.50342,1.37,1.00
2016.01.04 03:07:23.371,1.50317,1.50342,1.37,1.12
2016.01.04 03:07:23.881,1.50318,1.50343,1.37,1.37
2016.01.04 03:07:23.932,1.50317,1.50345,1.37,1.00
2016.01.04 03:07:24.034,1.50319,1.50348,1.87,1.50
2016.01.04 03:07:24.137,1.50325,1.50351,1.00,1.50
2016.01.04 03:07:24.239,1.50325,1.50355,1.87,1.12
2016.01.04 03:07:24.292,1.50328,1.50357,1.37,1.75
2016.01.04 03:07:24.344,1.50328,1.50358,1.50,1.50
2016.01.04 03:07:24.446,1.50331,1.50358,1.00,1.00
2016.01.04 03:07:24.860,1.5033,1.50354,1.37,1.00
2016.01.04 03:07:24.912,1.50329,1.50355,1.00,1.00
2016.01.04 03:07:25.115,1.50326,1.50355,1.37,2.25
2016.01.04 03:07:25.730,1.50327,1.50355,1.37,1.00
2016.01.04 03:07:26.155,1.50327,1.50351,1.00,1.00
2016.01.04 03:07:26.464,1.50323,1.5035,1.37,1.37
2016.01.04 03:07:26.516,1.50323,1.5035,1.00,1.00
2016.01.04 03:07:27.127,1.5032,1.5035,1.00,1.00
2016.01.04 03:07:27.557,1.50324,1.50351,1.12,1.50
2016.01.04 03:07:27.876,1.50327,1.50357,1.50,2.25
2016.01.04 03:07:27.927,1.50325,1.50357,2.25,3.00
2016.01.04 03:07:28.436,1.50328,1.50357,1.00,3.37
2016.01.04 03:07:29.164,1.50327,1.50357,2.25,1.00
2016.01.04 03:07:29.695,1.5033,1.50361,1.00,1.87
2016.01.04 03:07:30.664,1.50331,1.50358,1.37,1.00
2016.01.04 03:07:30.968,1.50331,1.5036,1.37,1.50
2016.01.04 03:07:31.172,1.50329,1.50358,1.37,1.37
2016.01.04 03:07:31.223,1.50329,1.50357,1.12,1.00
2016.01.04 03:07:31.274,1.50327,1.50355,2.25,1.37
2016.01.04 03:07:31.326,1.50327,1.50354,1.12,1.75
2016.01.04 03:07:32.161,1.50325,1.50343,1.37,1.50
2016.01.04 03:07:32.213,1.50314,1.50343,1.37,1.87
2016.01.04 03:07:32.467,1.50316,1.50343,1.00,1.00
2016.01.04 03:07:32.620,1.50315,1.50343,1.75,1.37
2016.01.04 03:07:37.356,1.50319,1.50341,1.00,1.00
2016.01.04 03:07:37.459,1.50319,1.50343,1.00,1.00
2016.01.04 03:07:37.562,1.5032,1.50351,1.00,3.00
2016.01.04 03:07:38.176,1.5032,1.50348,1.00,1.00
2016.01.04 03:07:38.431,1.50321,1.50346,1.00,1.00
2016.01.04 03:07:38.839,1.5032,1.50351,1.12,1.50
2016.01.04 03:07:38.942,1.50319,1.5035,2.62,1.12
2016.01.04 03:07:38.994,1.50319,1.50349,1.50,1.37
2016.01.04 03:07:39.607,1.50319,1.50347,1.00,1.50
2016.01.04 03:07:39.813,1.50323,1.50351,1.00,1.12
2016.01.04 03:07:40.029,1.50321,1.5035,1.00,1.00
2016.01.04 03:07:40.666,1.50321,1.50349,1.00,1.00
2016.01.04 03:07:41.263,1.50321,1.50348,1.00,1.50
2016.01.04 03:07:41.314,1.5032,1.50346,1.50,1.00
2016.01.04 03:07:43.906,1.5032,1.50348,1.50,1.50
2016.01.04 03:07:43.958,1.50323,1.50348,1.00,1.00
2016.01.04 03:07:44.009,1.50323,1.50351,1.00,1.00
2016.01.04 03:07:44.060,1.50325,1.50352,1.00,1.50
2016.01.04 03:07:44.366,1.50331,1.50358,1.50,1.00
2016.01.04 03:07:44.825,1.5033,1.50352,1.50,1.00
2016.01.04 03:07:44.876,1.50327,1.50352,1.00,1.12
2016.01.04 03:07:44.928,1.50327,1.50352,1.37,1.12
2016.01.04 03:07:45.450,1.50322,1.5035,1.12,1.50
2016.01.04 03:07:45.502,1.50321,1.5035,1.12,1.50
2016.01.04 03:07:45.858,1.50321,1.50347,1.12,1.00
2016.01.04 03:07:48.030,1.50313,1.50343,3.00,1.37
2016.01.04 03:07:48.082,1.50313,1.5034,3.00,1.00
2016.01.04 03:07:48.592,1.50313,1.5034,1.00,3.00
2016.01.04 03:07:48.644,1.50309,1.5034,2.25,3.00
2016.01.04 03:07:49.580,1.50309,1.5034,1.12,1.50
2016.01.04 03:07:49.682,1.50309,1.50337,1.12,1.00
2016.01.04 03:07:50.192,1.50307,1.50335,1.37,1.00
2016.01.04 03:07:50.499,1.50304,1.5033,1.00,1.00
2016.01.04 03:07:51.006,1.50301,1.5033,1.87,1.37
2016.01.04 03:07:51.362,1.50298,1.50328,1.12,1.50
2016.01.04 03:07:52.636,1.50297,1.50328,1.50,1.50
2016.01.04 03:07:55.582,1.50297,1.50325,2.25,1.00
2016.01.04 03:07:57.394,1.50296,1.50326,1.50,1.00
2016.01.04 03:07:57.902,1.50296,1.50325,1.50,2.25
2016.01.04 03:08:02.014,1.50297,1.50327,1.12,2.25
2016.01.04 03:08:02.218,1.50297,1.50328,2.25,1.50
2016.01.04 03:08:02.423,1.50302,1.50331,1.12,1.87
2016.01.04 03:08:02.526,1.50304,1.50335,1.37,1.12
2016.01.04 03:08:02.578,1.50305,1.50335,1.00,1.12
2016.01.04 03:08:03.062,1.50306,1.50335,1.87,1.00
2016.01.04 03:08:03.574,1.50308,1.50334,1.00,1.00
2016.01.04 03:08:04.129,1.50308,1.50332,1.00,1.00
2016.01.04 03:08:04.645,1.50306,1.50331,1.00,1.00
2016.01.04 03:08:04.798,1.50304,1.50331,1.00,1.00
2016.01.04 03:08:04.901,1.50306,1.50333,1.37,1.00
2016.01.04 03:08:05.003,1.50306,1.50335,1.37,1.12
2016.01.04 03:08:05.105,1.50308,1.50335,1.37,1.12
2016.01.04 03:08:05.411,1.50313,1.5034,1.00,1.12
2016.01.04 03:08:06.067,1.5031,1.5034,1.12,1.12
2016.01.04 03:08:10.423,1.50311,1.5034,1.00,1.12
2016.01.04 03:08:10.475,1.50315,1.50341,1.12,3.00
2016.01.04 03:08:10.526,1.50315,1.50341,1.12,2.62
2016.01.04 03:08:10.577,1.50317,1.50342,1.87,1.37
2016.01.04 03:08:10.629,1.50317,1.50346,1.87,1.00
2016.01.04 03:08:11.137,1.50318,1.50348,1.87,1.50
2016.01.04 03:08:16.359,1.5032,1.5035,1.00,1.75
2016.01.04 03:08:16.868,1.5032,1.5035,1.37,1.75
2016.01.04 03:08:17.225,1.50319,1.50349,1.37,1.12
2016.01.04 03:08:17.479,1.50319,1.50347,2.62,1.00
2016.01.04 03:08:17.632,1.5032,1.50349,1.50,1.00
2016.01.04 03:08:18.469,1.5032,1.50348,1.50,1.00
2016.01.04 03:08:19.870,1.5032,1.50348,1.12,1.00
2016.01.04 03:08:25.899,1.50318,1.50345,1.87,1.00
2016.01.04 03:08:26.205,1.5032,1.50345,1.50,1.00
2016.01.04 03:08:26.256,1.5032,1.50349,1.50,1.00
2016.01.04 03:08:26.765,1.50321,1.50348,1.00,1.50
2016.01.04 03:08:27.873,1.5032,1.50349,1.87,1.00
2016.01.04 03:08:29.050,1.5032,1.50349,1.87,1.00
2016.01.04 03:08:29.593,1.5032,1.5035,1.87,1.00
2016.01.04 03:08:31.663,1.50339,1.50353,1.87,1.00
2016.01.04 03:08:31.717,1.50339,1.50371,2.62,1.00
2016.01.04 03:08:32.228,1.50344,1.50373,1.00,2.44
2016.01.04 03:08:33.059,1.5034,1.50373,1.87,1.87
2016.01.04 03:08:38.032,1.5034,1.50373,1.75,2.25
2016.01.04 03:08:38.869,1.50339,1.50372,1.87,1.12
2016.01.04 03:08:41.498,1.50338,1.50369,1.00,3.00
2016.01.04 03:08:42.469,1.50339,1.50369,1.00,1.87
2016.01.04 03:08:43.773,1.50337,1.50369,1.87,1.87
2016.01.04 03:08:48.494,1.50341,1.50367,1.00,1.50
2016.01.04 03:08:48.546,1.50341,1.50369,1.00,1.87
2016.01.04 03:08:48.649,1.50344,1.50369,1.00,3.00
2016.01.04 03:08:48.751,1.50339,1.50369,1.00,3.75
2016.01.04 03:08:48.904,1.50336,1.50365,1.37,1.00
2016.01.04 03:08:48.955,1.50336,1.50365,1.00,1.37
2016.01.04 03:08:49.209,1.50338,1.50368,1.00,2.62
2016.01.04 03:08:49.943,1.50338,1.50367,1.00,1.50
2016.01.04 03:08:49.995,1.50338,1.50368,1.00,1.87
2016.01.04 03:08:50.605,1.50336,1.50367,2.25,1.00
2016.01.04 03:08:53.225,1.50338,1.50367,1.00,1.00
2016.01.04 03:08:54.355,1.50336,1.50368,3.00,1.87
2016.01.04 03:08:54.558,1.50336,1.50364,1.12,1.37
2016.01.04 03:08:54.813,1.50328,1.5036,1.37,1.87
2016.01.04 03:08:56.090,1.50331,1.5036,1.00,1.87
2016.01.04 03:08:56.610,1.50329,1.5036,1.37,1.37
2016.01.04 03:08:57.121,1.50331,1.5036,1.00,1.37
2016.01.04 03:08:57.683,1.50333,1.50361,1.00,1.87
2016.01.04 03:08:59.211,1.50333,1.50361,1.37,1.12
2016.01.04 03:08:59.906,1.50341,1.50362,1.87,1.00
2016.01.04 03:08:59.957,1.50349,1.50378,1.37,1.50
2016.01.04 03:09:00.214,1.50353,1.50379,1.37,1.12
2016.01.04 03:09:01.539,1.50358,1.50383,1.37,1.00
2016.01.04 03:09:01.590,1.50358,1.50385,1.37,1.12
2016.01.04 03:09:01.642,1.50361,1.50388,1.37,1.75
2016.01.04 03:09:02.658,1.50357,1.50384,1.37,1.12
2016.01.04 03:09:02.710,1.50357,1.50384,1.37,1.50
2016.01.04 03:09:02.761,1.50354,1.50382,1.37,1.00
2016.01.04 03:09:03.253,1.50352,1.5038,1.00,1.00
2016.01.04 03:09:03.304,1.50352,1.50382,1.00,1.00
2016.01.04 03:09:10.302,1.50352,1.50379,1.00,1.50
2016.01.04 03:09:10.611,1.50348,1.50379,1.50,1.75
2016.01.04 03:09:11.081,1.50347,1.50375,1.37,1.87
2016.01.04 03:09:12.335,1.50346,1.50375,1.37,1.87
2016.01.04 03:09:12.437,1.50344,1.50375,2.25,2.62
2016.01.04 03:09:12.488,1.50344,1.50368,1.87,1.00
2016.01.04 03:09:12.642,1.50343,1.50368,1.00,1.00
2016.01.04 03:09:12.794,1.50341,1.50368,1.12,1.00
2016.01.04 03:09:13.396,1.50345,1.50368,1.00,1.00
2016.01.04 03:09:13.701,1.50341,1.50368,1.87,1.00
2016.01.04 03:09:13.853,1.50339,1.50368,2.32,1.00
2016.01.04 03:09:14.158,1.50339,1.50366,1.37,1.00
2016.01.04 03:09:14.462,1.50339,1.50368,1.37,1.00
2016.01.04 03:09:15.068,1.50338,1.50367,1.37,1.00
2016.01.04 03:09:16.458,1.50338,1.50367,1.87,1.00
2016.01.04 03:09:19.065,1.50338,1.50367,1.12,1.00
2016.01.04 03:09:19.744,1.5034,1.50368,1.37,1.00
2016.01.04 03:09:20.265,1.50345,1.50368,1.00,1.00
2016.01.04 03:09:20.470,1.50342,1.50368,1.00,1.00
2016.01.04 03:09:24.503,1.50345,1.50368,1.00,1.00
2016.01.04 03:09:26.020,1.50345,1.50364,1.00,1.00
2016.01.04 03:09:26.173,1.50337,1.50359,1.37,1.50
2016.01.04 03:09:26.225,1.50334,1.50353,1.87,1.00
2016.01.04 03:09:26.378,1.50331,1.5035,1.00,1.00
2016.01.04 03:09:26.429,1.50324,1.5035,1.37,1.12
2016.01.04 03:09:26.531,1.50321,1.5035,1.37,1.12
2016.01.04 03:09:27.315,1.50324,1.5035,1.00,1.12
2016.01.04 03:09:27.857,1.50325,1.5035,1.00,1.12
2016.01.04 03:09:29.541,1.50339,1.5035,1.00,1.12
2016.01.04 03:09:29.593,1.50339,1.50363,1.00,1.37
2016.01.04 03:09:30.674,1.50339,1.50363,1.00,1.00
2016.01.04 03:09:31.972,1.50337,1.50363,1.00,1.00
2016.01.04 03:09:36.779,1.50339,1.50363,1.00,1.50
2016.01.04 03:09:37.235,1.50339,1.50366,1.00,1.87
2016.01.04 03:09:38.361,1.50339,1.50363,1.00,1.12
2016.01.04 03:09:38.886,1.50338,1.50363,1.00,1.12
2016.01.04 03:09:41.331,1.50339,1.50363,1.00,1.12
2016.01.04 03:09:42.697,1.50341,1.50365,1.00,1.12
2016.01.04 03:09:43.411,1.50344,1.50368,1.00,2.62
2016.01.04 03:09:44.494,1.50342,1.50368,1.00,1.87
2016.01.04 03:09:46.517,1.50342,1.50364,1.00,1.12
2016.01.04 03:09:47.859,1.50336,1.50364,1.87,1.12
2016.01.04 03:09:49.400,1.50335,1.50364,1.87,1.12
2016.01.04 03:09:49.859,1.50337,1.50366,1.00,1.50
2016.01.04 03:09:50.782,1.50337,1.50363,1.00,1.00
2016.01.04 03:09:51.331,1.50336,1.50362,1.37,1.00
2016.01.04 03:09:56.697,1.50334,1.50362,1.57,1.00
2016.01.04 03:09:56.954,1.50337,1.50362,1.00,1.00
2016.01.04 03:09:58.053,1.50335,1.50364,1.20,1.37
2016.01.04 03:09:58.105,1.50335,1.50363,1.57,1.00
2016.01.04 03:09:58.207,1.50335,1.50363,1.20,1.12
2016.01.04 03:10:02.782,1.50334,1.50361,1.37,1.00
2016.01.04 03:10:02.884,1.50333,1.50361,1.00,1.50
2016.01.04 03:10:02.935,1.50333,1.5036,1.12,1.37
2016.01.04 03:10:03.241,1.50329,1.50358,2.70,1.50
2016.01.04 03:10:03.745,1.5033,1.50359,1.87,1.87
2016.01.04 03:10:03.797,1.50332,1.50359,1.00,1.50
2016.01.04 03:10:04.333,1.50333,1.50359,1.00,1.00
2016.01.04 03:10:04.688,1.5033,1.50359,1.00,1.87
2016.01.04 03:10:05.448,1.5033,1.50358,1.00,1.00
2016.01.04 03:10:08.289,1.50331,1.50358,1.87,1.00
2016.01.04 03:10:08.801,1.50331,1.5036,1.37,1.50
2016.01.04 03:10:09.361,1.50331,1.50358,1.37,1.00
2016.01.04 03:10:09.873,1.50333,1.50359,1.00,1.12
2016.01.04 03:10:10.179,1.50331,1.50358,1.20,1.00
2016.01.04 03:10:10.281,1.50331,1.50361,1.95,2.25
2016.01.04 03:10:10.383,1.50334,1.50361,1.00,2.25
2016.01.04 03:10:10.908,1.50335,1.50361,1.12,1.00
2016.01.04 03:10:11.465,1.50331,1.50361,1.50,2.25
2016.01.04 03:10:11.976,1.50333,1.5036,1.00,1.50
2016.01.04 03:10:12.662,1.50332,1.50361,1.00,3.00
2016.01.04 03:10:14.019,1.5033,1.50361,2.32,3.00
2016.01.04 03:10:14.838,1.5033,1.50354,1.12,1.00
2016.01.04 03:10:14.992,1.50325,1.50353,1.10,1.50
2016.01.04 03:10:15.438,1.50322,1.50349,1.45,1.37
2016.01.04 03:10:15.489,1.50317,1.50348,1.87,1.37
2016.01.04 03:10:16.029,1.50319,1.50346,1.00,1.12
2016.01.04 03:10:16.924,1.50315,1.50346,2.62,1.12
2016.01.04 03:10:23.658,1.50322,1.50346,1.00,1.12
2016.01.04 03:10:24.664,1.50318,1.50346,1.12,1.12
2016.01.04 03:10:28.042,1.50319,1.50346,1.00,1.12
2016.01.04 03:10:28.348,1.50321,1.50347,1.00,1.00
2016.01.04 03:10:28.500,1.50321,1.5035,1.00,2.62
2016.01.04 03:10:28.986,1.50323,1.5035,1.12,1.00
2016.01.04 03:10:29.293,1.50325,1.50352,1.00,1.00
2016.01.04 03:10:29.631,1.50323,1.50352,1.50,1.00
2016.01.04 03:10:29.836,1.50327,1.50352,1.00,1.00
2016.01.04 03:10:30.140,1.50331,1.50352,1.00,1.00
2016.01.04 03:10:30.293,1.50327,1.50352,1.00,1.00
2016.01.04 03:10:30.734,1.50323,1.50353,1.12,2.25
2016.01.04 03:10:30.792,1.5032,1.50352,2.25,1.87
2016.01.04 03:10:35.885,1.50323,1.50351,1.00,2.25
2016.01.04 03:10:36.672,1.5032,1.50351,2.25,1.50
2016.01.04 03:10:37.205,1.5032,1.50351,1.87,1.50
2016.01.04 03:10:47.294,1.50321,1.50351,1.00,2.25
2016.01.04 03:10:47.870,1.5032,1.50351,1.12,1.50
2016.01.04 03:10:48.656,1.5032,1.50349,1.12,1.00
2016.01.04 03:10:48.758,1.5032,1.50347,1.12,1.00
2016.01.04 03:10:50.106,1.50319,1.50347,1.12,1.12
2016.01.04 03:10:50.908,1.50319,1.50347,1.00,1.87
2016.01.04 03:10:51.416,1.50316,1.50343,2.62,1.00
2016.01.04 03:10:53.040,1.50316,1.50346,1.87,1.75
2016.01.04 03:10:53.244,1.50318,1.50347,1.12,1.00
2016.01.04 03:10:53.772,1.50318,1.50348,1.00,1.00
2016.01.04 03:10:54.022,1.50318,1.50348,1.87,1.00
2016.01.04 03:10:54.580,1.50323,1.50348,1.00,1.00
2016.01.04 03:11:01.154,1.50319,1.50348,1.87,1.00
2016.01.04 03:11:01.410,1.50319,1.50345,1.12,1.00
2016.01.04 03:11:04.321,1.50319,1.50344,1.00,1.00
2016.01.04 03:11:05.662,1.50319,1.50345,1.00,1.00
2016.01.04 03:11:05.763,1.50319,1.50348,1.75,1.50
2016.01.04 03:11:06.537,1.5032,1.50349,1.50,1.12
2016.01.04 03:11:06.994,1.50321,1.50346,1.00,1.00
2016.01.04 03:11:07.784,1.50321,1.5035,1.00,1.50
2016.01.04 03:11:12.862,1.50317,1.50348,3.75,1.00
2016.01.04 03:11:17.872,1.50321,1.50349,1.12,1.87
2016.01.04 03:11:18.170,1.50322,1.50349,1.37,1.00
2016.01.04 03:11:19.769,1.50319,1.50349,1.37,2.25
2016.01.04 03:11:20.406,1.50317,1.50349,3.37,2.25
2016.01.04 03:11:21.244,1.50318,1.50349,1.00,2.62
2016.01.04 03:11:21.295,1.50317,1.50345,2.62,1.00
2016.01.04 03:11:23.181,1.50319,1.50345,1.00,1.00
2016.01.04 03:11:23.691,1.50318,1.50345,1.12,1.00
2016.01.04 03:11:24.228,1.50319,1.50345,1.00,1.00
2016.01.04 03:11:25.843,1.50318,1.50345,1.50,1.00
2016.01.04 03:11:26.470,1.50318,1.50347,1.50,1.00
2016.01.04 03:11:27.523,1.50319,1.50347,1.00,1.00
2016.01.04 03:11:27.574,1.50319,1.50347,1.50,1.00
2016.01.04 03:11:28.086,1.50322,1.50347,1.50,1.00
2016.01.04 03:11:29.335,1.5032,1.50347,1.12,1.00
2016.01.04 03:11:29.897,1.50318,1.50347,1.50,1.87
2016.01.04 03:11:30.001,1.5032,1.50349,1.00,1.12
2016.01.04 03:11:30.052,1.50324,1.50351,1.00,1.75
2016.01.04 03:11:30.308,1.50328,1.50356,1.00,1.12
2016.01.04 03:11:30.804,1.50328,1.50358,2.25,1.00
2016.01.04 03:11:31.075,1.50331,1.50358,1.00,1.00
2016.01.04 03:11:31.231,1.50328,1.50358,2.25,1.00
2016.01.04 03:11:32.577,1.50328,1.50358,2.62,1.12
2016.01.04 03:11:33.630,1.5033,1.50358,1.00,1.12
2016.01.04 03:11:42.206,1.5033,1.50358,1.50,1.12
2016.01.04 03:11:42.744,1.5033,1.50358,1.87,1.00
2016.01.04 03:11:44.512,1.5033,1.50358,1.00,1.00
2016.01.04 03:11:45.633,1.5033,1.50359,1.00,1.50
2016.01.04 03:11:46.327,1.5033,1.50359,1.00,1.87
2016.01.04 03:11:46.828,1.50331,1.50359,1.00,1.37
2016.01.04 03:11:47.535,1.50331,1.50359,1.00,1.37
2016.01.04 03:11:48.298,1.50329,1.50358,1.12,1.44
2016.01.04 03:11:49.166,1.50328,1.50355,1.00,1.44
2016.01.04 03:11:50.500,1.50328,1.50355,1.00,1.37
2016.01.04 03:11:52.596,1.50328,1.50356,1.37,1.37
2016.01.04 03:11:52.749,1.50329,1.50356,1.50,1.00
2016.01.04 03:11:53.505,1.50329,1.50358,2.25,1.37
2016.01.04 03:11:54.094,1.50329,1.50358,2.25,1.37
2016.01.04 03:11:55.253,1.50329,1.50358,2.25,1.37
2016.01.04 03:11:56.298,1.5033,1.50356,1.00,1.12
2016.01.04 03:11:57.790,1.5033,1.50356,1.00,1.12
2016.01.04 03:12:00.181,1.5033,1.50356,1.00,1.12
2016.01.04 03:12:00.641,1.50327,1.50356,1.87,1.12
2016.01.04 03:12:00.843,1.50329,1.50356,1.00,1.12
2016.01.04 03:12:09.549,1.50329,1.50355,1.00,1.50
2016.01.04 03:12:10.101,1.50326,1.50355,1.50,1.50
2016.01.04 03:12:17.889,1.50327,1.50355,1.12,1.50
2016.01.04 03:12:18.323,1.50329,1.50355,1.00,1.87
2016.01.04 03:12:25.149,1.50326,1.50355,1.00,1.87
2016.01.04 03:12:25.696,1.50327,1.50355,1.00,1.87
2016.01.04 03:12:27.147,1.50327,1.50354,1.00,1.75
2016.01.04 03:12:32.348,1.50327,1.50354,1.50,1.75
2016.01.04 03:12:37.283,1.50327,1.50355,1.00,2.62
2016.01.04 03:12:41.589,1.50327,1.50355,1.12,1.50
2016.01.04 03:12:44.335,1.50327,1.50353,1.00,1.12
2016.01.04 03:12:47.829,1.50327,1.50353,1.00,1.12
2016.01.04 03:12:51.283,1.50327,1.50353,1.00,1.12
2016.01.04 03:12:55.803,1.50327,1.50356,2.25,3.00
2016.01.04 03:12:59.850,1.50328,1.50355,1.12,1.37
2016.01.04 03:13:01.365,1.50328,1.50353,1.12,1.37
2016.01.04 03:13:01.906,1.50329,1.50353,1.00,1.37
2016.01.04 03:13:02.427,1.50328,1.50353,1.12,1.37
2016.01.04 03:13:08.275,1.50326,1.50355,1.75,1.37
2016.01.04 03:13:10.913,1.50326,1.50355,2.25,1.37
2016.01.04 03:13:15.821,1.50327,1.50353,1.12,1.31
2016.01.04 03:13:15.873,1.50327,1.50353,1.00,2.44
2016.01.04 03:13:16.127,1.50319,1.50348,1.87,1.81
2016.01.04 03:13:16.231,1.50318,1.50345,1.00,1.37
2016.01.04 03:13:17.391,1.5032,1.50348,1.12,1.75
2016.01.04 03:13:17.864,1.50318,1.50347,2.62,1.50
2016.01.04 03:13:18.366,1.50318,1.50346,2.25,1.12
2016.01.04 03:13:19.608,1.50319,1.50347,1.00,1.37
2016.01.04 03:13:19.914,1.50324,1.50348,1.00,1.37
2016.01.04 03:13:20.322,1.50325,1.50348,1.00,1.00
2016.01.04 03:13:21.440,1.50323,1.50348,1.00,1.00
2016.01.04 03:13:21.491,1.50323,1.50348,1.00,1.37
2016.01.04 03:13:21.849,1.50321,1.50348,1.00,1.37
2016.01.04 03:13:22.809,1.50321,1.50348,1.00,1.25
2016.01.04 03:13:24.678,1.50321,1.50348,1.00,1.44
2016.01.04 03:13:25.468,1.50323,1.50348,1.00,1.44
2016.01.04 03:13:26.458,1.50321,1.50348,1.00,1.44
2016.01.04 03:13:31.785,1.50323,1.50348,1.00,1.87
2016.01.04 03:13:32.175,1.50323,1.50348,1.00,1.50
2016.01.04 03:13:32.425,1.50321,1.50348,1.00,1.50
2016.01.04 03:13:33.528,1.50321,1.50348,1.00,1.87
2016.01.04 03:13:35.281,1.50321,1.50347,1.00,1.25
2016.01.04 03:13:37.027,1.50324,1.50348,1.00,1.19
2016.01.04 03:13:38.242,1.50322,1.50348,1.00,1.19
2016.01.04 03:13:40.450,1.5032,1.50348,1.00,1.44
2016.01.04 03:13:41.549,1.50321,1.50348,1.00,1.44
2016.01.04 03:13:41.651,1.50321,1.50348,1.00,1.00
2016.01.04 03:13:43.544,1.50324,1.50348,1.00,1.00
2016.01.04 03:13:44.864,1.50322,1.50348,1.00,1.12
2016.01.04 03:13:52.848,1.50322,1.50348,1.00,1.37
2016.01.04 03:13:54.193,1.50322,1.50347,1.00,1.75
2016.01.04 03:13:56.397,1.50323,1.50347,1.00,1.12
2016.01.04 03:13:56.704,1.50323,1.50347,1.00,1.81
2016.01.04 03:13:56.807,1.50323,1.5035,2.25,1.00
2016.01.04 03:13:57.363,1.50332,1.5035,1.00,1.00
2016.01.04 03:13:57.466,1.50332,1.50353,1.00,1.50
2016.01.04 03:13:57.821,1.5033,1.50353,1.00,1.50
2016.01.04 03:13:58.050,1.50326,1.50351,1.00,1.00
2016.01.04 03:13:58.152,1.50326,1.5035,1.00,1.37
2016.01.04 03:13:58.508,1.50323,1.50352,1.50,1.50
2016.01.04 03:13:58.559,1.50324,1.50353,1.00,1.00
2016.01.04 03:13:58.611,1.50325,1.50354,1.75,1.00
2016.01.04 03:13:59.698,1.5034,1.50361,1.00,1.37
2016.01.04 03:14:00.004,1.5034,1.50364,1.00,1.87
2016.01.04 03:14:00.055,1.50342,1.50364,1.00,1.87
2016.01.04 03:14:00.565,1.50342,1.50364,1.00,1.00
2016.01.04 03:14:01.334,1.50344,1.50364,1.00,1.00
2016.01.04 03:14:01.682,1.50341,1.50364,1.00,1.00
2016.01.04 03:14:02.039,1.50337,1.50364,1.00,1.00
2016.01.04 03:14:02.446,1.50339,1.50364,1.00,1.00
2016.01.04 03:14:02.548,1.50337,1.50364,1.00,1.00
2016.01.04 03:14:03.098,1.50346,1.50364,1.00,1.00
2016.01.04 03:14:03.352,1.50344,1.50364,1.00,1.00
2016.01.04 03:14:03.808,1.50344,1.50369,1.00,2.81
2016.01.04 03:14:03.911,1.50345,1.50369,1.37,1.62
2016.01.04 03:14:04.013,1.50347,1.50372,1.50,1.37
2016.01.04 03:14:04.064,1.50347,1.50372,1.50,1.00
2016.01.04 03:14:04.714,1.50347,1.50372,1.50,1.87
2016.01.04 03:14:05.416,1.50345,1.50369,1.00,1.12
2016.01.04 03:14:06.647,1.50345,1.50368,1.00,1.00
2016.01.04 03:14:07.156,1.50345,1.50369,1.00,1.12
2016.01.04 03:14:08.193,1.50342,1.50369,1.00,1.12
2016.01.04 03:14:08.711,1.5034,1.50369,2.25,1.50
2016.01.04 03:14:09.810,1.50342,1.50369,1.00,1.50
2016.01.04 03:14:11.817,1.5034,1.50369,1.50,1.50
2016.01.04 03:14:11.970,1.50343,1.5037,1.00,1.87
2016.01.04 03:14:12.275,1.50355,1.50383,2.25,1.00
2016.01.04 03:14:13.212,1.50359,1.50386,1.00,1.37
2016.01.04 03:14:13.366,1.50369,1.50395,1.12,1.00
2016.01.04 03:14:13.468,1.50376,1.50395,1.00,1.00
2016.01.04 03:14:13.775,1.50374,1.50395,1.00,1.00
2016.01.04 03:14:14.234,1.5038,1.50395,1.00,1.00
2016.01.04 03:14:14.812,1.50379,1.50406,1.50,1.37
2016.01.04 03:14:14.916,1.5038,1.50408,1.50,1.50
2016.01.04 03:14:15.434,1.50381,1.50408,1.00,1.50
2016.01.04 03:14:15.642,1.50384,1.50408,1.00,1.50
2016.01.04 03:14:16.831,1.50382,1.50408,1.00,1.50
2016.01.04 03:14:17.395,1.50381,1.50405,1.00,1.37
2016.01.04 03:14:17.752,1.50376,1.50405,2.25,1.37
2016.01.04 03:14:18.553,1.50377,1.50404,1.50,1.37
2016.01.04 03:14:19.012,1.50376,1.50407,2.25,1.69
2016.01.04 03:14:21.757,1.5038,1.50407,1.00,1.50
2016.01.04 03:14:22.063,1.50384,1.50408,1.00,1.50
2016.01.04 03:14:23.040,1.50383,1.50407,1.00,1.12
2016.01.04 03:14:23.346,1.50373,1.50398,1.00,1.12
2016.01.04 03:14:23.397,1.5037,1.50398,1.00,1.12
2016.01.04 03:14:23.448,1.50372,1.50397,1.00,1.37
2016.01.04 03:14:23.703,1.50351,1.50378,1.00,1.75
2016.01.04 03:14:23.959,1.50351,1.50376,1.00,1.75
2016.01.04 03:14:24.767,1.50346,1.50375,1.00,1.37
2016.01.04 03:14:26.764,1.50344,1.50374,1.87,1.00
2016.01.04 03:14:26.970,1.50342,1.50373,1.75,1.87
2016.01.04 03:14:27.176,1.50341,1.50371,1.12,1.75
2016.01.04 03:14:27.707,1.50341,1.5037,1.12,3.37
2016.01.04 03:14:29.209,1.5034,1.5037,1.50,1.87
2016.01.04 03:14:30.645,1.50343,1.50369,1.00,1.12
2016.01.04 03:14:33.367,1.50345,1.50369,1.00,1.12
2016.01.04 03:14:33.469,1.50342,1.50373,2.62,1.50
2016.01.04 03:14:33.521,1.50348,1.50373,1.00,1.12
2016.01.04 03:14:33.826,1.50351,1.50374,1.50,1.00
2016.01.04 03:14:33.999,1.50351,1.50378,1.50,1.00
2016.01.04 03:14:34.319,1.50351,1.50376,1.50,1.00
2016.01.04 03:14:34.848,1.50349,1.50375,1.50,1.00
2016.01.04 03:14:34.904,1.50348,1.50375,1.00,1.00
2016.01.04 03:14:39.952,1.50348,1.50377,1.00,1.00
2016.01.04 03:14:40.484,1.50349,1.50377,1.00,1.50
2016.01.04 03:14:40.937,1.50355,1.50377,1.00,1.50
2016.01.04 03:14:41.242,1.50359,1.50377,1.87,1.00
2016.01.04 03:14:41.800,1.50363,1.50391,1.12,1.50
2016.01.04 03:14:44.140,1.50363,1.50391,1.12,1.50
2016.01.04 03:14:48.596,1.50361,1.50391,1.50,1.50
2016.01.04 03:14:49.716,1.50361,1.50391,1.50,1.87
2016.01.04 03:14:51.154,1.50361,1.5039,1.50,1.00
2016.01.04 03:14:52.311,1.50353,1.50371,1.00,1.12
2016.01.04 03:14:52.369,1.50344,1.50371,3.00,1.12
2016.01.04 03:14:54.921,1.50344,1.50374,2.25,1.95
2016.01.04 03:14:56.318,1.50344,1.50374,2.25,1.95
2016.01.04 03:15:02.232,1.50346,1.50377,1.75,3.75
2016.01.04 03:15:02.283,1.50346,1.50377,1.75,1.87
2016.01.04 03:15:02.385,1.50353,1.50377,1.00,1.87
2016.01.04 03:15:02.640,1.50356,1.50383,1.00,1.00
2016.01.04 03:15:02.741,1.50356,1.50388,2.25,3.00
2016.01.04 03:15:03.229,1.50361,1.50388,1.00,1.00
2016.01.04 03:15:03.281,1.50361,1.5039,1.00,1.00
2016.01.04 03:15:03.484,1.50363,1.50391,1.00,1.87
2016.01.04 03:15:03.790,1.50365,1.5039,1.00,2.62
2016.01.04 03:15:03.841,1.50362,1.5039,1.00,2.62
2016.01.04 03:15:04.044,1.50364,1.5039,1.00,2.62
2016.01.04 03:15:05.490,1.50361,1.5039,1.00,2.62
2016.01.04 03:15:06.013,1.50361,1.5039,1.00,1.50
2016.01.04 03:15:09.747,1.50361,1.5039,1.50,3.37
2016.01.04 03:15:11.951,1.50361,1.50388,1.50,2.25
2016.01.04 03:15:12.353,1.50355,1.50384,1.37,1.87
2016.01.04 03:15:12.608,1.50351,1.50383,2.25,3.37
2016.01.04 03:15:12.659,1.5035,1.50381,2.62,1.75
2016.01.04 03:15:14.035,1.50349,1.5038,1.75,1.37
2016.01.04 03:15:14.392,1.50349,1.50373,1.12,1.00
2016.01.04 03:15:14.443,1.50348,1.50373,1.12,1.00
2016.01.04 03:15:14.494,1.50348,1.50376,1.12,1.25
2016.01.04 03:15:15.028,1.50348,1.50373,1.12,1.00
2016.01.04 03:15:15.778,1.50347,1.50373,2.25,1.44
2016.01.04 03:15:17.381,1.50348,1.50373,1.87,1.44
2016.01.04 03:15:18.033,1.50351,1.50378,1.12,1.75
2016.01.04 03:15:18.237,1.50357,1.50378,1.00,1.25
2016.01.04 03:15:19.416,1.50357,1.50379,1.00,1.00
2016.01.04 03:15:19.468,1.50357,1.50387,1.00,2.51
2016.01.04 03:15:19.519,1.50357,1.50387,1.00,2.06
2016.01.04 03:15:19.875,1.50358,1.50387,1.00,1.25
2016.01.04 03:15:20.282,1.50358,1.50385,1.00,1.37
2016.01.04 03:15:20.758,1.50357,1.50379,1.00,1.00
2016.01.04 03:15:23.309,1.50357,1.50382,1.50,1.76
2016.01.04 03:15:24.963,1.50359,1.50384,1.00,4.12
2016.01.04 03:15:26.780,1.50359,1.50382,1.37,1.37
2016.01.04 03:15:27.288,1.50361,1.50384,1.12,2.62
2016.01.04 03:15:27.808,1.50361,1.50386,1.12,1.75
2016.01.04 03:15:31.042,1.50361,1.50388,1.12,1.75
2016.01.04 03:15:32.185,1.50361,1.50389,1.12,4.12
2016.01.04 03:15:35.290,1.50361,1.50385,1.12,1.75
2016.01.04 03:15:35.844,1.50361,1.50385,1.12,1.75
2016.01.04 03:15:37.011,1.50361,1.50385,1.12,1.81
2016.01.04 03:15:37.519,1.50361,1.50388,1.12,2.25
2016.01.04 03:15:38.368,1.50361,1.50386,1.12,1.75
2016.01.04 03:15:41.201,1.50361,1.50386,1.12,1.75
2016.01.04 03:15:42.282,1.50361,1.50387,1.12,1.75
2016.01.04 03:15:43.198,1.50361,1.50387,1.75,1.75
2016.01.04 03:15:44.342,1.50361,1.50388,1.00,1.37
2016.01.04 03:15:44.810,1.50359,1.50388,1.87,1.37
2016.01.04 03:15:45.116,1.50372,1.50396,1.00,1.37
2016.01.04 03:15:45.168,1.50374,1.50397,1.37,2.25
2016.01.04 03:15:45.321,1.50377,1.50397,1.00,2.25
2016.01.04 03:15:45.788,1.50378,1.50397,2.25,2.25
2016.01.04 03:15:46.164,1.50378,1.50406,2.62,1.81
2016.01.04 03:15:47.601,1.50381,1.50407,1.75,1.75
2016.01.04 03:15:48.121,1.50382,1.50407,1.50,1.75
2016.01.04 03:15:50.178,1.50382,1.50407,1.00,1.75
2016.01.04 03:15:50.688,1.5038,1.50404,1.37,1.56
2016.01.04 03:15:51.376,1.50379,1.50403,1.50,1.75
2016.01.04 03:15:51.936,1.50377,1.50403,1.12,1.75
2016.01.04 03:15:55.276,1.50375,1.50398,1.12,3.00
2016.01.04 03:15:55.327,1.50374,1.50397,1.87,1.12
2016.01.04 03:15:55.429,1.50374,1.50396,1.12,1.37
2016.01.04 03:15:55.531,1.50373,1.50393,1.00,1.37
2016.01.04 03:15:55.633,1.50367,1.50393,1.37,1.37
2016.01.04 03:15:56.040,1.50366,1.50393,1.37,2.25
2016.01.04 03:15:56.351,1.50363,1.50391,2.62,1.37
2016.01.04 03:15:57.327,1.50362,1.50389,1.87,1.12
2016.01.04 03:15:57.548,1.50362,1.50388,1.87,2.62
2016.01.04 03:15:59.555,1.50362,1.50388,1.00,3.00
2016.01.04 03:15:59.862,1.50367,1.50388,1.00,1.12
2016.01.04 03:16:00.111,1.50367,1.50388,1.00,1.12
2016.01.04 03:16:00.463,1.50361,1.50388,1.50,1.37
2016.01.04 03:16:01.587,1.5036,1.50388,1.50,1.37
2016.01.04 03:16:02.765,1.50359,1.50387,1.37,1.75
2016.01.04 03:16:02.918,1.50367,1.5039,1.00,2.62
2016.01.04 03:16:02.970,1.50367,1.50392,1.00,2.25
2016.01.04 03:16:03.022,1.50368,1.50392,1.87,1.75
2016.01.04 03:16:03.328,1.50365,1.50392,2.25,2.20
2016.01.04 03:16:03.863,1.50365,1.5039,1.00,1.33
2016.01.04 03:16:04.575,1.50363,1.50391,1.00,1.45
2016.01.04 03:16:04.678,1.50361,1.50389,1.12,1.08
2016.01.04 03:16:04.730,1.50361,1.50388,1.12,2.58
2016.01.04 03:16:05.076,1.50367,1.50388,1.00,2.58
2016.01.04 03:16:05.228,1.50365,1.50388,1.00,2.95
2016.01.04 03:16:05.750,1.50361,1.50388,1.87,2.95
2016.01.04 03:16:07.801,1.50363,1.50387,1.00,1.45
2016.01.04 03:16:10.532,1.50363,1.50387,1.00,1.45
2016.01.04 03:16:10.583,1.5036,1.50387,1.87,1.33
2016.01.04 03:16:10.685,1.50362,1.50387,1.37,1.33
2016.01.04 03:16:10.998,1.50367,1.50389,1.00,2.58
2016.01.04 03:16:11.802,1.50362,1.50389,2.25,2.58
2016.01.04 03:16:12.056,1.50361,1.50389,1.00,3.33
2016.01.04 03:16:13.949,1.50361,1.50388,1.00,1.83
2016.01.04 03:16:15.860,1.50359,1.50388,1.87,2.58
2016.01.04 03:16:16.013,1.50367,1.50388,1.00,1.83
2016.01.04 03:16:17.070,1.50362,1.50388,1.00,1.83
2016.01.04 03:16:17.577,1.50363,1.50388,1.00,2.58
2016.01.04 03:16:18.574,1.50363,1.50388,1.00,2.58
2016.01.04 03:16:20.290,1.50358,1.50384,1.12,1.12
2016.01.04 03:16:20.341,1.50357,1.50379,1.87,1.37
2016.01.04 03:16:20.393,1.50356,1.50379,1.12,1.75
2016.01.04 03:16:20.496,1.50358,1.50381,1.00,1.62
2016.01.04 03:16:20.548,1.50358,1.5038,1.00,1.50
2016.01.04 03:16:20.599,1.50355,1.5038,1.00,1.87
2016.01.04 03:16:20.701,1.50358,1.5038,1.00,1.12
2016.01.04 03:16:20.956,1.50355,1.5038,1.00,1.87
2016.01.04 03:16:21.759,1.50355,1.50379,1.00,1.12
2016.01.04 03:16:22.079,1.50359,1.50379,1.00,1.12
2016.01.04 03:16:22.284,1.50356,1.50381,1.12,2.25
2016.01.04 03:16:22.690,1.50353,1.50379,1.37,1.37
2016.01.04 03:16:22.894,1.50353,1.50379,1.00,1.37
2016.01.04 03:16:24.090,1.50353,1.50379,1.00,1.37
2016.01.04 03:16:25.295,1.50353,1.50377,1.00,1.37
2016.01.04 03:16:26.241,1.5035,1.50377,1.12,1.75
2016.01.04 03:16:26.344,1.50352,1.50376,1.00,1.87
2016.01.04 03:16:26.654,1.50346,1.50373,2.62,1.37
2016.01.04 03:16:27.309,1.50348,1.50375,1.00,1.75
2016.01.04 03:16:27.513,1.50348,1.50377,1.00,1.87
2016.01.04 03:16:27.717,1.50349,1.50378,2.25,1.75
2016.01.04 03:16:28.023,1.50353,1.50379,1.00,1.87
2016.01.04 03:16:28.379,1.50354,1.50377,1.00,1.37
2016.01.04 03:16:28.431,1.50352,1.50377,1.00,1.75
2016.01.04 03:16:28.852,1.50345,1.50374,3.00,1.37
2016.01.04 03:16:28.908,1.50346,1.50374,1.12,2.25
2016.01.04 03:16:29.214,1.50353,1.50377,1.00,4.12
2016.01.04 03:16:30.663,1.50353,1.50377,1.00,2.25
2016.01.04 03:16:30.868,1.50348,1.50375,1.00,1.37
2016.01.04 03:16:30.920,1.50348,1.50373,1.00,2.25
2016.01.04 03:16:31.225,1.50348,1.50361,1.00,1.12
2016.01.04 03:16:31.581,1.50334,1.50361,2.62,1.12
2016.01.04 03:16:34.953,1.50334,1.5036,1.00,1.12
2016.01.04 03:16:35.157,1.50332,1.50357,1.00,1.19
2016.01.04 03:16:35.583,1.50336,1.50357,1.00,1.19
2016.01.04 03:16:35.686,1.5033,1.50356,1.87,1.25
2016.01.04 03:16:35.738,1.5033,1.50356,1.37,2.00
2016.01.04 03:16:36.828,1.50332,1.50355,1.00,1.00
2016.01.04 03:16:36.982,1.50329,1.50355,1.37,1.44
2016.01.04 03:16:37.135,1.50328,1.50355,1.00,1.44
2016.01.04 03:16:37.238,1.50326,1.50355,1.37,2.25
2016.01.04 03:16:38.041,1.50326,1.50353,1.37,1.12
2016.01.04 03:16:40.747,1.50325,1.50353,1.37,2.25
2016.01.04 03:16:43.659,1.50324,1.50351,1.50,1.12
2016.01.04 03:16:43.865,1.50324,1.50349,1.00,1.75
2016.01.04 03:16:44.018,1.5032,1.50347,1.00,1.12
2016.01.04 03:16:44.728,1.50324,1.50347,1.00,1.12
2016.01.04 03:16:44.881,1.50322,1.5035,1.50,1.37
2016.01.04 03:16:45.287,1.5032,1.50348,1.50,1.00
2016.01.04 03:16:45.338,1.50325,1.50348,1.00,1.00
2016.01.04 03:16:46.438,1.50323,1.50344,1.00,1.50
2016.01.04 03:16:46.693,1.50328,1.5035,1.87,1.00
2016.01.04 03:16:46.744,1.50328,1.50353,2.25,1.12
2016.01.04 03:16:46.846,1.50328,1.50356,1.50,1.12
2016.01.04 03:16:48.105,1.50326,1.50354,1.50,1.12
2016.01.04 03:16:48.656,1.50327,1.50354,1.37,1.12
2016.01.04 03:16:50.882,1.50327,1.50353,1.37,1.00
2016.01.04 03:16:52.928,1.50327,1.50354,1.37,1.87
2016.01.04 03:16:57.011,1.5033,1.50354,1.37,1.12
2016.01.04 03:16:57.167,1.50328,1.50355,1.37,1.37
2016.01.04 03:16:57.953,1.5033,1.50355,1.00,1.00
2016.01.04 03:16:58.258,1.50331,1.50357,1.00,1.12
2016.01.04 03:16:59.959,1.50331,1.50357,1.87,1.12
2016.01.04 03:17:01.565,1.50331,1.50357,1.00,1.00
2016.01.04 03:17:02.115,1.5033,1.50357,1.00,1.87
2016.01.04 03:17:02.953,1.50329,1.50357,1.00,1.87
2016.01.04 03:17:03.511,1.50328,1.50357,1.87,1.87
2016.01.04 03:17:04.024,1.50329,1.50357,1.00,1.87
2016.01.04 03:17:04.951,1.50329,1.50357,1.37,1.50
2016.01.04 03:17:05.258,1.50334,1.50359,1.50,1.37
2016.01.04 03:17:05.411,1.50337,1.50362,1.12,1.37
2016.01.04 03:17:07.488,1.50337,1.50358,1.12,1.37
2016.01.04 03:17:08.097,1.50332,1.50358,2.25,1.37
2016.01.04 03:17:08.554,1.50332,1.50358,1.50,1.50
2016.01.04 03:17:09.113,1.50332,1.50359,1.00,1.37
2016.01.04 03:17:09.645,1.50333,1.50359,1.00,1.37
2016.01.04 03:17:10.646,1.5033,1.50359,1.87,1.37
2016.01.04 03:17:11.549,1.50332,1.50359,1.00,1.37
2016.01.04 03:17:11.803,1.50327,1.50356,1.00,1.37
2016.01.04 03:17:12.470,1.50327,1.50354,1.12,1.75
2016.01.04 03:17:18.064,1.50325,1.50354,1.75,1.50
2016.01.04 03:17:18.116,1.50325,1.50354,1.75,1.12
2016.01.04 03:17:18.423,1.50325,1.50354,1.75,1.50
2016.01.04 03:17:20.045,1.50325,1.50354,1.75,1.12
2016.01.04 03:17:21.758,1.5033,1.50355,1.00,1.12
2016.01.04 03:17:22.261,1.50327,1.50355,1.87,1.12
2016.01.04 03:17:22.381,1.50327,1.50356,3.00,1.87
2016.01.04 03:17:22.686,1.50335,1.50359,1.00,1.37
2016.01.04 03:17:22.839,1.50338,1.50363,1.00,2.25
2016.01.04 03:17:23.943,1.50336,1.50363,1.00,2.25
2016.01.04 03:17:25.559,1.50337,1.50363,1.00,2.25
2016.01.04 03:17:27.872,1.50337,1.50363,1.00,1.56
2016.01.04 03:17:28.903,1.50337,1.50364,2.25,1.56
2016.01.04 03:17:29.427,1.50337,1.50364,1.12,1.56
2016.01.04 03:17:34.291,1.50337,1.50366,1.12,1.75
2016.01.04 03:17:34.393,1.5034,1.50366,1.00,1.75
2016.01.04 03:17:35.303,1.5034,1.50366,1.00,1.37
2016.01.04 03:17:35.890,1.5034,1.50366,1.00,1.95
2016.01.04 03:17:37.563,1.5034,1.50366,1.50,1.57
2016.01.04 03:17:40.107,1.50339,1.50366,1.00,1.39
2016.01.04 03:17:48.577,1.50341,1.50366,1.00,1.37
2016.01.04 03:17:50.582,1.50339,1.50366,1.00,1.37
2016.01.04 03:17:54.745,1.50342,1.50366,1.00,1.37
2016.01.04 03:17:58.367,1.5034,1.50366,1.00,1.37
2016.01.04 03:17:59.561,1.5034,1.50366,2.25,1.37
2016.01.04 03:17:59.985,1.50347,1.50368,1.00,1.37
2016.01.04 03:18:00.089,1.50344,1.50369,1.00,1.50
2016.01.04 03:18:00.395,1.50344,1.50369,1.37,1.50
2016.01.04 03:18:00.700,1.50347,1.50369,1.75,1.50
2016.01.04 03:18:00.752,1.50347,1.50369,1.75,1.00
2016.01.04 03:18:01.554,1.50349,1.50373,1.12,1.37
2016.01.04 03:18:04.381,1.50349,1.50376,1.12,1.75
2016.01.04 03:18:04.432,1.50352,1.50376,1.00,1.75
2016.01.04 03:18:06.382,1.50349,1.50376,1.12,1.75
2016.01.04 03:18:06.891,1.50349,1.50375,1.12,1.50
2016.01.04 03:18:08.563,1.50352,1.50375,1.00,1.50
2016.01.04 03:18:17.271,1.5035,1.50375,1.00,2.25
2016.01.04 03:18:17.774,1.50348,1.50373,1.00,1.12
2016.01.04 03:18:17.832,1.50348,1.50373,1.00,1.87
2016.01.04 03:18:20.442,1.50346,1.5037,1.00,1.37
2016.01.04 03:18:20.493,1.50343,1.50368,1.00,1.12
2016.01.04 03:18:20.697,1.5034,1.5037,1.87,3.37
2016.01.04 03:18:20.799,1.5034,1.50367,1.12,1.75
2016.01.04 03:18:21.002,1.50338,1.50361,1.00,1.12
2016.01.04 03:18:21.053,1.50335,1.50361,1.37,1.12
2016.01.04 03:18:21.105,1.50334,1.50361,1.50,1.00
2016.01.04 03:18:21.207,1.50334,1.50361,1.00,3.75
2016.01.04 03:18:25.280,1.50334,1.50361,1.00,1.37
2016.01.04 03:18:27.125,1.50334,1.50361,1.87,1.37
2016.01.04 03:18:27.635,1.50334,1.50361,1.00,1.37
2016.01.04 03:18:29.844,1.50334,1.50361,1.00,1.37
2016.01.04 03:18:30.351,1.50332,1.5036,1.37,1.87
2016.01.04 03:18:30.858,1.50332,1.50359,1.12,1.12
2016.01.04 03:18:31.900,1.5033,1.50359,1.37,1.87
2016.01.04 03:18:33.203,1.5033,1.50359,1.37,1.87
2016.01.04 03:18:34.858,1.5033,1.50359,1.37,2.62
2016.01.04 03:18:35.496,1.5033,1.50359,1.37,2.62
2016.01.04 03:18:36.801,1.50329,1.50355,1.00,1.50
2016.01.04 03:18:36.853,1.50326,1.50355,1.50,1.50
2016.01.04 03:18:37.405,1.50326,1.50355,1.50,3.37
2016.01.04 03:18:38.441,1.50323,1.50349,3.37,1.00
2016.01.04 03:18:38.978,1.50324,1.50349,1.00,1.00
2016.01.04 03:18:41.843,1.50326,1.50349,1.00,1.00
2016.01.04 03:18:41.895,1.50323,1.50349,2.62,1.00
2016.01.04 03:18:42.842,1.50321,1.50349,1.12,1.00
2016.01.04 03:18:43.349,1.50322,1.50348,1.00,1.00
2016.01.04 03:18:44.241,1.50323,1.50348,1.00,1.00
2016.01.04 03:18:44.799,1.50323,1.50347,1.00,1.00
2016.01.04 03:18:45.125,1.50321,1.50347,1.12,1.00
2016.01.04 03:18:45.227,1.50321,1.50342,1.12,1.00
2016.01.04 03:18:46.074,1.50321,1.50344,1.12,1.00
2016.01.04 03:18:46.582,1.50321,1.50343,1.12,1.00
2016.01.04 03:18:49.775,1.50319,1.50343,1.00,1.12
2016.01.04 03:18:51.540,1.50322,1.50345,1.00,1.37
2016.01.04 03:18:52.487,1.50322,1.50342,1.00,1.00
2016.01.04 03:18:55.568,1.50322,1.50345,1.00,1.37
2016.01.04 03:18:56.119,1.50321,1.50345,2.25,1.37
2016.01.04 03:18:56.775,1.50325,1.50345,1.00,1.00
2016.01.04 03:18:57.872,1.50322,1.50345,1.12,1.00
2016.01.04 03:18:58.182,1.50322,1.50345,1.12,1.37
2016.01.04 03:19:00.407,1.50322,1.5034,1.00,1.00
2016.01.04 03:19:00.509,1.50322,1.50343,1.00,1.37
2016.01.04 03:19:01.929,1.50322,1.50343,1.00,1.00
2016.01.04 03:19:05.651,1.50322,1.50343,1.00,1.37
2016.01.04 03:19:08.647,1.50322,1.50341,1.00,1.00
2016.01.04 03:19:13.272,1.50322,1.50343,1.00,1.37
2016.01.04 03:19:14.088,1.5032,1.50343,1.00,1.37
2016.01.04 03:19:18.554,1.5032,1.5034,1.00,1.12
2016.01.04 03:19:24.046,1.50315,1.50335,1.50,1.00
2016.01.04 03:19:24.103,1.50312,1.50335,1.87,1.00
2016.01.04 03:19:24.256,1.50312,1.50336,1.12,1.00
2016.01.04 03:19:24.663,1.50308,1.50336,1.50,1.12
2016.01.04 03:19:24.765,1.50308,1.50334,1.12,1.37
2016.01.04 03:19:25.421,1.50307,1.50327,1.37,1.00
2016.01.04 03:19:25.472,1.50305,1.50327,1.87,1.00
2016.01.04 03:19:25.982,1.50305,1.50328,1.37,1.00
2016.01.04 03:19:27.651,1.50305,1.50328,1.00,1.00
2016.01.04 03:19:27.703,1.50305,1.50325,1.00,1.00
2016.01.04 03:19:29.804,1.50305,1.50328,1.00,1.00
2016.01.04 03:19:30.722,1.50305,1.50326,1.00,1.00
2016.01.04 03:19:33.316,1.50303,1.50326,2.25,1.00
2016.01.04 03:19:34.225,1.50305,1.50326,1.00,1.00
2016.01.04 03:19:34.277,1.50305,1.50329,1.00,1.12
2016.01.04 03:19:35.181,1.50305,1.50329,1.37,1.00
2016.01.04 03:19:38.686,1.50305,1.50327,1.37,1.00
2016.01.04 03:19:45.151,1.50304,1.50326,1.37,1.00
2016.01.04 03:19:45.202,1.50302,1.50326,1.00,1.87
2016.01.04 03:19:45.253,1.503,1.50318,1.37,2.25
2016.01.04 03:19:45.356,1.50296,1.50318,1.00,2.25
2016.01.04 03:19:45.407,1.50292,1.50318,1.37,2.62
2016.01.04 03:19:45.512,1.5029,1.50316,1.12,1.12
2016.01.04 03:19:45.782,1.5029,1.50309,1.12,1.00
2016.01.04 03:19:46.399,1.50288,1.50309,1.00,1.00
2016.01.04 03:19:48.481,1.50288,1.50306,1.00,1.00
2016.01.04 03:19:50.748,1.50284,1.50306,1.12,1.00
2016.01.04 03:19:52.072,1.50283,1.50304,2.62,1.00
2016.01.04 03:19:52.377,1.50279,1.50298,1.00,3.00
2016.01.04 03:19:53.495,1.50267,1.50296,1.87,1.37
2016.01.04 03:19:54.233,1.50271,1.50298,1.37,2.62
2016.01.04 03:19:54.336,1.5027,1.50298,1.00,2.62
2016.01.04 03:19:54.388,1.5027,1.5029,1.00,1.00
2016.01.04 03:19:58.236,1.50267,1.5029,1.87,1.00
2016.01.04 03:19:58.288,1.50267,1.5029,1.00,1.00
2016.01.04 03:19:58.339,1.50265,1.50287,1.50,1.00
2016.01.04 03:19:58.391,1.50263,1.50287,1.12,1.00
2016.01.04 03:19:59.353,1.50268,1.50285,1.00,1.00
2016.01.04 03:19:59.557,1.50268,1.50289,1.12,1.00
2016.01.04 03:19:59.978,1.50269,1.50292,1.00,1.12
2016.01.04 03:20:00.710,1.50269,1.50294,1.50,1.37
2016.01.04 03:20:01.072,1.5027,1.50296,1.75,1.37
2016.01.04 03:20:01.174,1.50273,1.50297,1.12,1.25
2016.01.04 03:20:02.218,1.50273,1.503,1.12,2.25
2016.01.04 03:20:03.762,1.50273,1.503,1.12,1.75
2016.01.04 03:20:04.536,1.50273,1.503,2.25,2.25
2016.01.04 03:20:06.403,1.5029,1.50309,1.12,1.00
2016.01.04 03:20:06.948,1.50291,1.50309,1.00,1.00
2016.01.04 03:20:11.148,1.50293,1.50309,1.00,1.00
2016.01.04 03:20:11.250,1.50293,1.5032,1.75,1.75
2016.01.04 03:20:11.804,1.50294,1.50321,1.37,1.12
2016.01.04 03:20:14.330,1.50294,1.50321,1.37,1.50
2016.01.04 03:20:15.965,1.50294,1.50321,1.37,1.50
2016.01.04 03:20:18.621,1.50294,1.50319,1.37,1.44
2016.01.04 03:20:18.773,1.50289,1.50317,1.12,2.06
2016.01.04 03:20:18.875,1.50288,1.50317,1.87,1.62
2016.01.04 03:20:19.028,1.50287,1.50315,1.87,1.00
2016.01.04 03:20:19.129,1.50287,1.50312,1.87,1.00
2016.01.04 03:20:20.117,1.50288,1.50313,1.00,1.37
2016.01.04 03:20:20.422,1.50289,1.50315,1.75,1.37
2016.01.04 03:20:20.474,1.50288,1.50315,1.00,1.87
2016.01.04 03:20:20.881,1.50286,1.50312,1.50,1.87
2016.01.04 03:20:31.511,1.50285,1.50311,2.25,1.00
2016.01.04 03:20:31.562,1.50284,1.50303,1.00,1.00
2016.01.04 03:20:32.242,1.50282,1.50303,1.50,1.00
2016.01.04 03:20:34.002,1.50282,1.503,1.50,1.00
2016.01.04 03:20:34.207,1.50283,1.50306,1.87,1.00
2016.01.04 03:20:34.310,1.50283,1.50306,2.62,1.00
2016.01.04 03:20:34.565,1.50284,1.50308,1.75,1.00
2016.01.04 03:20:34.871,1.50284,1.50306,1.87,1.00
2016.01.04 03:20:36.965,1.50285,1.50305,1.37,1.00
2016.01.04 03:20:38.518,1.50285,1.50307,1.37,1.00
2016.01.04 03:20:41.242,1.50285,1.50309,1.37,1.00
2016.01.04 03:20:41.906,1.50283,1.50306,3.75,1.00
2016.01.04 03:20:43.996,1.50283,1.50308,3.75,1.00
2016.01.04 03:20:50.016,1.50284,1.50308,2.62,1.00
2016.01.04 03:20:50.954,1.50285,1.50314,1.12,1.50
2016.01.04 03:20:51.822,1.50285,1.50311,1.12,1.00
2016.01.04 03:20:53.033,1.50286,1.50313,1.50,1.00
2016.01.04 03:20:54.598,1.50285,1.50312,1.12,1.00
2016.01.04 03:20:57.862,1.50287,1.50314,1.37,1.31
2016.01.04 03:20:58.886,1.50287,1.50311,1.37,1.00
2016.01.04 03:20:59.401,1.50287,1.50314,1.37,1.12
2016.01.04 03:21:00.574,1.50285,1.50312,1.12,1.00
2016.01.04 03:21:01.155,1.50285,1.50312,1.12,1.87
2016.01.04 03:21:02.136,1.50284,1.50312,3.00,1.50
2016.01.04 03:21:03.834,1.50285,1.50311,1.75,1.50
2016.01.04 03:21:04.264,1.50285,1.50307,1.75,1.00
2016.01.04 03:21:06.775,1.50285,1.50306,1.75,1.00
2016.01.04 03:21:07.366,1.50282,1.50306,2.62,1.00
2016.01.04 03:21:08.434,1.50285,1.50307,1.00,1.00
2016.01.04 03:21:10.399,1.50284,1.50307,2.62,1.00
2016.01.04 03:21:14.137,1.50284,1.50306,2.62,1.50
2016.01.04 03:21:14.251,1.50284,1.50309,1.50,1.00
2016.01.04 03:21:14.455,1.50287,1.50309,1.75,1.00
2016.01.04 03:21:14.507,1.50287,1.50312,1.75,1.81
2016.01.04 03:21:14.558,1.50285,1.50311,1.12,1.25
2016.01.04 03:21:14.610,1.50285,1.50307,1.12,1.00
2016.01.04 03:21:15.821,1.50283,1.5031,1.37,1.69
2016.01.04 03:21:16.437,1.50283,1.50307,1.37,1.00
2016.01.04 03:21:18.417,1.50283,1.50306,1.37,1.00
2016.01.04 03:21:21.523,1.50282,1.50307,2.62,1.00
2016.01.04 03:21:22.635,1.50282,1.50306,2.62,1.00
2016.01.04 03:21:24.627,1.50282,1.50304,1.87,1.00
2016.01.04 03:21:25.046,1.50285,1.50307,1.12,1.00
2016.01.04 03:21:25.148,1.50285,1.50307,2.25,1.00
2016.01.04 03:21:25.352,1.50285,1.50309,3.37,1.00
2016.01.04 03:21:26.903,1.50285,1.50311,3.37,1.00
2016.01.04 03:21:27.372,1.50286,1.50313,1.37,1.00
2016.01.04 03:21:27.779,1.50288,1.50313,1.37,1.00
2016.01.04 03:21:28.721,1.50288,1.5031,1.37,1.00
2016.01.04 03:21:30.982,1.50287,1.5031,1.00,1.00
2016.01.04 03:21:33.766,1.50288,1.5031,1.00,1.00
2016.01.04 03:21:33.870,1.5029,1.50313,1.50,1.50
2016.01.04 03:21:34.176,1.50293,1.50314,1.50,1.00
2016.01.04 03:21:34.952,1.50293,1.50312,1.50,1.00
2016.01.04 03:21:37.136,1.50293,1.50314,1.50,1.00
2016.01.04 03:21:40.268,1.5029,1.50314,1.00,1.12
2016.01.04 03:21:40.795,1.5029,1.50313,1.00,1.00
2016.01.04 03:21:40.897,1.5029,1.50313,1.00,1.37
2016.01.04 03:21:43.432,1.5029,1.50312,1.00,1.00
2016.01.04 03:21:47.199,1.5029,1.50314,1.00,1.12
2016.01.04 03:21:47.554,1.50294,1.50318,1.00,1.19
2016.01.04 03:21:47.759,1.50297,1.50321,1.00,1.00
2016.01.04 03:21:47.861,1.50297,1.50321,1.87,1.00
2016.01.04 03:21:48.013,1.50297,1.50325,1.87,1.87
2016.01.04 03:21:48.887,1.50301,1.50325,1.50,1.87
2016.01.04 03:21:49.700,1.50301,1.50325,1.50,1.00
2016.01.04 03:22:02.816,1.50306,1.50325,1.50,1.00
2016.01.04 03:22:02.868,1.50306,1.50327,1.50,1.00
2016.01.04 03:22:02.970,1.50306,1.50335,1.87,2.25
2016.01.04 03:22:03.474,1.50307,1.5033,1.37,1.00
2016.01.04 03:22:03.787,1.50305,1.50327,1.87,1.00
2016.01.04 03:22:09.041,1.50305,1.50329,1.87,1.00
2016.01.04 03:22:10.164,1.50305,1.50327,1.87,1.00
2016.01.04 03:22:18.109,1.50306,1.50327,1.12,1.00
2016.01.04 03:22:19.278,1.50306,1.5033,1.87,1.00
2016.01.04 03:22:19.575,1.50306,1.50327,1.87,1.00
2016.01.04 03:22:21.163,1.50309,1.50335,1.12,1.12
2016.01.04 03:22:21.220,1.50309,1.50335,1.75,1.12
2016.01.04 03:22:21.559,1.50308,1.50331,3.00,1.00
2016.01.04 03:22:23.644,1.50308,1.50333,3.00,1.00
2016.01.04 03:22:25.736,1.50308,1.50331,2.25,1.00
2016.01.04 03:22:25.889,1.50308,1.50333,2.25,1.00
2016.01.04 03:22:27.208,1.5031,1.50335,1.37,1.00
2016.01.04 03:22:28.155,1.5031,1.50332,1.37,1.00
2016.01.04 03:22:30.096,1.50299,1.50325,1.75,1.00
2016.01.04 03:22:30.147,1.50299,1.50326,1.00,1.25
2016.01.04 03:22:30.199,1.50298,1.50323,1.50,1.12
2016.01.04 03:22:30.351,1.50294,1.50321,1.00,1.12
2016.01.04 03:22:30.504,1.50291,1.50315,1.50,1.00
2016.01.04 03:22:31.360,1.50291,1.50318,1.50,1.00
2016.01.04 03:22:32.666,1.50291,1.5032,1.50,1.12
2016.01.04 03:22:34.515,1.50291,1.50318,1.50,1.00
2016.01.04 03:22:39.962,1.50293,1.50315,1.00,1.00
2016.01.04 03:22:49.110,1.50291,1.50315,1.00,1.00
2016.01.04 03:22:49.626,1.5029,1.50314,1.00,1.00
2016.01.04 03:23:04.629,1.50289,1.50316,1.37,1.87
2016.01.04 03:23:05.574,1.50291,1.50316,1.00,1.12
2016.01.04 03:23:11.319,1.50291,1.50317,1.00,1.00
2016.01.04 03:23:11.987,1.50291,1.50317,1.87,1.00
2016.01.04 03:23:12.349,1.50295,1.50318,1.00,1.00
2016.01.04 03:23:12.654,1.50302,1.50325,1.12,1.00
2016.01.04 03:23:12.807,1.50302,1.50328,1.87,1.00
2016.01.04 03:23:22.169,1.50302,1.50327,2.25,1.00
2016.01.04 03:23:22.851,1.50302,1.50325,1.50,1.50
2016.01.04 03:23:23.169,1.50302,1.50324,1.00,1.37
2016.01.04 03:23:23.668,1.50299,1.50324,1.00,1.37
2016.01.04 03:23:24.462,1.50296,1.50319,1.12,1.00
2016.01.04 03:23:24.716,1.50297,1.50321,1.00,1.31
2016.01.04 03:23:24.768,1.50299,1.50321,1.00,1.31
2016.01.04 03:23:25.075,1.50302,1.50325,1.75,1.00
2016.01.04 03:23:26.683,1.50302,1.50329,1.75,1.87
2016.01.04 03:23:26.938,1.503,1.50329,1.50,1.12
2016.01.04 03:23:27.521,1.50302,1.50329,1.00,1.12
2016.01.04 03:23:32.094,1.50302,1.50327,1.50,1.00
2016.01.04 03:23:36.402,1.50302,1.50326,1.50,1.00
2016.01.04 03:23:36.707,1.50295,1.5032,1.00,1.00
2016.01.04 03:23:36.759,1.50295,1.50317,1.00,1.00
2016.01.04 03:23:36.861,1.50293,1.50321,1.12,2.81
2016.01.04 03:23:36.912,1.50295,1.50319,1.00,1.87
2016.01.04 03:23:37.065,1.50293,1.50321,1.00,2.06
2016.01.04 03:23:38.250,1.50291,1.50318,1.37,1.00
2016.01.04 03:23:38.352,1.50291,1.50314,1.37,1.00
2016.01.04 03:23:38.658,1.50286,1.50307,1.00,1.50
2016.01.04 03:23:38.709,1.5028,1.50307,1.75,2.25
2016.01.04 03:23:39.205,1.50278,1.50298,1.00,1.00
2016.01.04 03:23:39.256,1.50274,1.50298,1.50,1.00
2016.01.04 03:23:39.765,1.50274,1.50298,1.00,1.00
2016.01.04 03:23:41.373,1.50273,1.50296,1.37,1.00
2016.01.04 03:23:43.562,1.50273,1.50299,1.37,1.50
2016.01.04 03:23:43.776,1.50273,1.50297,1.37,1.00
2016.01.04 03:23:43.878,1.50271,1.50297,1.50,1.50
2016.01.04 03:23:43.981,1.50271,1.50294,1.50,1.00
2016.01.04 03:23:44.490,1.50269,1.50294,1.37,1.00
2016.01.04 03:23:45.158,1.50268,1.50294,1.12,1.50
2016.01.04 03:23:50.209,1.50266,1.50294,1.50,1.87
2016.01.04 03:23:50.717,1.50266,1.50292,2.62,1.00
2016.01.04 03:23:58.324,1.50264,1.50287,1.37,1.00
2016.01.04 03:23:58.375,1.50264,1.5029,1.37,1.00
2016.01.04 03:24:02.993,1.50262,1.50289,2.25,1.00
2016.01.04 03:24:03.095,1.50262,1.50289,1.50,1.00
2016.01.04 03:24:03.351,1.50262,1.50287,1.12,1.00
2016.01.04 03:24:03.860,1.50262,1.50287,1.00,1.37
2016.01.04 03:24:04.374,1.50261,1.50286,1.37,1.12
2016.01.04 03:24:07.037,1.50261,1.50286,1.00,1.12
2016.01.04 03:24:12.285,1.50261,1.50287,1.00,1.37
2016.01.04 03:24:14.040,1.50261,1.50289,1.00,1.87
2016.01.04 03:24:14.325,1.50263,1.50289,1.00,1.12
2016.01.04 03:24:17.098,1.50263,1.50288,1.00,1.00
2016.01.04 03:24:17.867,1.50263,1.50287,1.00,1.00
2016.01.04 03:24:18.616,1.50263,1.50288,1.00,1.12
2016.01.04 03:24:18.667,1.50261,1.50288,1.00,1.12
2016.01.04 03:24:22.272,1.50261,1.50287,1.00,1.00
2016.01.04 03:24:23.047,1.50258,1.50286,1.50,1.12
2016.01.04 03:24:23.099,1.50256,1.50283,1.12,1.87
2016.01.04 03:24:23.609,1.50255,1.50283,1.75,1.50
2016.01.04 03:24:24.119,1.50256,1.50286,1.87,3.37
2016.01.04 03:24:24.621,1.50256,1.50283,1.37,1.00
2016.01.04 03:24:24.724,1.50254,1.50284,1.87,1.50
2016.01.04 03:24:24.826,1.50256,1.50284,1.37,1.00
2016.01.04 03:24:25.134,1.50254,1.5028,1.12,1.50
2016.01.04 03:24:26.299,1.50254,1.50279,1.00,1.00
2016.01.04 03:24:31.901,1.50254,1.5028,1.00,1.00
2016.01.04 03:24:33.162,1.50254,1.50279,1.00,1.00
2016.01.04 03:24:38.626,1.50254,1.5028,1.00,1.87
2016.01.04 03:24:39.946,1.50254,1.50278,1.00,1.00
2016.01.04 03:24:44.340,1.50253,1.50278,1.00,1.50
2016.01.04 03:24:45.156,1.50254,1.50278,1.00,1.00
2016.01.04 03:24:45.461,1.50257,1.50282,1.00,1.50
2016.01.04 03:24:45.924,1.50257,1.50279,1.00,1.00
2016.01.04 03:24:46.181,1.50257,1.50283,1.00,1.87
2016.01.04 03:24:46.234,1.50256,1.50283,2.62,1.87
2016.01.04 03:24:46.285,1.50259,1.50283,1.00,1.12
2016.01.04 03:24:46.539,1.50254,1.50281,1.87,1.00
2016.01.04 03:24:46.793,1.50254,1.50279,1.50,1.00
2016.01.04 03:24:46.895,1.50256,1.50283,1.00,2.62
2016.01.04 03:24:46.946,1.50258,1.50283,1.00,1.87
2016.01.04 03:24:47.941,1.50253,1.50279,1.12,1.00
2016.01.04 03:24:47.992,1.50252,1.50279,1.87,1.00
2016.01.04 03:24:49.399,1.50252,1.50278,1.87,1.00
2016.01.04 03:24:49.826,1.50252,1.50274,1.12,1.50
2016.01.04 03:24:49.877,1.50249,1.50274,1.75,2.25
2016.01.04 03:24:59.260,1.50247,1.50274,2.25,1.50
2016.01.04 03:25:01.718,1.50247,1.50273,2.25,1.00
2016.01.04 03:25:02.364,1.50247,1.50274,2.25,1.50
2016.01.04 03:25:02.698,1.50249,1.50275,1.87,1.00
2016.01.04 03:25:02.851,1.50249,1.50277,2.62,1.12
2016.01.04 03:25:03.506,1.50254,1.5028,1.37,1.00
2016.01.04 03:25:04.138,1.50254,1.50281,1.87,1.00
2016.01.04 03:25:05.291,1.50256,1.50281,1.00,1.00
2016.01.04 03:25:05.498,1.50257,1.50284,1.37,1.12
2016.01.04 03:25:06.309,1.50257,1.50283,1.37,1.00
2016.01.04 03:25:06.413,1.50256,1.50281,1.37,1.12
2016.01.04 03:25:06.991,1.50254,1.50281,1.50,2.25
2016.01.04 03:25:14.409,1.50254,1.50281,2.62,1.87
2016.01.04 03:25:17.336,1.50256,1.50283,1.12,1.31
2016.01.04 03:25:17.607,1.50259,1.50285,1.37,1.00
2016.01.04 03:25:17.916,1.50273,1.50298,1.37,1.00
2016.01.04 03:25:18.069,1.50274,1.50301,1.87,1.00
2016.01.04 03:25:18.578,1.50277,1.50305,1.12,2.25
2016.01.04 03:25:20.300,1.50277,1.50305,1.12,1.12
2016.01.04 03:25:21.503,1.50276,1.50303,1.50,1.00
2016.01.04 03:25:21.935,1.50276,1.50301,1.50,1.00
2016.01.04 03:25:23.349,1.50275,1.50301,1.87,1.00
2016.01.04 03:25:27.413,1.50277,1.50301,1.37,1.00
2016.01.04 03:25:27.464,1.50277,1.50303,1.37,1.00
2016.01.04 03:25:27.953,1.50284,1.50304,1.50,1.00
2016.01.04 03:25:28.004,1.50288,1.50314,1.00,2.25
2016.01.04 03:25:28.207,1.50288,1.50314,1.00,1.12
2016.01.04 03:25:29.024,1.50288,1.50312,1.00,1.00
2016.01.04 03:25:30.169,1.50276,1.50299,1.50,1.00
2016.01.04 03:25:30.322,1.50267,1.50294,2.62,1.12
2016.01.04 03:25:30.424,1.50267,1.50294,1.00,1.12
2016.01.04 03:25:30.927,1.50267,1.50293,1.00,1.00
2016.01.04 03:25:31.856,1.50269,1.50293,1.00,1.00
2016.01.04 03:25:32.446,1.50269,1.50293,1.87,1.00
2016.01.04 03:25:32.752,1.50267,1.50293,1.87,1.00
2016.01.04 03:25:33.962,1.50266,1.50293,1.75,1.37
2016.01.04 03:25:38.568,1.50269,1.50295,1.00,1.50
2016.01.04 03:25:40.876,1.50269,1.50296,1.87,1.37
2016.01.04 03:25:42.817,1.50264,1.50284,1.37,1.19
2016.01.04 03:25:43.025,1.5025,1.50276,1.50,1.62
2016.01.04 03:25:43.178,1.5025,1.50276,1.00,1.62
2016.01.04 03:25:43.907,1.5025,1.50276,1.37,1.37
2016.01.04 03:25:44.493,1.50251,1.50278,1.50,1.87
2016.01.04 03:25:44.891,1.50251,1.5028,1.50,1.37
2016.01.04 03:26:00.041,1.50252,1.50281,1.00,1.87
2016.01.04 03:26:04.340,1.50252,1.5028,1.87,1.37
2016.01.04 03:26:05.279,1.50252,1.5028,2.25,1.37
2016.01.04 03:26:06.209,1.50251,1.50276,1.87,1.37
2016.01.04 03:26:06.311,1.50251,1.50276,1.00,1.37
2016.01.04 03:26:07.441,1.50261,1.50276,1.87,1.37
2016.01.04 03:26:07.492,1.50261,1.50283,1.87,1.00
2016.01.04 03:26:07.544,1.50263,1.50285,1.12,1.00
2016.01.04 03:26:07.595,1.50265,1.50289,2.62,1.00
2016.01.04 03:26:07.646,1.50265,1.50293,3.37,1.37
2016.01.04 03:26:07.698,1.50266,1.50294,1.37,1.00
2016.01.04 03:26:07.800,1.50269,1.50294,1.37,1.00
2016.01.04 03:26:07.902,1.50268,1.50294,1.12,1.00
2016.01.04 03:26:08.584,1.50268,1.50296,1.12,1.69
2016.01.04 03:26:09.696,1.50267,1.50293,1.37,1.37
2016.01.04 03:26:10.206,1.50265,1.50293,1.12,1.62
2016.01.04 03:26:10.513,1.50264,1.50288,1.00,2.06
2016.01.04 03:26:10.818,1.50264,1.50282,1.00,1.00
2016.01.04 03:26:11.337,1.5026,1.50282,1.00,1.00
2016.01.04 03:26:11.878,1.50258,1.50282,1.50,1.00
2016.01.04 03:26:12.351,1.50258,1.50286,1.50,1.56
2016.01.04 03:26:13.469,1.50257,1.50287,3.00,1.62
2016.01.04 03:26:13.623,1.50257,1.50288,2.62,2.06
2016.01.04 03:26:13.725,1.50257,1.50284,2.25,1.37
2016.01.04 03:26:15.722,1.50257,1.50282,1.00,1.12
2016.01.04 03:26:15.774,1.50254,1.50279,1.87,1.00
2016.01.04 03:26:16.778,1.50255,1.50284,1.12,2.06
2016.01.04 03:26:16.829,1.50255,1.50281,1.12,1.37
2016.01.04 03:26:19.283,1.50255,1.50281,3.37,1.37
2016.01.04 03:26:19.334,1.5026,1.50283,1.00,1.37
2016.01.04 03:26:19.797,1.50263,1.50287,1.00,1.37
2016.01.04 03:26:19.899,1.50264,1.5029,1.00,3.37
2016.01.04 03:26:19.950,1.5026,1.5029,1.87,3.37
2016.01.04 03:26:20.052,1.5026,1.50287,1.12,1.37
2016.01.04 03:26:20.358,1.5026,1.50289,1.75,3.00
2016.01.04 03:26:20.715,1.50258,1.50287,1.00,1.50
2016.01.04 03:26:21.220,1.50257,1.50286,2.25,1.81
2016.01.04 03:26:25.454,1.50258,1.50286,1.00,1.37
2016.01.04 03:26:30.029,1.50258,1.50287,1.87,1.62
2016.01.04 03:26:30.538,1.50261,1.50286,1.87,1.37
2016.01.04 03:26:31.501,1.50262,1.50286,1.00,1.37
2016.01.04 03:26:31.553,1.50262,1.50288,1.00,1.37
2016.01.04 03:26:32.576,1.50261,1.50288,1.87,1.37
2016.01.04 03:26:36.580,1.50265,1.50288,1.00,1.37
2016.01.04 03:26:37.945,1.50266,1.50288,1.00,1.37
2016.01.04 03:26:38.148,1.50261,1.50289,1.12,1.50
2016.01.04 03:26:38.674,1.50261,1.50285,1.12,1.37
2016.01.04 03:26:39.209,1.50261,1.50286,1.12,1.37
2016.01.04 03:26:39.515,1.50263,1.50286,1.00,1.37
2016.01.04 03:26:39.617,1.5026,1.50286,1.37,1.37
2016.01.04 03:26:50.785,1.50263,1.50286,1.00,1.37
2016.01.04 03:26:50.951,1.50263,1.50288,1.00,1.56
2016.01.04 03:26:52.613,1.50263,1.50287,1.00,1.37
2016.01.04 03:26:52.969,1.50263,1.50291,1.87,1.81
2016.01.04 03:26:53.275,1.50263,1.50289,1.00,1.62
2016.01.04 03:26:55.165,1.5026,1.50288,2.25,1.50
2016.01.04 03:26:55.217,1.5026,1.50288,1.50,1.87
2016.01.04 03:26:55.464,1.50258,1.50288,1.87,1.87
2016.01.04 03:26:58.199,1.50259,1.50288,1.00,1.87
2016.01.04 03:26:58.913,1.50259,1.50286,1.00,1.62
2016.01.04 03:26:59.363,1.50261,1.50286,1.00,1.62
2016.01.04 03:26:59.618,1.50261,1.50288,1.00,2.25
2016.01.04 03:26:59.670,1.50264,1.50288,1.37,1.50
2016.01.04 03:26:59.721,1.50264,1.5029,1.75,1.00
2016.01.04 03:26:59.823,1.50265,1.5029,1.50,1.37
2016.01.04 03:26:59.924,1.50267,1.50292,1.00,1.81
2016.01.04 03:26:59.976,1.50269,1.50292,1.37,1.37
2016.01.04 03:27:00.027,1.50269,1.50294,1.75,1.37
2016.01.04 03:27:00.129,1.50269,1.50295,1.12,1.37
2016.01.04 03:27:00.180,1.50268,1.50295,1.37,2.32
2016.01.04 03:27:00.486,1.50266,1.50291,1.12,1.62
2016.01.04 03:27:02.849,1.50266,1.50291,1.12,1.75
2016.01.04 03:27:04.497,1.50266,1.50291,1.12,1.62
2016.01.04 03:27:12.037,1.50264,1.50291,1.50,1.62
2016.01.04 03:27:16.651,1.50262,1.50288,1.37,1.37
2016.01.04 03:27:17.011,1.50267,1.50288,1.00,1.37
2016.01.04 03:27:17.062,1.50267,1.5029,1.00,1.50
2016.01.04 03:27:17.271,1.50262,1.5029,1.87,1.50
2016.01.04 03:27:17.374,1.50262,1.50288,1.87,1.56
2016.01.04 03:27:17.679,1.50259,1.50284,1.00,1.37
2016.01.04 03:27:18.575,1.50256,1.50284,1.50,1.37
2016.01.04 03:27:18.626,1.50256,1.50283,1.00,1.37
2016.01.04 03:27:19.717,1.50256,1.5028,1.00,1.37
2016.01.04 03:27:21.003,1.50256,1.50281,1.00,1.37
2016.01.04 03:27:21.512,1.50256,1.5028,1.00,1.37
2016.01.04 03:27:22.022,1.50256,1.50281,1.00,1.37
2016.01.04 03:27:22.546,1.50258,1.50282,1.00,1.37
2016.01.04 03:27:23.722,1.50257,1.50282,1.00,1.37
2016.01.04 03:27:25.456,1.50257,1.50281,1.50,1.37
2016.01.04 03:27:26.013,1.50257,1.50282,1.50,1.37
2016.01.04 03:27:27.115,1.50257,1.50281,1.50,1.37
2016.01.04 03:27:27.651,1.50257,1.50282,1.50,1.37
2016.01.04 03:27:28.479,1.50257,1.50281,1.50,1.37
2016.01.04 03:27:29.502,1.50259,1.50283,1.00,1.56
2016.01.04 03:27:31.854,1.50257,1.50283,1.00,1.62
2016.01.04 03:27:32.169,1.50257,1.5028,1.00,1.37
2016.01.04 03:27:32.693,1.50257,1.50281,1.00,1.62
2016.01.04 03:27:33.235,1.50257,1.5028,1.00,1.37
2016.01.04 03:27:34.678,1.50257,1.50282,1.50,1.56
2016.01.04 03:27:34.951,1.50259,1.50283,1.00,2.06
2016.01.04 03:27:35.929,1.50259,1.50285,1.00,1.37
2016.01.04 03:27:36.082,1.50257,1.50285,1.50,1.37
2016.01.04 03:27:36.406,1.50257,1.50282,1.00,1.37
2016.01.04 03:27:36.711,1.5026,1.50283,1.37,1.87
2016.01.04 03:27:37.222,1.5026,1.50282,1.00,1.37
2016.01.04 03:27:41.031,1.50262,1.50282,1.00,1.37
2016.01.04 03:27:41.133,1.50262,1.50285,1.00,1.50
2016.01.04 03:27:41.337,1.50262,1.50287,1.00,1.87
2016.01.04 03:27:42.936,1.50262,1.50286,1.00,1.37
2016.01.04 03:27:46.343,1.50262,1.50287,1.00,2.81
2016.01.04 03:27:46.852,1.5026,1.50286,1.50,1.37
2016.01.04 03:27:47.395,1.5026,1.50287,1.50,2.06
2016.01.04 03:27:48.201,1.50267,1.50289,1.00,2.25
2016.01.04 03:27:48.709,1.50268,1.50289,1.00,1.50
2016.01.04 03:27:49.065,1.5026,1.5029,3.00,1.87
2016.01.04 03:27:49.473,1.5026,1.50287,2.25,1.37
2016.01.04 03:27:52.177,1.5026,1.50283,1.50,1.37
2016.01.04 03:27:52.329,1.50256,1.50282,2.25,1.37
2016.01.04 03:27:52.872,1.50256,1.50283,1.75,1.37
2016.01.04 03:27:53.177,1.50257,1.50285,1.87,1.31
2016.01.04 03:27:53.228,1.5026,1.50285,1.00,1.31
2016.01.04 03:27:53.736,1.50261,1.50285,1.00,1.31
2016.01.04 03:27:54.106,1.50264,1.50287,1.00,1.81
2016.01.04 03:27:54.640,1.50264,1.50289,1.00,1.87
2016.01.04 03:27:55.162,1.50263,1.50287,1.00,1.00
2016.01.04 03:27:55.416,1.50267,1.50289,1.00,1.37
2016.01.04 03:27:55.924,1.50267,1.5029,1.00,1.37
2016.01.04 03:27:57.177,1.50266,1.5029,1.00,1.37
2016.01.04 03:27:57.329,1.50266,1.50291,1.00,1.37
2016.01.04 03:27:57.839,1.50265,1.50291,1.12,1.37
2016.01.04 03:27:58.976,1.50268,1.50292,1.00,1.50
2016.01.04 03:27:59.029,1.50268,1.50294,1.00,1.62
2016.01.04 03:28:00.745,1.50268,1.50296,1.50,1.87
2016.01.04 03:28:01.503,1.50268,1.50294,1.00,1.00
2016.01.04 03:28:01.810,1.50263,1.5029,2.62,1.00
2016.01.04 03:28:02.541,1.50263,1.5029,1.50,1.37
2016.01.04 03:28:03.080,1.50263,1.5029,2.25,1.87
2016.01.04 03:28:06.028,1.50261,1.50288,1.75,1.12
2016.01.04 03:28:06.334,1.50259,1.50286,1.87,2.25
2016.01.04 03:28:06.897,1.50258,1.50283,1.75,1.00
2016.01.04 03:28:06.949,1.50257,1.50283,1.50,1.37
2016.01.04 03:28:07.475,1.50258,1.50283,1.12,1.37
2016.01.04 03:28:08.033,1.50257,1.50284,1.50,1.87
2016.01.04 03:28:08.752,1.50257,1.50282,1.00,1.00
2016.01.04 03:28:13.577,1.50259,1.50284,1.00,1.37
2016.01.04 03:28:14.964,1.50259,1.50285,1.00,2.44
2016.01.04 03:28:15.016,1.50261,1.50285,1.00,2.44
2016.01.04 03:28:15.170,1.50261,1.50287,1.00,1.37
2016.01.04 03:28:15.639,1.50263,1.50288,1.00,1.87
2016.01.04 03:28:16.200,1.50264,1.50288,1.00,1.87
2016.01.04 03:28:18.084,1.50262,1.50288,1.50,1.37
2016.01.04 03:28:18.238,1.50262,1.5029,1.87,2.00
2016.01.04 03:28:18.289,1.50264,1.5029,1.12,1.37
2016.01.04 03:28:18.797,1.50265,1.5029,1.00,1.37
2016.01.04 03:28:19.312,1.50265,1.50289,1.00,1.37
2016.01.04 03:28:20.662,1.50265,1.5029,1.00,1.87
2016.01.04 03:28:21.346,1.50265,1.50289,1.00,1.37
2016.01.04 03:28:21.898,1.50265,1.5029,1.00,1.87
2016.01.04 03:28:22.439,1.50265,1.50289,1.00,1.37
2016.01.04 03:28:23.438,1.50265,1.5029,1.00,1.87
2016.01.04 03:28:24.664,1.50265,1.50289,1.00,1.37
2016.01.04 03:28:25.990,1.50265,1.5029,1.00,1.87
2016.01.04 03:28:26.887,1.50268,1.5029,1.00,1.87
2016.01.04 03:28:31.456,1.50269,1.5029,1.00,1.00
2016.01.04 03:28:31.507,1.50269,1.50295,1.00,1.37
2016.01.04 03:28:31.660,1.50273,1.50295,1.00,2.06
2016.01.04 03:28:31.815,1.50269,1.50295,1.00,1.31
2016.01.04 03:28:32.070,1.50272,1.50295,1.00,1.62
2016.01.04 03:28:32.273,1.50269,1.50295,1.50,1.62
2016.01.04 03:28:33.080,1.50264,1.50286,1.37,1.37
2016.01.04 03:28:33.132,1.50258,1.50286,2.25,1.87
2016.01.04 03:28:33.655,1.50257,1.50285,1.37,1.50
2016.01.04 03:28:38.628,1.50256,1.50284,2.25,1.25
2016.01.04 03:28:41.887,1.50255,1.50282,1.50,1.00
2016.01.04 03:28:45.223,1.50255,1.50283,1.50,1.00
2016.01.04 03:28:48.021,1.50255,1.50284,2.25,1.00
2016.01.04 03:28:50.357,1.50257,1.50284,1.00,1.00
2016.01.04 03:28:50.745,1.50259,1.50284,1.00,1.00
2016.01.04 03:28:50.899,1.50261,1.50289,2.25,2.44
2016.01.04 03:28:51.001,1.5026,1.50289,1.87,3.94
2016.01.04 03:28:52.101,1.5026,1.50287,1.50,1.12
2016.01.04 03:28:52.406,1.5026,1.50285,1.00,1.50
2016.01.04 03:28:52.559,1.50257,1.50285,1.87,1.50
2016.01.04 03:28:56.838,1.50259,1.50285,1.00,1.50
2016.01.04 03:29:00.309,1.50257,1.50285,1.87,1.50
2016.01.04 03:29:09.737,1.50258,1.50285,1.00,1.50
2016.01.04 03:29:09.839,1.50259,1.50287,1.50,1.87
2016.01.04 03:29:10.145,1.50261,1.5029,1.00,1.50
2016.01.04 03:29:10.196,1.50263,1.5029,1.00,1.50
2016.01.04 03:29:10.507,1.50266,1.50291,1.00,1.37
2016.01.04 03:29:11.303,1.50264,1.50286,1.00,1.12
2016.01.04 03:29:11.623,1.50258,1.50285,2.62,1.37
2016.01.04 03:29:14.982,1.50258,1.50284,1.12,1.37
2016.01.04 03:29:16.032,1.50258,1.50285,1.12,1.37
2016.01.04 03:29:17.152,1.50261,1.50286,1.12,1.37
2016.01.04 03:29:17.476,1.50262,1.50286,1.12,1.37
2016.01.04 03:29:18.255,1.50262,1.50286,1.00,1.00
2016.01.04 03:29:18.357,1.50261,1.50285,1.00,1.37
2016.01.04 03:29:18.888,1.50261,1.50284,1.00,1.37
2016.01.04 03:29:20.747,1.50261,1.50287,1.00,2.62
2016.01.04 03:29:21.304,1.5026,1.50287,1.00,2.62
2016.01.04 03:29:23.310,1.5026,1.50286,1.00,1.37
2016.01.04 03:29:23.572,1.5026,1.50286,1.87,1.37
2016.01.04 03:29:23.623,1.5026,1.50289,1.87,1.00
2016.01.04 03:29:23.877,1.50262,1.50289,1.12,1.00
2016.01.04 03:29:24.182,1.50263,1.50291,1.00,1.37
2016.01.04 03:29:24.234,1.5026,1.50288,2.25,1.37
2016.01.04 03:29:25.594,1.5026,1.50285,1.12,1.37
2016.01.04 03:29:25.697,1.50259,1.50285,1.12,1.37
2016.01.04 03:29:26.739,1.50257,1.50284,2.25,1.37
2016.01.04 03:29:27.257,1.50257,1.50285,1.00,1.87
2016.01.04 03:29:27.745,1.50255,1.50275,1.50,2.25
2016.01.04 03:29:27.796,1.50247,1.50272,1.50,1.37
2016.01.04 03:29:28.408,1.50247,1.50274,1.50,1.37
2016.01.04 03:29:29.313,1.50247,1.50275,1.50,1.37
2016.01.04 03:29:30.350,1.50248,1.50276,1.00,1.37
2016.01.04 03:29:32.354,1.50245,1.50273,2.25,1.37
2016.01.04 03:29:33.523,1.50245,1.50272,1.87,1.37
2016.01.04 03:29:36.472,1.50243,1.50269,3.37,1.37
2016.01.04 03:29:37.727,1.50246,1.5027,1.12,1.87
2016.01.04 03:29:38.033,1.50249,1.50273,1.50,1.37
2016.01.04 03:29:41.704,1.50263,1.50282,1.75,1.00
2016.01.04 03:29:41.756,1.50264,1.50285,1.50,1.00
2016.01.04 03:29:41.960,1.50263,1.50285,1.12,1.37
2016.01.04 03:29:42.164,1.50265,1.50287,1.37,1.87
2016.01.04 03:29:42.368,1.50266,1.50289,1.75,1.37
2016.01.04 03:29:42.886,1.50267,1.50288,1.87,1.37
2016.01.04 03:29:43.660,1.50268,1.50291,1.75,1.37
2016.01.04 03:29:43.762,1.50269,1.50295,1.50,1.37
2016.01.04 03:29:45.287,1.50271,1.50295,1.00,1.37
2016.01.04 03:29:46.463,1.50266,1.50289,1.00,1.00
2016.01.04 03:29:46.973,1.50266,1.50292,1.00,1.87
2016.01.04 03:29:47.614,1.50266,1.50289,1.00,1.00
2016.01.04 03:29:50.081,1.50275,1.50289,1.00,1.00
2016.01.04 03:29:50.132,1.5027,1.50289,1.00,1.00
2016.01.04 03:29:50.185,1.50271,1.50291,1.37,1.37
2016.01.04 03:29:50.688,1.5028,1.50305,1.31,2.25
2016.01.04 03:29:50.740,1.50282,1.50311,1.87,2.62
2016.01.04 03:29:52.036,1.50284,1.50311,1.00,1.87
2016.01.04 03:29:53.117,1.50284,1.50311,1.00,1.00
2016.01.04 03:29:53.665,1.50284,1.5031,1.00,1.00
2016.01.04 03:29:54.256,1.50284,1.50309,1.00,1.00
2016.01.04 03:29:59.773,1.50283,1.50312,1.87,1.87
2016.01.04 03:30:00.336,1.50284,1.50311,1.12,1.37
2016.01.04 03:30:01.167,1.50283,1.50309,1.62,1.37
2016.01.04 03:30:01.219,1.50279,1.50309,1.50,1.95
2016.01.04 03:30:01.270,1.50279,1.50305,1.50,1.37
2016.01.04 03:30:01.853,1.50277,1.503,1.31,1.00
2016.01.04 03:30:02.582,1.50265,1.50291,2.25,1.37
2016.01.04 03:30:05.636,1.50264,1.5029,1.12,1.37
2016.01.04 03:30:06.255,1.50262,1.5029,1.50,1.37
2016.01.04 03:30:06.800,1.50262,1.50291,1.50,2.25
2016.01.04 03:30:06.952,1.50262,1.50291,1.50,1.50
2016.01.04 03:30:07.487,1.50262,1.5029,1.50,1.37
2016.01.04 03:30:09.079,1.50265,1.5029,1.00,1.37
2016.01.04 03:30:09.232,1.50265,1.50292,1.50,1.37
2016.01.04 03:30:09.964,1.50265,1.50292,1.87,1.87
2016.01.04 03:30:10.117,1.50266,1.50294,1.75,1.37
2016.01.04 03:30:10.320,1.50268,1.50294,1.50,1.37
2016.01.04 03:30:10.523,1.50271,1.50295,1.00,1.00
2016.01.04 03:30:11.822,1.50271,1.50298,1.00,1.37
2016.01.04 03:30:12.230,1.50269,1.50295,1.81,1.37
2016.01.04 03:30:12.435,1.50268,1.50294,1.00,1.87
2016.01.04 03:30:13.161,1.50264,1.5029,1.87,1.00
2016.01.04 03:30:18.033,1.50264,1.5029,1.12,1.37
2016.01.04 03:30:18.342,1.50251,1.50273,1.50,1.37
2016.01.04 03:30:18.444,1.50248,1.50273,1.00,1.37
2016.01.04 03:30:19.160,1.50245,1.50273,2.25,1.87
2016.01.04 03:30:19.220,1.50245,1.50273,1.87,1.00
2016.01.04 03:30:21.814,1.50246,1.50276,2.25,2.25
2016.01.04 03:30:22.333,1.50246,1.50275,2.25,1.50
2016.01.04 03:30:23.321,1.50242,1.50271,2.25,1.37
2016.01.04 03:30:23.637,1.50242,1.50271,1.37,1.37
2016.01.04 03:30:25.098,1.50243,1.50271,1.00,1.37
2016.01.04 03:30:25.557,1.50241,1.50267,1.12,1.37
2016.01.04 03:30:28.989,1.50243,1.50267,1.00,1.87
2016.01.04 03:30:29.142,1.50245,1.50272,1.44,1.50
2016.01.04 03:30:29.193,1.50248,1.50272,1.00,1.12
2016.01.04 03:30:29.499,1.50247,1.50272,1.00,1.87
2016.01.04 03:30:30.088,1.50244,1.50273,1.37,1.00
2016.01.04 03:30:30.141,1.50244,1.50272,1.37,1.37
2016.01.04 03:30:30.605,1.50242,1.50271,1.87,1.87
2016.01.04 03:30:31.718,1.50245,1.50271,2.62,1.37
2016.01.04 03:30:31.770,1.50245,1.50275,3.00,1.50
2016.01.04 03:30:32.530,1.50258,1.50275,1.00,1.50
2016.01.04 03:30:32.682,1.50263,1.50282,1.44,1.50
2016.01.04 03:30:33.178,1.50271,1.50286,1.00,1.12
2016.01.04 03:30:33.229,1.50272,1.50299,1.00,1.50
2016.01.04 03:30:33.686,1.50271,1.50296,1.62,1.37
2016.01.04 03:30:33.992,1.50267,1.50295,1.00,1.12
2016.01.04 03:30:34.246,1.50269,1.50295,1.00,1.12
2016.01.04 03:30:35.271,1.50268,1.50297,1.31,1.37
2016.01.04 03:30:36.931,1.50268,1.50296,1.50,1.37
2016.01.04 03:30:37.918,1.50263,1.50292,1.50,1.37
2016.01.04 03:30:38.021,1.50263,1.50288,1.50,1.00
2016.01.04 03:30:38.124,1.50263,1.50286,1.00,1.30
2016.01.04 03:30:38.579,1.50259,1.50281,1.12,1.37
2016.01.04 03:30:38.640,1.50253,1.50282,1.37,1.12
2016.01.04 03:30:39.100,1.50258,1.50285,1.00,1.00
2016.01.04 03:30:39.152,1.50259,1.50285,1.37,1.12
2016.01.04 03:30:39.977,1.50258,1.50285,1.25,1.00
2016.01.04 03:30:40.710,1.50259,1.50285,1.00,1.00
2016.01.04 03:30:40.762,1.50265,1.50285,1.00,1.00
2016.01.04 03:30:40.815,1.50265,1.50287,1.00,1.12
2016.01.04 03:30:41.507,1.50266,1.50288,1.00,1.12
2016.01.04 03:30:41.558,1.50268,1.50288,1.00,1.00
2016.01.04 03:30:41.618,1.50268,1.50292,1.00,1.37
2016.01.04 03:30:42.006,1.50265,1.50294,2.25,1.37
2016.01.04 03:30:42.519,1.50267,1.50294,1.50,1.37
2016.01.04 03:30:42.990,1.50269,1.50294,1.37,1.37
2016.01.04 03:30:43.042,1.5027,1.50299,2.25,1.87
2016.01.04 03:30:43.558,1.50271,1.50299,1.50,1.00
2016.01.04 03:30:46.091,1.5027,1.50299,1.75,1.00
2016.01.04 03:30:47.335,1.5027,1.50299,1.44,1.00
2016.01.04 03:30:48.544,1.5027,1.50299,1.87,1.00
2016.01.04 03:30:50.247,1.50269,1.50299,2.25,1.87
2016.01.04 03:30:55.274,1.50272,1.50299,2.44,1.00
2016.01.04 03:30:55.325,1.50272,1.50302,3.19,1.50
2016.01.04 03:30:55.630,1.50273,1.50301,1.75,1.37
2016.01.04 03:30:56.532,1.50273,1.50303,1.75,1.87
2016.01.04 03:30:58.931,1.50276,1.50304,1.37,1.87
2016.01.04 03:30:59.033,1.50276,1.50302,1.37,1.37
2016.01.04 03:30:59.135,1.50272,1.503,2.40,2.10
2016.01.04 03:30:59.237,1.50272,1.50297,1.00,1.37
2016.01.04 03:30:59.340,1.50269,1.50296,1.00,1.12
2016.01.04 03:30:59.544,1.50269,1.50294,1.00,1.00
2016.01.04 03:31:00.330,1.50269,1.50296,1.52,1.12
2016.01.04 03:31:01.483,1.50268,1.50296,1.27,1.87
2016.01.04 03:31:04.180,1.50268,1.50296,1.15,1.87
2016.01.04 03:31:06.436,1.50268,1.50295,1.15,1.00
2016.01.04 03:31:07.000,1.50268,1.50295,1.15,1.00
2016.01.04 03:31:08.246,1.50281,1.50295,1.37,1.00
2016.01.04 03:31:08.297,1.50281,1.50309,1.37,1.87
2016.01.04 03:31:08.500,1.50284,1.50309,1.00,1.00
2016.01.04 03:31:08.551,1.50284,1.50309,1.27,1.00
2016.01.04 03:31:08.755,1.50287,1.50313,1.65,1.12
2016.01.04 03:31:08.806,1.50289,1.50314,1.00,1.37
2016.01.04 03:31:09.114,1.5029,1.50315,1.12,1.37
2016.01.04 03:31:09.685,1.5029,1.50316,1.12,1.37
2016.01.04 03:31:10.025,1.50291,1.50316,1.37,1.37
2016.01.04 03:31:10.537,1.50291,1.50315,1.37,1.37
2016.01.04 03:31:10.841,1.50288,1.50315,1.87,1.37
2016.01.04 03:31:11.833,1.50284,1.50311,2.25,1.37
2016.01.04 03:31:11.935,1.50284,1.50311,1.87,1.37
2016.01.04 03:31:15.844,1.50284,1.50312,1.62,1.37
2016.01.04 03:31:17.004,1.50287,1.50314,1.81,1.37
2016.01.04 03:31:17.734,1.50287,1.50315,1.81,1.50
2016.01.04 03:31:18.248,1.50286,1.50315,1.44,1.00
2016.01.04 03:31:18.956,1.50289,1.50315,1.00,1.37
2016.01.04 03:31:19.501,1.50284,1.50314,1.87,1.50
2016.01.04 03:31:19.755,1.50285,1.50315,1.12,1.75
2016.01.04 03:31:21.238,1.50298,1.50315,1.00,1.75
2016.01.04 03:31:21.391,1.50298,1.50317,1.00,1.00
2016.01.04 03:31:21.442,1.50298,1.5032,1.00,1.00
2016.01.04 03:31:21.493,1.50298,1.50325,1.50,1.12
2016.01.04 03:31:21.951,1.50298,1.50325,1.12,1.12
2016.01.04 03:31:23.290,1.50304,1.50331,1.00,1.12
2016.01.04 03:31:23.803,1.50304,1.50327,1.00,1.37
2016.01.04 03:31:24.112,1.503,1.50327,1.50,1.37
2016.01.04 03:31:24.163,1.503,1.50329,1.50,1.37
2016.01.04 03:31:24.667,1.50299,1.50327,1.00,1.00
2016.01.04 03:31:24.719,1.50297,1.50327,1.12,1.50
2016.01.04 03:31:26.913,1.50297,1.50327,1.12,1.50
2016.01.04 03:31:27.238,1.50298,1.50325,1.37,1.12
2016.01.04 03:31:28.399,1.50296,1.50325,3.37,1.12
2016.01.04 03:31:31.922,1.50299,1.50326,1.00,1.75
2016.01.04 03:31:32.024,1.50299,1.50328,1.00,2.25
2016.01.04 03:31:32.502,1.50299,1.50328,1.50,2.25
2016.01.04 03:31:33.012,1.503,1.50329,1.12,1.37
2016.01.04 03:31:33.317,1.50307,1.50332,1.12,1.12
2016.01.04 03:31:33.368,1.50307,1.50335,2.62,1.50
2016.01.04 03:31:33.419,1.50309,1.50336,1.00,1.37
2016.01.04 03:31:33.470,1.50311,1.50336,1.50,1.37
2016.01.04 03:31:34.036,1.50316,1.5034,2.19,1.37
2016.01.04 03:31:34.089,1.50316,1.50346,2.19,1.37
2016.01.04 03:31:34.596,1.50316,1.50346,1.12,1.87
2016.01.04 03:31:35.103,1.50318,1.50346,1.12,1.37
2016.01.04 03:31:37.269,1.50318,1.50346,1.12,1.37
2016.01.04 03:31:38.679,1.5032,1.50346,1.00,1.37
2016.01.04 03:31:39.189,1.50321,1.50346,1.00,1.37
2016.01.04 03:31:40.886,1.50318,1.50347,1.12,3.00
2016.01.04 03:31:44.846,1.50318,1.50347,1.87,2.25
2016.01.04 03:31:45.564,1.50321,1.50347,1.25,1.00
2016.01.04 03:31:45.666,1.50321,1.50349,3.00,1.75
2016.01.04 03:31:45.972,1.50324,1.50352,2.25,1.00
2016.01.04 03:31:46.848,1.50327,1.50356,1.37,2.62
2016.01.04 03:31:46.951,1.50327,1.50352,1.44,1.37
2016.01.04 03:31:47.662,1.50324,1.50351,1.50,1.37
2016.01.04 03:31:48.864,1.50323,1.50351,1.12,1.37
2016.01.04 03:31:49.589,1.50324,1.50351,3.37,1.37
2016.01.04 03:31:49.640,1.50327,1.50352,1.37,1.00
2016.01.04 03:31:50.617,1.50327,1.50356,2.25,1.37
2016.01.04 03:31:51.130,1.50331,1.50357,1.00,1.87
2016.01.04 03:31:51.232,1.50331,1.50357,1.75,1.37
2016.01.04 03:31:52.420,1.50331,1.50357,1.50,1.37
2016.01.04 03:31:52.941,1.50331,1.50358,1.50,1.37
2016.01.04 03:31:53.457,1.50331,1.50357,1.50,1.37
2016.01.04 03:31:54.558,1.50331,1.50358,1.37,1.37
2016.01.04 03:31:55.488,1.50331,1.50357,1.37,1.37
2016.01.04 03:31:56.050,1.50333,1.50357,1.37,1.37
2016.01.04 03:31:56.102,1.50333,1.50359,1.75,1.37
2016.01.04 03:31:56.154,1.50335,1.50359,2.62,1.37
2016.01.04 03:31:56.205,1.50336,1.50363,1.12,1.37
2016.01.04 03:31:56.612,1.50336,1.50365,1.12,1.37
2016.01.04 03:31:56.714,1.50335,1.50363,3.37,1.75
2016.01.04 03:31:58.368,1.50333,1.50363,1.37,1.87
2016.01.04 03:31:58.896,1.50333,1.50362,1.50,1.50
2016.01.04 03:31:59.549,1.50333,1.50363,1.37,1.87
2016.01.04 03:32:01.362,1.50333,1.50362,1.50,1.50
2016.01.04 03:32:02.699,1.50333,1.50363,1.37,1.87
2016.01.04 03:32:02.979,1.50335,1.50363,1.12,1.37
2016.01.04 03:32:03.177,1.50336,1.50365,1.37,1.87
2016.01.04 03:32:03.536,1.50335,1.50361,1.12,1.37
2016.01.04 03:32:05.631,1.50334,1.50361,1.87,1.37
2016.01.04 03:32:07.989,1.50334,1.50361,1.87,1.37
2016.01.04 03:32:08.756,1.50333,1.50362,2.25,1.37
2016.01.04 03:32:08.909,1.50333,1.5036,1.50,1.37
2016.01.04 03:32:09.458,1.50333,1.50361,1.87,1.37
2016.01.04 03:32:10.174,1.50333,1.50361,2.25,1.37
2016.01.04 03:32:10.955,1.50333,1.50361,1.87,1.37
2016.01.04 03:32:12.050,1.50332,1.50359,1.87,1.37
2016.01.04 03:32:13.246,1.50332,1.50359,1.44,1.37
2016.01.04 03:32:15.051,1.50331,1.50354,1.87,1.37
2016.01.04 03:32:15.356,1.50331,1.50357,1.87,1.37
2016.01.04 03:32:16.342,1.50332,1.50357,1.25,1.87
2016.01.04 03:32:17.570,1.50331,1.50356,1.44,1.37
2016.01.04 03:32:21.053,1.50331,1.50356,1.00,1.37
2016.01.04 03:32:21.459,1.50331,1.50358,1.87,1.37
2016.01.04 03:32:21.561,1.50332,1.50361,1.87,1.50
2016.01.04 03:32:21.815,1.50336,1.50363,1.37,2.25
2016.01.04 03:32:22.322,1.50336,1.50364,1.75,1.87
2016.01.04 03:32:23.010,1.50335,1.50357,1.75,1.12
2016.01.04 03:32:23.062,1.50328,1.50357,2.25,1.87
2016.01.04 03:32:25.246,1.50327,1.50354,1.50,1.00
2016.01.04 03:32:25.298,1.50327,1.50349,1.12,1.00
2016.01.04 03:32:25.358,1.50324,1.50349,1.37,1.00
2016.01.04 03:32:25.511,1.50323,1.50349,1.00,1.12
2016.01.04 03:32:25.614,1.50323,1.50345,1.00,1.00
2016.01.04 03:32:26.642,1.50323,1.50349,1.44,1.12
2016.01.04 03:32:27.050,1.50323,1.50349,1.31,1.12
2016.01.04 03:32:27.359,1.50329,1.50353,1.44,1.12
2016.01.04 03:32:28.179,1.50326,1.50355,1.00,1.87
2016.01.04 03:32:28.690,1.50324,1.50352,1.81,1.12
2016.01.04 03:32:28.741,1.50324,1.50352,1.12,1.87
2016.01.04 03:32:29.046,1.50324,1.50347,1.12,1.00
2016.01.04 03:32:29.098,1.50324,1.50352,1.12,1.37
2016.01.04 03:32:29.810,1.50324,1.50352,1.12,1.37
2016.01.04 03:32:31.066,1.50323,1.50352,1.12,1.37
2016.01.04 03:32:32.746,1.50322,1.5035,1.12,1.00
2016.01.04 03:32:32.797,1.50321,1.5035,3.00,1.50
2016.01.04 03:32:33.304,1.50321,1.50351,2.25,2.62
2016.01.04 03:32:35.105,1.50322,1.50351,1.50,1.87
2016.01.04 03:32:35.411,1.50323,1.50352,3.00,1.87
2016.01.04 03:32:35.916,1.50323,1.50351,1.12,1.37
2016.01.04 03:32:37.592,1.5033,1.50355,1.44,1.37
2016.01.04 03:32:39.723,1.50331,1.50356,1.31,1.00
2016.01.04 03:32:39.774,1.50331,1.50356,1.50,1.00
2016.01.04 03:32:40.449,1.50331,1.5036,1.50,1.37
2016.01.04 03:32:40.653,1.50331,1.50358,1.37,1.87
2016.01.04 03:32:40.704,1.50331,1.50358,1.44,1.87
2016.01.04 03:32:41.539,1.5033,1.50356,2.62,1.37
2016.01.04 03:32:41.743,1.50331,1.50359,1.44,1.37
2016.01.04 03:32:42.251,1.50331,1.5036,1.31,1.87
2016.01.04 03:32:44.554,1.50331,1.5036,1.50,1.87
2016.01.04 03:32:45.082,1.5033,1.50359,3.00,1.37
2016.01.04 03:32:45.711,1.50331,1.50356,1.37,1.87
2016.01.04 03:32:45.765,1.50327,1.50356,2.44,1.87
2016.01.04 03:32:46.274,1.50327,1.50356,1.31,1.37
2016.01.04 03:32:48.130,1.50327,1.50354,1.31,1.00
2016.01.04 03:32:49.171,1.50327,1.50356,1.31,1.37
2016.01.04 03:32:50.000,1.50326,1.50353,2.25,1.00
2016.01.04 03:32:50.328,1.50325,1.50352,1.37,3.00
2016.01.04 03:32:51.058,1.50324,1.50352,2.25,3.00
2016.01.04 03:32:52.218,1.50327,1.50353,1.50,1.87
2016.01.04 03:32:52.524,1.50327,1.50352,1.87,1.12
2016.01.04 03:32:57.250,1.50327,1.50352,1.75,1.12
2016.01.04 03:32:57.587,1.50333,1.50356,1.31,1.12
2016.01.04 03:33:04.026,1.50331,1.50358,1.87,1.37
2016.01.04 03:33:04.077,1.50328,1.50356,1.87,1.00
2016.01.04 03:33:04.280,1.50327,1.50356,1.50,1.50
2016.01.04 03:33:12.373,1.50328,1.50356,1.12,1.37
2016.01.04 03:33:13.360,1.50328,1.50358,1.12,1.87
2016.01.04 03:33:13.513,1.5033,1.50358,1.12,1.37
2016.01.04 03:33:15.661,1.50331,1.50359,1.12,1.37
2016.01.04 03:33:17.313,1.50329,1.50359,2.62,1.50
2016.01.04 03:33:17.415,1.50329,1.50359,2.25,1.87
2016.01.04 03:33:17.568,1.50329,1.50356,2.25,1.37
2016.01.04 03:33:20.793,1.50324,1.50352,1.87,1.87
2016.01.04 03:33:20.895,1.50323,1.50352,1.37,1.50
2016.01.04 03:33:20.946,1.50323,1.5035,1.37,1.37
2016.01.04 03:33:21.050,1.5032,1.50347,1.50,1.00
2016.01.04 03:33:21.103,1.50318,1.50347,1.31,1.00
2016.01.04 03:33:28.905,1.50318,1.50348,1.12,1.50
2016.01.04 03:33:29.550,1.50317,1.50348,2.25,1.87
2016.01.04 03:33:29.652,1.50317,1.50347,1.12,1.12
2016.01.04 03:33:30.160,1.50316,1.50345,1.31,1.75
2016.01.04 03:33:30.667,1.50314,1.50344,3.00,1.00
2016.01.04 03:33:31.718,1.50317,1.50346,1.87,1.37
2016.01.04 03:33:35.240,1.50317,1.50347,1.37,2.25
2016.01.04 03:33:35.755,1.50315,1.50343,1.75,1.12
2016.01.04 03:33:39.389,1.50314,1.50341,1.00,1.50
2016.01.04 03:33:40.401,1.50314,1.50341,1.37,1.12
