2010.05.25 13:00:00.805,1.5047,1.50505,2.20,1.00
2010.05.25 13:00:00.985,1.50465,1.5049,1.00,1.60
2010.05.25 13:00:01.298,1.5046,1.5049,10.00,1.60
2010.05.25 13:00:01.497,1.5046,1.50495,1.60,4.00
2010.05.25 13:00:01.676,1.5046,1.505,3.20,1.00
2010.05.25 13:00:02.029,1.5045,1.50485,1.60,1.00
2010.05.25 13:00:02.374,1.50455,1.5049,2.50,2.00
2010.05.25 13:00:02.725,1.5047,1.50495,1.60,1.00
2010.05.25 13:00:03.078,1.50455,1.50495,1.00,6.40
2010.05.25 13:00:03.613,1.5045,1.5049,1.60,1.00
2010.05.25 13:00:03.954,1.5045,1.50495,2.00,1.60
2010.05.25 13:00:04.292,1.5045,1.50485,1.00,1.60
2010.05.25 13:00:04.635,1.50455,1.50495,1.60,1.00
2010.05.25 13:00:04.982,1.50465,1.50505,1.60,2.10
2010.05.25 13:00:05.241,1.50465,1.50505,1.60,1.60
2010.05.25 13:00:05.760,1.50465,1.50505,1.60,2.00
2010.05.25 13:00:06.849,1.50465,1.50505,1.60,6.00
2010.05.25 13:00:07.165,1.50465,1.50495,1.60,1.60
2010.05.25 13:00:08.593,1.5045,1.50485,3.60,1.60
2010.05.25 13:00:09.166,1.5045,1.50485,2.80,1.60
2010.05.25 13:00:09.521,1.5046,1.50495,1.60,2.00
2010.05.25 13:00:09.785,1.5046,1.505,1.60,2.00
2010.05.25 13:00:10.271,1.5046,1.50495,1.60,1.00
2010.05.25 13:00:10.639,1.50455,1.5049,1.60,1.60
2010.05.25 13:00:11.325,1.50455,1.505,1.60,2.00
2010.05.25 13:00:11.676,1.5046,1.50505,4.00,2.00
2010.05.25 13:00:12.612,1.50455,1.50495,7.60,1.40
2010.05.25 13:00:12.936,1.5046,1.505,1.70,1.00
2010.05.25 13:00:13.847,1.50465,1.50505,5.60,1.40
2010.05.25 13:00:14.198,1.5046,1.50505,1.70,1.80
2010.05.25 13:00:14.547,1.50465,1.50505,1.70,1.00
2010.05.25 13:00:15.583,1.50465,1.50505,1.70,4.40
2010.05.25 13:00:16.513,1.5047,1.5051,1.70,2.00
2010.05.25 13:00:18.101,1.5047,1.5051,1.00,2.00
2010.05.25 13:00:18.352,1.50465,1.505,1.60,1.60
2010.05.25 13:00:18.865,1.50455,1.505,3.30,1.60
2010.05.25 13:00:19.116,1.50455,1.505,3.30,2.00
2010.05.25 13:00:19.464,1.5046,1.505,1.70,2.00
2010.05.25 13:00:20.030,1.5046,1.50505,5.70,1.80
2010.05.25 13:00:20.375,1.50465,1.50505,1.60,1.80
2010.05.25 13:00:20.674,1.50465,1.50505,1.70,4.40
2010.05.25 13:00:20.971,1.50465,1.50505,1.70,8.40
2010.05.25 13:00:21.263,1.5047,1.50505,1.70,4.40
2010.05.25 13:00:21.561,1.5047,1.50505,5.70,1.00
2010.05.25 13:00:21.855,1.5047,1.50505,1.60,1.40
2010.05.25 13:00:24.107,1.50465,1.50505,3.60,4.60
2010.05.25 13:00:24.222,1.50465,1.50495,2.90,1.60
2010.05.25 13:00:24.680,1.50465,1.50505,2.90,5.30
2010.05.25 13:00:24.807,1.50465,1.50505,2.20,5.80
2010.05.25 13:00:25.263,1.50465,1.50505,2.20,3.00
2010.05.25 13:00:27.210,1.50465,1.50505,2.20,3.80
2010.05.25 13:00:27.481,1.50465,1.50495,1.60,1.60
2010.05.25 13:00:28.921,1.50465,1.50495,1.60,3.00
2010.05.25 13:00:29.626,1.50455,1.5049,11.20,1.40
2010.05.25 13:00:29.852,1.50455,1.5049,1.60,1.40
2010.05.25 13:00:30.082,1.5045,1.5049,1.60,3.00
2010.05.25 13:00:30.594,1.50445,1.5049,7.70,3.00
2010.05.25 13:00:30.931,1.50455,1.5049,1.60,1.40
2010.05.25 13:00:34.554,1.50465,1.5049,1.60,1.40
2010.05.25 13:00:35.050,1.50465,1.50495,1.60,2.20
2010.05.25 13:00:35.368,1.50455,1.50495,11.30,1.60
2010.05.25 13:00:35.673,1.50455,1.50495,3.20,3.00
2010.05.25 13:00:36.206,1.5046,1.50495,1.60,3.00
2010.05.25 13:00:36.490,1.50455,1.50495,1.60,3.00
2010.05.25 13:00:38.889,1.50455,1.50495,1.60,4.60
2010.05.25 13:00:39.179,1.50455,1.50495,1.60,5.40
2010.05.25 13:00:39.982,1.50455,1.50495,1.60,5.80
2010.05.25 13:00:41.489,1.50455,1.50495,1.60,6.10
2010.05.25 13:00:41.610,1.5045,1.50485,2.40,1.60
2010.05.25 13:00:42.000,1.5045,1.50485,1.60,1.60
2010.05.25 13:00:42.477,1.5044,1.5048,6.00,1.60
2010.05.25 13:00:43.098,1.5044,1.5048,5.60,3.00
2010.05.25 13:00:43.447,1.5044,1.5048,6.20,3.00
2010.05.25 13:00:43.784,1.5044,1.5047,1.60,1.60
2010.05.25 13:00:45.521,1.50445,1.5047,1.00,1.60
2010.05.25 13:00:45.730,1.50455,1.5048,1.60,1.80
2010.05.25 13:00:45.939,1.50455,1.5048,1.60,1.40
2010.05.25 13:00:47.333,1.50445,1.5048,1.60,3.00
2010.05.25 13:00:49.301,1.50455,1.5048,1.60,1.40
2010.05.25 13:00:49.583,1.5044,1.5047,3.60,1.60
2010.05.25 13:00:49.782,1.5044,1.5047,3.20,1.60
2010.05.25 13:00:50.245,1.50445,1.5048,1.60,4.20
2010.05.25 13:00:50.460,1.50445,1.5047,1.60,1.60
2010.05.25 13:00:50.662,1.5044,1.5047,1.60,1.60
2010.05.25 13:00:51.827,1.50445,1.5048,1.60,5.80
2010.05.25 13:00:52.062,1.5044,1.5047,1.60,4.60
2010.05.25 13:00:52.302,1.50435,1.5047,1.00,4.60
2010.05.25 13:00:52.638,1.5043,1.5046,3.60,1.60
2010.05.25 13:00:52.879,1.5043,1.5046,3.20,1.60
2010.05.25 13:00:53.222,1.5043,1.5046,1.60,1.60
2010.05.25 13:00:55.650,1.5043,1.5047,1.60,5.00
2010.05.25 13:00:55.859,1.5043,1.5047,1.60,9.00
2010.05.25 13:00:56.596,1.5042,1.50455,3.20,8.60
2010.05.25 13:00:56.785,1.50415,1.50455,2.10,1.60
2010.05.25 13:00:56.971,1.50415,1.50455,2.10,5.60
2010.05.25 13:00:57.423,1.50435,1.50465,1.60,1.20
2010.05.25 13:00:57.764,1.5042,1.50445,1.00,1.60
2010.05.25 13:00:58.110,1.5042,1.50445,1.60,1.60
2010.05.25 13:00:58.886,1.504,1.5043,1.00,1.60
2010.05.25 13:00:59.238,1.50395,1.5043,3.50,2.00
2010.05.25 13:00:59.587,1.5041,1.5043,1.60,1.00
2010.05.25 13:00:59.925,1.5041,1.5044,1.60,1.00
2010.05.25 13:01:00.262,1.504,1.50435,3.30,1.60
2010.05.25 13:01:00.602,1.504,1.50435,4.10,1.60
2010.05.25 13:01:00.941,1.50405,1.50445,1.70,2.20
2010.05.25 13:01:01.283,1.50395,1.5043,5.30,1.60
2010.05.25 13:01:01.897,1.504,1.5042,1.00,1.60
2010.05.25 13:01:02.207,1.5039,1.5043,1.00,1.60
2010.05.25 13:01:02.511,1.5038,1.5042,3.30,1.60
2010.05.25 13:01:02.822,1.5038,1.5042,1.70,1.60
2010.05.25 13:01:03.151,1.5038,1.5042,7.30,1.60
2010.05.25 13:01:03.481,1.5039,1.5042,1.60,1.60
2010.05.25 13:01:03.814,1.5038,1.5041,1.00,1.60
2010.05.25 13:01:04.382,1.50395,1.5042,1.00,3.70
2010.05.25 13:01:04.727,1.50395,1.50425,2.00,1.00
2010.05.25 13:01:05.074,1.50405,1.50435,1.60,3.00
2010.05.25 13:01:05.414,1.504,1.5043,1.00,1.60
2010.05.25 13:01:06.100,1.50395,1.5043,1.70,1.60
2010.05.25 13:01:07.096,1.5041,1.5044,1.60,3.00
2010.05.25 13:01:07.602,1.5041,1.5044,1.60,1.60
2010.05.25 13:01:08.493,1.5041,1.5044,1.60,3.00
2010.05.25 13:01:08.832,1.504,1.50435,2.00,1.60
2010.05.25 13:01:09.170,1.504,1.50435,1.60,1.60
2010.05.25 13:01:09.853,1.504,1.5043,1.00,1.60
2010.05.25 13:01:10.192,1.504,1.50435,1.60,1.60
2010.05.25 13:01:10.811,1.504,1.50435,2.00,1.60
2010.05.25 13:01:11.124,1.504,1.50435,1.60,2.20
2010.05.25 13:01:11.436,1.50395,1.5042,1.00,1.60
2010.05.25 13:01:11.643,1.5039,1.5042,2.10,1.60
2010.05.25 13:01:12.296,1.5039,1.5042,1.70,1.60
2010.05.25 13:01:12.501,1.50385,1.5042,1.70,1.60
2010.05.25 13:01:13.461,1.50385,1.5042,3.30,1.60
2010.05.25 13:01:13.804,1.50385,1.5042,3.30,2.20
2010.05.25 13:01:14.126,1.5039,1.50425,2.30,1.00
2010.05.25 13:01:14.454,1.5041,1.5044,1.60,1.10
2010.05.25 13:01:15.055,1.50405,1.50435,1.70,1.00
2010.05.25 13:01:15.406,1.5041,1.5045,1.60,1.00
2010.05.25 13:01:15.758,1.50405,1.50445,3.70,1.60
2010.05.25 13:01:16.205,1.50415,1.5045,4.00,1.00
2010.05.25 13:01:16.518,1.50415,1.50455,4.00,3.00
2010.05.25 13:01:16.824,1.5041,1.50445,7.70,1.60
2010.05.25 13:01:17.810,1.5042,1.50455,1.60,3.40
2010.05.25 13:01:18.056,1.5042,1.50455,1.60,4.80
2010.05.25 13:01:18.294,1.5041,1.50435,1.00,1.60
2010.05.25 13:01:18.808,1.504,1.50435,2.00,1.60
2010.05.25 13:01:19.494,1.50405,1.50435,1.60,1.60
2010.05.25 13:01:19.992,1.50405,1.5043,1.60,1.60
2010.05.25 13:01:20.333,1.5041,1.5044,1.60,1.60
2010.05.25 13:01:21.263,1.50405,1.5043,1.60,1.60
2010.05.25 13:01:22.401,1.50395,1.5043,5.20,1.60
2010.05.25 13:01:22.521,1.50395,1.50425,5.20,1.00
2010.05.25 13:01:22.640,1.50395,1.50415,3.60,1.60
2010.05.25 13:01:22.967,1.50405,1.50415,1.60,1.60
2010.05.25 13:01:23.096,1.50405,1.5043,1.60,1.60
2010.05.25 13:01:23.445,1.50395,1.5043,4.80,1.60
2010.05.25 13:01:23.795,1.5039,1.50425,11.70,1.60
2010.05.25 13:01:24.365,1.5039,1.50425,3.30,1.60
2010.05.25 13:01:24.716,1.5039,1.50425,3.70,1.60
2010.05.25 13:01:25.063,1.50395,1.50435,1.60,3.70
2010.05.25 13:01:25.405,1.50395,1.50415,1.00,1.60
2010.05.25 13:01:25.753,1.5039,1.50425,2.00,1.60
2010.05.25 13:01:26.431,1.504,1.50425,1.60,1.60
2010.05.25 13:01:26.653,1.504,1.50435,4.20,1.60
2010.05.25 13:01:26.873,1.5041,1.50445,1.60,4.60
2010.05.25 13:01:27.397,1.50405,1.5043,2.00,1.60
2010.05.25 13:01:27.706,1.504,1.50435,2.00,5.00
2010.05.25 13:01:28.088,1.504,1.5043,1.00,1.60
2010.05.25 13:01:28.393,1.50395,1.5043,1.60,1.60
2010.05.25 13:01:28.731,1.504,1.50435,1.60,4.60
2010.05.25 13:01:29.074,1.50405,1.50435,1.60,3.00
2010.05.25 13:01:29.413,1.50405,1.50445,1.60,5.20
2010.05.25 13:01:29.752,1.504,1.50435,1.00,9.60
2010.05.25 13:01:30.094,1.504,1.50435,1.60,3.00
2010.05.25 13:01:30.433,1.5042,1.5044,1.60,1.00
2010.05.25 13:01:31.115,1.5042,1.50455,1.60,7.00
2010.05.25 13:01:31.639,1.5041,1.50445,3.60,1.60
2010.05.25 13:01:31.910,1.5041,1.50445,1.60,1.60
2010.05.25 13:01:33.207,1.504,1.5043,1.60,1.60
2010.05.25 13:01:33.484,1.504,1.5043,5.60,1.60
2010.05.25 13:01:34.071,1.504,1.5043,1.60,1.60
2010.05.25 13:01:34.429,1.5041,1.50445,1.60,1.60
2010.05.25 13:01:35.038,1.5041,1.50435,1.60,1.00
2010.05.25 13:01:35.382,1.504,1.5043,1.00,1.60
2010.05.25 13:01:35.721,1.50405,1.50435,1.00,3.20
2010.05.25 13:01:36.069,1.50405,1.50425,1.00,1.00
2010.05.25 13:01:36.418,1.5041,1.50425,1.60,1.00
2010.05.25 13:01:37.036,1.504,1.5044,2.50,3.80
2010.05.25 13:01:37.386,1.50415,1.50445,1.60,1.00
2010.05.25 13:01:38.074,1.5041,1.50445,1.00,2.20
2010.05.25 13:01:38.427,1.50405,1.50445,1.00,4.60
2010.05.25 13:01:38.774,1.50405,1.50435,1.00,1.60
2010.05.25 13:01:39.124,1.504,1.50425,1.10,3.00
2010.05.25 13:01:39.473,1.504,1.5043,1.60,1.60
2010.05.25 13:01:40.047,1.5041,1.5043,1.60,1.00
2010.05.25 13:01:40.394,1.5041,1.50435,2.00,1.00
2010.05.25 13:01:40.733,1.504,1.50435,1.00,5.10
2010.05.25 13:01:41.074,1.504,1.5043,1.00,1.60
2010.05.25 13:01:41.425,1.504,1.50425,1.00,4.60
2010.05.25 13:01:41.773,1.504,1.5042,1.60,4.00
2010.05.25 13:01:42.117,1.504,1.5042,2.50,4.00
2010.05.25 13:01:42.463,1.5041,1.5044,1.60,1.60
2010.05.25 13:01:42.805,1.50395,1.50425,2.00,1.60
2010.05.25 13:01:43.154,1.50395,1.50425,1.60,1.60
2010.05.25 13:01:43.494,1.50405,1.50435,1.60,13.80
2010.05.25 13:01:43.834,1.50395,1.50425,2.50,1.60
2010.05.25 13:01:44.183,1.50395,1.50425,2.00,1.60
2010.05.25 13:01:44.525,1.5038,1.50405,1.00,1.60
2010.05.25 13:01:44.878,1.5039,1.504,1.00,8.00
2010.05.25 13:01:45.224,1.5037,1.50405,11.00,1.60
2010.05.25 13:01:45.574,1.50385,1.5041,4.00,1.00
2010.05.25 13:01:46.144,1.5038,1.50405,1.00,1.60
2010.05.25 13:01:46.497,1.5038,1.50405,1.60,1.60
2010.05.25 13:01:46.847,1.50385,1.50415,1.60,1.20
2010.05.25 13:01:47.194,1.5039,1.50415,1.60,1.00
2010.05.25 13:01:47.533,1.50385,1.50425,2.50,9.10
2010.05.25 13:01:48.120,1.50385,1.5042,2.50,4.00
2010.05.25 13:01:48.464,1.50395,1.50415,1.60,4.00
2010.05.25 13:01:48.813,1.50395,1.5042,1.60,1.00
2010.05.25 13:01:49.554,1.50395,1.5042,1.60,1.00
2010.05.25 13:01:49.820,1.50395,1.5043,1.60,9.40
2010.05.25 13:01:50.347,1.504,1.50425,1.60,4.00
2010.05.25 13:01:50.701,1.5041,1.5043,1.60,4.00
2010.05.25 13:01:51.042,1.5041,1.5044,1.60,11.80
2010.05.25 13:01:51.385,1.5043,1.50435,1.60,1.00
2010.05.25 13:01:51.715,1.50415,1.50435,1.00,1.60
2010.05.25 13:01:52.045,1.5041,1.5044,1.60,2.20
2010.05.25 13:01:52.621,1.504,1.50435,1.60,8.00
2010.05.25 13:01:52.965,1.5041,1.5044,1.60,8.00
2010.05.25 13:01:53.313,1.50405,1.50435,1.60,1.60
2010.05.25 13:01:53.650,1.50405,1.50435,1.70,1.60
2010.05.25 13:01:53.992,1.50405,1.50445,1.70,6.40
2010.05.25 13:01:54.331,1.50405,1.50445,1.70,2.00
2010.05.25 13:01:54.672,1.50415,1.5045,1.60,10.00
2010.05.25 13:01:54.993,1.5042,1.5045,1.60,8.40
2010.05.25 13:01:55.315,1.5041,1.50445,1.60,4.00
2010.05.25 13:01:55.632,1.5041,1.5045,1.60,13.00
2010.05.25 13:01:56.014,1.5042,1.5045,1.60,11.40
2010.05.25 13:01:56.366,1.5041,1.5045,1.60,13.00
2010.05.25 13:01:56.949,1.5041,1.5045,1.60,13.40
2010.05.25 13:01:57.256,1.5041,1.50445,1.60,4.00
2010.05.25 13:01:57.554,1.5042,1.5045,1.60,3.40
2010.05.25 13:01:57.903,1.5042,1.5045,1.60,3.00
2010.05.25 13:01:58.245,1.50405,1.5044,2.00,5.00
2010.05.25 13:01:58.594,1.50395,1.5043,2.00,1.60
2010.05.25 13:01:58.933,1.50395,1.5043,1.60,1.60
2010.05.25 13:02:01.042,1.5039,1.50415,2.50,3.20
2010.05.25 13:02:01.542,1.50385,1.50405,1.00,1.60
2010.05.25 13:02:01.834,1.5039,1.50425,1.60,5.80
2010.05.25 13:02:02.081,1.5039,1.50415,1.60,1.00
2010.05.25 13:02:02.936,1.5039,1.5043,2.50,6.60
2010.05.25 13:02:03.285,1.5039,1.50425,1.60,3.20
2010.05.25 13:02:03.636,1.50385,1.50425,4.00,5.00
2010.05.25 13:02:03.982,1.5038,1.5042,2.10,1.60
2010.05.25 13:02:04.324,1.5039,1.5042,1.00,1.60
2010.05.25 13:02:04.674,1.5039,1.5043,1.60,14.60
2010.05.25 13:02:05.154,1.504,1.5043,1.60,3.40
2010.05.25 13:02:05.498,1.504,1.50435,2.50,1.80
2010.05.25 13:02:05.841,1.504,1.50435,2.50,1.40
2010.05.25 13:02:06.712,1.5041,1.50445,1.60,9.60
2010.05.25 13:02:07.002,1.5042,1.50445,1.60,4.60
2010.05.25 13:02:07.240,1.504,1.50435,2.10,1.60
2010.05.25 13:02:07.479,1.50405,1.50435,1.00,1.60
2010.05.25 13:02:08.114,1.5041,1.50445,1.60,5.00
2010.05.25 13:02:08.466,1.50415,1.5045,1.60,3.00
2010.05.25 13:02:10.809,1.50415,1.5045,1.60,4.60
2010.05.25 13:02:11.123,1.50405,1.5044,2.00,1.60
2010.05.25 13:02:11.431,1.50405,1.5044,2.00,4.60
2010.05.25 13:02:11.619,1.50405,1.5044,1.60,4.60
2010.05.25 13:02:11.811,1.50405,1.50435,1.60,3.00
2010.05.25 13:02:12.002,1.50395,1.5043,2.00,3.20
2010.05.25 13:02:12.196,1.50405,1.5043,1.00,1.60
2010.05.25 13:02:12.723,1.504,1.50435,4.00,1.60
2010.05.25 13:02:12.971,1.504,1.5043,2.20,1.60
2010.05.25 13:02:13.271,1.504,1.5043,6.20,1.60
2010.05.25 13:02:13.536,1.50385,1.50415,4.00,1.60
2010.05.25 13:02:13.886,1.50385,1.50415,2.00,1.60
2010.05.25 13:02:14.235,1.50385,1.50415,1.00,6.20
2010.05.25 13:02:14.583,1.50375,1.5041,2.00,1.60
2010.05.25 13:02:14.922,1.50385,1.50405,1.60,1.00
2010.05.25 13:02:15.262,1.5038,1.50415,1.60,3.50
2010.05.25 13:02:15.936,1.50375,1.5041,1.60,4.60
2010.05.25 13:02:16.485,1.5037,1.50405,4.60,4.60
2010.05.25 13:02:16.815,1.5039,1.5041,6.20,1.00
2010.05.25 13:02:17.161,1.5039,1.5042,6.00,1.00
2010.05.25 13:02:17.500,1.5039,1.5043,2.00,1.40
2010.05.25 13:02:17.841,1.5039,1.5043,6.00,1.40
2010.05.25 13:02:18.182,1.504,1.5044,1.60,1.60
2010.05.25 13:02:18.860,1.504,1.5044,2.00,1.60
2010.05.25 13:02:19.507,1.50395,1.50415,1.00,4.60
2010.05.25 13:02:20.132,1.5039,1.5041,1.00,1.00
2010.05.25 13:02:20.440,1.50375,1.5042,1.00,5.40
2010.05.25 13:02:20.999,1.50365,1.5041,2.10,1.00
2010.05.25 13:02:21.344,1.50365,1.50395,1.00,1.60
2010.05.25 13:02:21.696,1.50365,1.50405,1.60,1.60
2010.05.25 13:02:22.045,1.5037,1.50405,1.00,1.60
2010.05.25 13:02:22.395,1.50375,1.5041,1.60,1.60
2010.05.25 13:02:22.745,1.5038,1.50415,1.60,3.00
2010.05.25 13:02:23.326,1.5038,1.50415,1.60,1.60
2010.05.25 13:02:23.679,1.5038,1.5041,1.60,1.60
2010.05.25 13:02:24.023,1.5037,1.50405,1.00,1.60
2010.05.25 13:02:24.364,1.5038,1.5041,1.60,1.60
2010.05.25 13:02:24.900,1.50365,1.50405,5.30,1.60
2010.05.25 13:02:25.207,1.50365,1.50405,3.70,1.60
2010.05.25 13:02:25.432,1.5037,1.50405,1.00,1.60
2010.05.25 13:02:25.667,1.5038,1.50415,1.60,4.60
2010.05.25 13:02:26.164,1.5038,1.50415,1.60,1.60
2010.05.25 13:02:26.401,1.50375,1.50405,2.00,1.60
2010.05.25 13:02:26.747,1.50375,1.504,1.00,1.60
2010.05.25 13:02:27.093,1.5037,1.50415,1.60,4.60
2010.05.25 13:02:27.431,1.50375,1.50415,1.00,4.60
2010.05.25 13:02:27.773,1.5037,1.50415,2.00,4.60
2010.05.25 13:02:28.115,1.5037,1.50405,1.00,3.00
2010.05.25 13:02:28.461,1.50365,1.50405,3.60,3.00
2010.05.25 13:02:28.801,1.50365,1.50405,10.00,3.00
2010.05.25 13:02:29.140,1.50365,1.50405,10.40,3.00
2010.05.25 13:02:29.483,1.5038,1.50405,1.60,1.40
2010.05.25 13:02:29.786,1.5037,1.504,4.60,3.00
2010.05.25 13:02:30.085,1.50365,1.504,1.60,3.00
2010.05.25 13:02:30.382,1.50365,1.504,1.60,1.60
2010.05.25 13:02:31.634,1.5036,1.50385,1.00,1.60
2010.05.25 13:02:31.813,1.5036,1.50385,1.60,1.60
2010.05.25 13:02:31.982,1.50365,1.504,1.60,6.80
2010.05.25 13:02:32.303,1.50365,1.504,1.60,2.40
2010.05.25 13:02:32.474,1.5036,1.50395,3.70,1.60
2010.05.25 13:02:32.652,1.5036,1.50395,2.10,1.60
2010.05.25 13:02:32.995,1.50365,1.50395,1.60,3.00
2010.05.25 13:02:33.345,1.50365,1.504,1.60,3.80
2010.05.25 13:02:33.691,1.50375,1.504,1.60,3.70
2010.05.25 13:02:34.295,1.5037,1.50395,1.60,1.00
2010.05.25 13:02:34.645,1.5038,1.50405,1.60,2.20
2010.05.25 13:02:34.991,1.5038,1.50405,1.60,1.80
2010.05.25 13:02:35.329,1.5038,1.50405,1.60,1.40
2010.05.25 13:02:36.077,1.5038,1.50405,1.60,3.00
2010.05.25 13:02:38.901,1.5037,1.50405,1.60,3.00
2010.05.25 13:02:40.361,1.5037,1.50395,1.60,1.40
2010.05.25 13:02:41.034,1.50365,1.50395,1.60,4.60
2010.05.25 13:02:41.221,1.5037,1.504,1.60,1.00
2010.05.25 13:02:41.402,1.5037,1.50405,1.60,4.60
2010.05.25 13:02:41.690,1.5037,1.50405,5.60,4.60
2010.05.25 13:02:41.877,1.5037,1.504,1.60,3.00
2010.05.25 13:02:42.906,1.5037,1.50395,1.60,1.40
2010.05.25 13:02:43.596,1.50365,1.50395,1.60,4.60
2010.05.25 13:02:43.806,1.5037,1.50395,1.60,1.40
2010.05.25 13:02:44.014,1.5037,1.504,1.60,2.20
2010.05.25 13:02:44.357,1.5038,1.50405,1.60,3.40
2010.05.25 13:02:44.703,1.5037,1.50395,2.20,1.40
2010.05.25 13:02:45.044,1.50365,1.50395,2.20,1.60
2010.05.25 13:02:45.734,1.5037,1.50405,1.60,3.00
2010.05.25 13:02:46.082,1.5037,1.50405,1.60,3.60
2010.05.25 13:02:46.421,1.5037,1.50405,1.60,3.00
2010.05.25 13:02:46.759,1.5037,1.504,2.00,1.40
2010.05.25 13:02:47.104,1.5037,1.504,2.00,4.80
2010.05.25 13:02:47.362,1.5037,1.50405,1.60,5.40
2010.05.25 13:02:47.906,1.50365,1.5039,1.00,1.60
2010.05.25 13:02:48.167,1.50365,1.5039,1.00,1.60
2010.05.25 13:02:48.513,1.5037,1.504,1.60,2.60
2010.05.25 13:02:48.853,1.5037,1.504,1.60,2.10
2010.05.25 13:02:49.193,1.5038,1.504,1.60,1.00
2010.05.25 13:02:49.535,1.5038,1.50405,1.60,5.40
2010.05.25 13:02:50.070,1.5037,1.504,1.60,1.40
2010.05.25 13:02:50.416,1.50365,1.5039,1.00,4.60
2010.05.25 13:02:50.763,1.5036,1.5039,1.00,4.60
2010.05.25 13:02:51.375,1.5037,1.50395,1.00,2.40
2010.05.25 13:02:51.629,1.50375,1.504,1.60,1.80
2010.05.25 13:02:51.875,1.50365,1.504,2.20,1.40
2010.05.25 13:02:53.205,1.50365,1.50395,1.60,1.60
2010.05.25 13:02:53.555,1.50365,1.504,1.60,1.40
2010.05.25 13:02:53.802,1.50365,1.50395,2.20,1.60
2010.05.25 13:02:54.138,1.50365,1.50395,1.60,1.60
2010.05.25 13:02:54.395,1.50375,1.50405,1.60,4.20
2010.05.25 13:02:54.647,1.50365,1.50395,2.20,3.00
2010.05.25 13:02:55.258,1.50365,1.50395,1.60,1.60
2010.05.25 13:02:55.606,1.50365,1.504,1.60,1.40
2010.05.25 13:02:55.926,1.50365,1.50395,1.60,3.00
2010.05.25 13:02:56.568,1.5035,1.5038,2.00,1.60
2010.05.25 13:02:56.887,1.50355,1.5039,1.60,4.60
2010.05.25 13:02:57.236,1.5037,1.50395,1.60,3.80
2010.05.25 13:02:57.585,1.50365,1.50395,2.20,5.40
2010.05.25 13:02:57.934,1.5036,1.5039,1.60,1.40
2010.05.25 13:02:59.133,1.5035,1.50375,1.60,4.00
2010.05.25 13:02:59.470,1.5035,1.50385,1.60,1.80
2010.05.25 13:02:59.811,1.5035,1.50385,1.60,1.40
2010.05.25 13:03:01.471,1.5035,1.5038,3.20,1.40
2010.05.25 13:03:02.033,1.50355,1.5038,1.60,1.40
2010.05.25 13:03:02.177,1.50355,1.5039,5.60,1.40
2010.05.25 13:03:02.326,1.50355,1.5039,5.60,1.60
2010.05.25 13:03:02.475,1.5037,1.5039,1.00,1.60
2010.05.25 13:03:02.900,1.50365,1.50395,1.60,1.60
2010.05.25 13:03:03.389,1.5036,1.504,3.90,5.60
2010.05.25 13:03:04.002,1.50365,1.504,2.20,1.60
2010.05.25 13:03:04.347,1.50365,1.504,1.60,1.60
2010.05.25 13:03:05.030,1.50365,1.504,3.20,1.60
2010.05.25 13:03:06.031,1.50365,1.504,1.60,1.60
2010.05.25 13:03:06.201,1.5037,1.5041,1.60,2.00
2010.05.25 13:03:06.371,1.5038,1.5041,1.60,1.00
2010.05.25 13:03:06.933,1.5038,1.50415,1.60,8.60
2010.05.25 13:03:07.440,1.5038,1.5041,1.60,1.60
2010.05.25 13:03:07.783,1.50385,1.50415,1.60,3.00
2010.05.25 13:03:08.123,1.50385,1.50415,1.00,3.20
2010.05.25 13:03:08.421,1.5038,1.50415,3.70,1.60
2010.05.25 13:03:08.722,1.5038,1.50415,11.70,1.60
2010.05.25 13:03:09.021,1.5038,1.50415,11.30,1.60
2010.05.25 13:03:09.489,1.50385,1.50415,1.60,1.60
2010.05.25 13:03:10.402,1.5038,1.5041,2.00,1.60
2010.05.25 13:03:10.630,1.50385,1.5041,1.60,1.60
2010.05.25 13:03:11.055,1.50385,1.50415,1.60,2.00
2010.05.25 13:03:11.289,1.50385,1.50415,1.60,1.60
2010.05.25 13:03:11.561,1.5039,1.50415,1.60,1.60
2010.05.25 13:03:12.102,1.5039,1.5042,9.60,1.40
2010.05.25 13:03:12.628,1.5039,1.5042,1.60,1.40
2010.05.25 13:03:12.901,1.50385,1.5042,1.60,3.00
2010.05.25 13:03:13.182,1.5039,1.50425,1.60,2.80
2010.05.25 13:03:13.462,1.50395,1.50425,1.60,1.00
2010.05.25 13:03:13.802,1.50385,1.50425,1.60,5.40
2010.05.25 13:03:14.270,1.50385,1.50425,1.60,4.60
2010.05.25 13:03:14.611,1.50395,1.50425,1.60,3.40
2010.05.25 13:03:14.940,1.50395,1.50425,1.60,1.60
2010.05.25 13:03:15.636,1.50375,1.5041,4.00,1.60
2010.05.25 13:03:16.081,1.5037,1.5041,2.40,1.60
2010.05.25 13:03:16.363,1.5037,1.5041,2.40,3.20
2010.05.25 13:03:16.607,1.5039,1.5042,1.60,2.80
2010.05.25 13:03:16.837,1.5039,1.5042,1.60,1.20
2010.05.25 13:03:17.458,1.5039,1.5042,1.60,8.40
2010.05.25 13:03:17.808,1.50385,1.50415,1.60,4.00
2010.05.25 13:03:18.116,1.50375,1.50415,4.10,5.60
2010.05.25 13:03:18.426,1.50375,1.50415,5.70,9.60
2010.05.25 13:03:18.735,1.50375,1.50415,4.90,10.00
2010.05.25 13:03:19.046,1.50375,1.50415,4.90,9.60
2010.05.25 13:03:19.393,1.50375,1.50415,4.90,10.00
2010.05.25 13:03:19.733,1.50375,1.5041,4.90,8.00
2010.05.25 13:03:20.074,1.50385,1.50415,1.60,9.60
2010.05.25 13:03:20.344,1.50375,1.50405,4.90,4.00
2010.05.25 13:03:20.616,1.50375,1.5039,1.60,1.60
2010.05.25 13:03:20.905,1.5037,1.5039,1.00,1.60
2010.05.25 13:03:21.177,1.50365,1.504,3.30,5.60
2010.05.25 13:03:22.362,1.50375,1.504,1.60,4.00
2010.05.25 13:03:22.585,1.50385,1.50415,1.60,7.00
2010.05.25 13:03:22.812,1.5037,1.5041,1.60,4.00
2010.05.25 13:03:23.035,1.50365,1.504,3.70,6.20
2010.05.25 13:03:23.263,1.5037,1.504,1.60,5.60
2010.05.25 13:03:23.874,1.50365,1.504,2.10,9.60
2010.05.25 13:03:24.222,1.50365,1.50395,1.60,5.40
2010.05.25 13:03:24.561,1.5036,1.504,1.60,5.80
2010.05.25 13:03:24.901,1.5036,1.504,1.60,4.20
2010.05.25 13:03:25.241,1.5037,1.504,1.00,2.00
2010.05.25 13:03:25.582,1.50365,1.504,1.60,1.60
2010.05.25 13:03:26.178,1.50375,1.50405,1.60,6.00
2010.05.25 13:03:26.526,1.50365,1.504,3.30,1.60
2010.05.25 13:03:26.880,1.50375,1.50405,1.60,2.00
2010.05.25 13:03:27.454,1.50365,1.504,1.00,1.60
2010.05.25 13:03:27.756,1.50375,1.50405,1.60,1.00
2010.05.25 13:03:28.093,1.50375,1.5041,1.60,5.80
2010.05.25 13:03:28.422,1.50375,1.5041,1.60,5.00
2010.05.25 13:03:29.090,1.50375,1.50405,1.60,1.60
2010.05.25 13:03:29.432,1.5037,1.504,1.60,1.60
2010.05.25 13:03:29.772,1.5037,1.504,1.60,3.00
2010.05.25 13:03:30.043,1.5036,1.50395,1.60,1.60
2010.05.25 13:03:32.190,1.5036,1.5039,1.60,1.60
2010.05.25 13:03:33.450,1.5036,1.5039,1.60,3.20
2010.05.25 13:03:33.611,1.5036,1.5039,1.60,3.00
2010.05.25 13:03:34.020,1.5035,1.50375,1.00,1.60
2010.05.25 13:03:34.192,1.50355,1.50385,1.60,1.60
2010.05.25 13:03:35.143,1.5036,1.50395,2.30,2.40
2010.05.25 13:03:35.484,1.5037,1.50395,1.60,1.60
2010.05.25 13:03:37.401,1.5037,1.50395,2.20,1.60
2010.05.25 13:03:37.541,1.5037,1.50405,1.60,1.60
2010.05.25 13:03:38.088,1.5037,1.50395,1.60,1.60
2010.05.25 13:03:39.169,1.5036,1.50385,1.00,1.60
2010.05.25 13:03:39.517,1.5036,1.5039,1.60,1.60
2010.05.25 13:03:40.468,1.50365,1.504,1.60,6.60
2010.05.25 13:03:40.756,1.50365,1.504,1.60,1.60
2010.05.25 13:03:41.321,1.5037,1.504,1.60,3.00
2010.05.25 13:03:41.902,1.5036,1.5039,1.60,1.60
2010.05.25 13:03:42.925,1.5036,1.50385,1.00,4.60
2010.05.25 13:03:43.487,1.50345,1.50375,3.20,4.60
2010.05.25 13:03:43.755,1.5036,1.5038,1.60,10.20
2010.05.25 13:03:44.370,1.50365,1.5038,1.60,1.00
2010.05.25 13:03:44.714,1.5037,1.5038,1.60,1.00
2010.05.25 13:03:45.400,1.5037,1.50415,1.60,1.40
2010.05.25 13:03:46.020,1.50365,1.5041,2.00,3.00
2010.05.25 13:03:46.177,1.5036,1.50405,1.00,4.00
2010.05.25 13:03:46.335,1.50355,1.5041,6.00,4.60
2010.05.25 13:03:46.705,1.50365,1.50395,1.60,1.60
2010.05.25 13:03:46.866,1.5037,1.5039,1.60,1.40
2010.05.25 13:03:47.025,1.50355,1.50385,2.00,1.60
2010.05.25 13:03:47.639,1.50365,1.5037,1.60,2.00
2010.05.25 13:03:47.986,1.50345,1.50385,2.40,1.60
2010.05.25 13:03:48.330,1.50345,1.5038,1.60,1.00
2010.05.25 13:03:48.669,1.50345,1.50385,1.70,1.60
2010.05.25 13:03:49.012,1.50345,1.50385,3.30,1.60
2010.05.25 13:03:49.867,1.50365,1.50395,1.60,7.00
2010.05.25 13:03:50.086,1.5036,1.50385,1.60,1.60
2010.05.25 13:03:50.336,1.50365,1.504,1.60,5.40
2010.05.25 13:03:50.854,1.50365,1.504,1.60,7.80
2010.05.25 13:03:51.103,1.50365,1.504,1.60,5.80
2010.05.25 13:03:51.443,1.5036,1.50395,1.60,9.60
2010.05.25 13:03:51.781,1.50375,1.504,1.60,1.00
2010.05.25 13:03:52.121,1.5037,1.50405,1.60,1.00
2010.05.25 13:03:52.451,1.50385,1.5041,1.60,2.60
2010.05.25 13:03:52.780,1.50385,1.5041,1.60,1.40
2010.05.25 13:03:53.312,1.50365,1.50395,1.00,4.00
2010.05.25 13:03:53.502,1.5037,1.504,1.60,3.00
2010.05.25 13:03:53.692,1.50365,1.50395,1.00,1.00
2010.05.25 13:03:53.989,1.50365,1.5039,1.00,4.00
2010.05.25 13:03:54.203,1.5035,1.50385,1.70,1.60
2010.05.25 13:03:54.545,1.5036,1.5039,1.60,3.20
2010.05.25 13:03:55.495,1.50355,1.50385,1.60,1.60
2010.05.25 13:03:56.524,1.50355,1.5039,2.60,1.60
2010.05.25 13:03:57.049,1.50365,1.50395,1.60,1.00
2010.05.25 13:03:57.325,1.50365,1.504,1.60,8.60
2010.05.25 13:03:57.572,1.50365,1.504,1.60,7.20
2010.05.25 13:03:58.430,1.50365,1.504,1.60,3.20
2010.05.25 13:03:58.779,1.50385,1.50415,1.60,1.80
2010.05.25 13:03:59.125,1.5038,1.50415,1.60,1.00
2010.05.25 13:03:59.474,1.5039,1.5042,1.60,1.40
2010.05.25 13:03:59.813,1.504,1.5043,1.60,7.00
2010.05.25 13:04:00.151,1.504,1.5043,1.60,4.00
2010.05.25 13:04:01.868,1.504,1.50425,1.60,1.60
2010.05.25 13:04:02.123,1.50395,1.5043,1.60,4.60
2010.05.25 13:04:02.381,1.50395,1.5043,1.60,5.00
2010.05.25 13:04:02.925,1.50395,1.50425,1.60,3.00
2010.05.25 13:04:04.104,1.5038,1.5041,2.00,9.60
2010.05.25 13:04:04.442,1.5039,1.50415,1.60,1.00
2010.05.25 13:04:04.783,1.5039,1.5042,1.60,3.00
2010.05.25 13:04:05.112,1.504,1.5042,1.60,3.00
2010.05.25 13:04:05.443,1.50395,1.5042,2.50,1.40
2010.05.25 13:04:05.773,1.50395,1.5042,1.60,1.40
2010.05.25 13:04:06.106,1.50395,1.5042,1.60,3.00
2010.05.25 13:04:06.774,1.50395,1.5042,1.60,3.80
2010.05.25 13:04:07.078,1.5038,1.5042,9.60,3.00
2010.05.25 13:04:07.353,1.50395,1.5042,1.60,3.00
2010.05.25 13:04:07.635,1.504,1.5042,1.60,3.00
2010.05.25 13:04:07.929,1.50395,1.5041,1.00,1.40
2010.05.25 13:04:08.228,1.5038,1.5041,6.10,1.40
2010.05.25 13:04:08.527,1.5038,1.50415,5.60,4.60
2010.05.25 13:04:08.941,1.5038,1.50415,6.50,3.00
2010.05.25 13:04:09.285,1.5038,1.5041,5.60,1.40
2010.05.25 13:04:10.590,1.5038,1.5041,1.60,1.40
2010.05.25 13:04:11.473,1.5038,1.5041,1.60,3.00
2010.05.25 13:04:11.581,1.5038,1.5041,1.60,1.40
2010.05.25 13:04:12.663,1.5038,1.5041,1.60,9.40
2010.05.25 13:04:12.772,1.5038,1.504,1.60,1.40
2010.05.25 13:04:13.065,1.5038,1.50405,1.60,1.60
2010.05.25 13:04:13.187,1.5038,1.5041,1.60,3.00
2010.05.25 13:04:13.533,1.5038,1.5041,1.60,3.60
2010.05.25 13:04:14.513,1.5038,1.50415,1.60,4.60
2010.05.25 13:04:14.768,1.50385,1.50405,2.50,3.00
2010.05.25 13:04:15.293,1.5038,1.5041,1.60,2.10
2010.05.25 13:04:15.556,1.50385,1.5041,1.00,2.40
2010.05.25 13:04:16.166,1.50405,1.5042,1.60,1.00
2010.05.25 13:04:16.515,1.50395,1.5042,2.50,1.00
2010.05.25 13:04:16.863,1.50405,1.5043,1.60,1.00
2010.05.25 13:04:17.207,1.5042,1.5043,1.60,1.00
2010.05.25 13:04:17.557,1.50405,1.5044,1.60,3.80
2010.05.25 13:04:17.906,1.50395,1.5043,1.00,1.60
2010.05.25 13:04:18.255,1.50395,1.5042,1.60,1.60
2010.05.25 13:04:18.606,1.504,1.5043,1.60,1.40
2010.05.25 13:04:19.223,1.50415,1.5044,1.60,1.20
2010.05.25 13:04:19.566,1.5038,1.50415,1.00,1.60
2010.05.25 13:04:20.212,1.5038,1.5043,2.40,3.40
2010.05.25 13:04:20.558,1.50405,1.50435,1.60,1.00
2010.05.25 13:04:21.249,1.50405,1.5044,1.00,2.30
2010.05.25 13:04:21.595,1.50415,1.50445,1.60,1.40
2010.05.25 13:04:22.283,1.50415,1.5045,1.60,3.20
2010.05.25 13:04:22.624,1.5042,1.5045,2.50,1.60
2010.05.25 13:04:22.897,1.50415,1.5044,1.00,3.00
2010.05.25 13:04:23.426,1.5043,1.5044,1.60,1.40
2010.05.25 13:04:23.701,1.50415,1.50455,1.60,1.60
2010.05.25 13:04:24.725,1.50435,1.50465,1.60,1.60
2010.05.25 13:04:25.244,1.50445,1.50475,1.60,9.40
2010.05.25 13:04:25.491,1.50435,1.5047,1.60,3.00
2010.05.25 13:04:25.750,1.50435,1.5047,1.60,4.60
2010.05.25 13:04:26.093,1.50435,1.5047,1.60,1.60
2010.05.25 13:04:26.435,1.50435,1.50465,1.60,1.60
2010.05.25 13:04:28.053,1.50445,1.5047,1.00,3.00
2010.05.25 13:04:28.264,1.5045,1.50475,1.60,1.40
2010.05.25 13:04:28.682,1.50445,1.50475,1.60,3.00
2010.05.25 13:04:29.489,1.5045,1.50475,1.60,1.40
2010.05.25 13:04:29.835,1.50445,1.50475,2.20,3.00
2010.05.25 13:04:30.182,1.5045,1.50475,1.60,1.40
2010.05.25 13:04:31.205,1.50445,1.50485,2.20,9.30
2010.05.25 13:04:31.377,1.50455,1.50485,1.60,13.30
2010.05.25 13:04:31.542,1.50445,1.50485,2.20,13.30
2010.05.25 13:04:31.711,1.50445,1.5048,2.20,5.60
2010.05.25 13:04:31.881,1.50445,1.5048,1.00,8.60
2010.05.25 13:04:32.316,1.5044,1.5048,1.00,13.40
2010.05.25 13:04:32.631,1.5044,1.50475,2.00,4.00
2010.05.25 13:04:32.946,1.5045,1.50475,1.60,3.00
2010.05.25 13:04:33.495,1.5044,1.50475,2.00,4.60
2010.05.25 13:04:33.848,1.5043,1.5046,1.10,3.00
2010.05.25 13:04:34.457,1.50425,1.50455,2.80,1.60
2010.05.25 13:04:34.805,1.5043,1.50465,2.00,7.00
2010.05.25 13:04:35.153,1.5043,1.50465,2.00,5.60
2010.05.25 13:04:35.740,1.5043,1.5047,2.00,13.30
2010.05.25 13:04:36.082,1.5043,1.5046,2.00,1.40
2010.05.25 13:04:37.462,1.5043,1.5045,1.00,1.40
2010.05.25 13:04:37.693,1.5042,1.5045,1.00,1.60
2010.05.25 13:04:37.945,1.50415,1.5045,2.00,1.60
2010.05.25 13:04:38.460,1.50435,1.5046,1.60,1.00
2010.05.25 13:04:38.714,1.50435,1.50465,2.00,2.40
2010.05.25 13:04:39.053,1.50435,1.50465,2.00,1.60
2010.05.25 13:04:39.645,1.5044,1.50475,1.60,4.60
2010.05.25 13:04:39.743,1.50435,1.5047,1.00,3.00
2010.05.25 13:04:40.064,1.5045,1.50475,1.60,3.80
2010.05.25 13:04:40.643,1.5044,1.50475,1.00,4.60
2010.05.25 13:04:40.964,1.5044,1.5046,1.00,1.60
2010.05.25 13:04:41.306,1.5044,1.5047,1.00,3.70
2010.05.25 13:04:41.914,1.50435,1.5047,1.60,4.60
2010.05.25 13:04:42.258,1.50445,1.5047,1.60,3.00
2010.05.25 13:04:42.562,1.50435,1.5047,2.00,4.60
2010.05.25 13:04:43.161,1.50435,1.5047,1.60,4.60
2010.05.25 13:04:43.505,1.5043,1.50465,1.00,3.10
2010.05.25 13:04:43.856,1.50435,1.5047,1.60,4.60
2010.05.25 13:04:44.928,1.5043,1.50465,2.00,1.60
2010.05.25 13:04:45.278,1.5043,1.5046,1.00,1.60
2010.05.25 13:04:45.483,1.5043,1.5046,2.00,1.60
2010.05.25 13:04:45.988,1.5043,1.5046,1.60,1.40
2010.05.25 13:04:46.193,1.50425,1.5046,2.00,3.00
2010.05.25 13:04:46.403,1.50425,1.5046,2.00,1.40
2010.05.25 13:04:47.125,1.50435,1.50465,1.60,1.00
2010.05.25 13:04:47.472,1.50435,1.50465,1.60,3.80
2010.05.25 13:04:47.735,1.50435,1.5046,1.00,1.00
2010.05.25 13:04:48.266,1.50435,1.50465,2.00,3.00
2010.05.25 13:04:48.532,1.50435,1.50465,1.60,3.00
2010.05.25 13:04:49.139,1.5043,1.5046,1.40,1.60
2010.05.25 13:04:49.482,1.50435,1.50465,1.60,1.60
2010.05.25 13:04:49.821,1.50425,1.5046,2.00,1.60
2010.05.25 13:04:51.112,1.50435,1.50465,1.60,1.60
2010.05.25 13:04:51.734,1.50435,1.5046,1.60,1.60
2010.05.25 13:04:52.009,1.50435,1.50465,1.60,4.60
2010.05.25 13:04:52.325,1.50435,1.50465,1.60,5.40
2010.05.25 13:04:52.641,1.50435,1.50465,1.60,5.00
2010.05.25 13:04:52.952,1.50435,1.50465,1.60,4.60
2010.05.25 13:04:53.266,1.50435,1.50465,1.60,1.60
2010.05.25 13:04:53.606,1.5044,1.50475,2.50,3.60
2010.05.25 13:04:53.944,1.5044,1.50475,2.50,3.50
2010.05.25 13:04:54.283,1.5045,1.50475,1.60,3.50
2010.05.25 13:04:54.622,1.5045,1.50475,1.60,1.60
2010.05.25 13:04:55.212,1.5045,1.5048,1.60,3.70
2010.05.25 13:04:55.558,1.5045,1.5048,1.60,3.00
2010.05.25 13:04:57.178,1.5045,1.50475,1.60,1.60
2010.05.25 13:04:57.347,1.50455,1.50475,1.00,1.60
2010.05.25 13:04:57.627,1.5045,1.5048,1.60,1.60
2010.05.25 13:04:57.930,1.5045,1.5048,2.00,1.60
2010.05.25 13:04:58.205,1.5046,1.50485,1.60,1.40
2010.05.25 13:05:01.317,1.50455,1.50475,1.00,1.60
2010.05.25 13:05:01.577,1.5045,1.50485,1.60,5.40
2010.05.25 13:05:02.176,1.5045,1.50485,2.00,5.40
2010.05.25 13:05:02.506,1.5045,1.50485,1.60,4.60
2010.05.25 13:05:02.835,1.5045,1.5048,1.60,3.00
2010.05.25 13:05:03.163,1.5045,1.50485,1.60,5.40
2010.05.25 13:05:03.735,1.5045,1.50485,1.60,4.60
2010.05.25 13:05:04.066,1.50445,1.5048,1.00,5.60
2010.05.25 13:05:04.284,1.50445,1.5048,1.60,3.00
2010.05.25 13:05:04.504,1.50445,1.50465,1.60,1.60
2010.05.25 13:05:04.728,1.50445,1.5047,1.60,8.00
2010.05.25 13:05:05.223,1.50445,1.50485,1.60,1.60
2010.05.25 13:05:05.562,1.50445,1.50475,1.60,3.00
2010.05.25 13:05:07.834,1.50445,1.50475,1.60,4.60
2010.05.25 13:05:09.533,1.50435,1.5047,2.00,1.60
2010.05.25 13:05:09.771,1.50435,1.5047,1.60,1.60
2010.05.25 13:05:10.013,1.50435,1.50465,1.60,1.40
2010.05.25 13:05:10.524,1.5045,1.50465,1.60,1.40
2010.05.25 13:05:10.775,1.5045,1.50485,1.60,2.30
2010.05.25 13:05:11.125,1.5044,1.50475,2.20,1.60
2010.05.25 13:05:11.509,1.50445,1.50485,2.20,2.00
2010.05.25 13:05:11.854,1.5046,1.5049,1.60,1.40
2010.05.25 13:05:14.000,1.50455,1.50485,2.00,1.60
2010.05.25 13:05:14.350,1.5045,1.50475,3.20,1.60
2010.05.25 13:05:14.692,1.5045,1.50475,1.20,1.60
2010.05.25 13:05:17.340,1.5045,1.50475,1.30,1.60
2010.05.25 13:05:17.689,1.50455,1.50485,1.60,1.60
2010.05.25 13:05:18.033,1.5045,1.50475,1.30,1.60
2010.05.25 13:05:18.902,1.50455,1.50485,1.70,1.60
2010.05.25 13:05:19.211,1.50455,1.50485,1.60,1.60
2010.05.25 13:05:22.260,1.5047,1.50495,1.60,1.60
2010.05.25 13:05:22.597,1.5047,1.50505,1.00,3.00
2010.05.25 13:05:23.195,1.50465,1.50485,1.00,1.40
2010.05.25 13:05:23.470,1.5048,1.50485,1.00,1.60
2010.05.25 13:05:23.738,1.5048,1.50485,1.60,1.60
2010.05.25 13:05:24.086,1.50475,1.5048,2.70,1.60
2010.05.25 13:05:24.437,1.5048,1.5052,2.20,1.60
2010.05.25 13:05:25.045,1.5047,1.50505,1.30,2.30
2010.05.25 13:05:25.399,1.50475,1.50525,2.00,11.00
2010.05.25 13:05:26.337,1.50475,1.50515,2.00,7.00
2010.05.25 13:05:26.699,1.5047,1.50505,2.00,5.60
2010.05.25 13:05:27.050,1.5047,1.50505,3.20,1.60
2010.05.25 13:05:27.559,1.50485,1.5051,1.60,8.60
2010.05.25 13:05:27.898,1.50495,1.50515,1.60,1.00
2010.05.25 13:05:28.443,1.5049,1.50515,3.30,1.00
2010.05.25 13:05:28.764,1.50495,1.50535,2.10,1.00
2010.05.25 13:05:29.085,1.50505,1.50535,1.60,1.00
2010.05.25 13:05:29.426,1.50505,1.50535,1.60,1.30
2010.05.25 13:05:29.773,1.50495,1.5053,3.70,1.60
2010.05.25 13:05:30.113,1.50515,1.50535,1.60,1.00
2010.05.25 13:05:30.454,1.5052,1.50545,1.60,1.00
2010.05.25 13:05:30.792,1.5052,1.5056,2.00,5.10
2010.05.25 13:05:31.133,1.5052,1.5055,1.60,1.60
2010.05.25 13:05:32.073,1.5052,1.5055,1.60,3.00
2010.05.25 13:05:33.073,1.50515,1.5054,1.20,1.60
2010.05.25 13:05:34.063,1.5052,1.5055,1.60,1.60
2010.05.25 13:05:34.280,1.50515,1.50545,2.80,1.60
2010.05.25 13:05:34.622,1.50515,1.50545,1.20,1.60
2010.05.25 13:05:35.304,1.50525,1.50555,1.00,1.60
2010.05.25 13:05:37.463,1.5052,1.50555,3.30,1.60
2010.05.25 13:05:37.660,1.5052,1.50555,1.70,1.60
2010.05.25 13:05:38.704,1.5052,1.50555,3.30,1.60
2010.05.25 13:05:38.914,1.50525,1.50555,1.00,1.60
2010.05.25 13:05:39.312,1.5052,1.50555,3.30,1.60
2010.05.25 13:05:39.938,1.5052,1.50555,7.80,1.60
2010.05.25 13:05:40.286,1.5052,1.50555,2.10,1.60
2010.05.25 13:05:40.631,1.5052,1.50555,1.70,1.60
2010.05.25 13:05:41.238,1.50515,1.50535,1.60,1.60
2010.05.25 13:05:41.576,1.50515,1.50545,4.50,1.60
2010.05.25 13:05:41.905,1.50515,1.50545,2.80,1.60
2010.05.25 13:05:42.232,1.50515,1.5055,2.80,1.60
2010.05.25 13:05:43.270,1.50515,1.5055,4.50,1.60
2010.05.25 13:05:44.073,1.50515,1.50545,1.20,3.00
2010.05.25 13:05:44.437,1.50515,1.50535,1.20,1.60
2010.05.25 13:05:44.759,1.50515,1.5054,1.20,1.60
2010.05.25 13:05:45.728,1.50515,1.50545,1.20,1.60
2010.05.25 13:05:46.415,1.5053,1.5056,1.60,1.00
2010.05.25 13:05:46.763,1.5053,1.5056,1.60,1.00
2010.05.25 13:05:47.104,1.50525,1.5055,1.00,5.60
2010.05.25 13:05:47.444,1.50525,1.5055,1.20,3.00
2010.05.25 13:05:48.779,1.50525,1.5055,1.20,1.60
2010.05.25 13:05:49.111,1.50525,1.50555,2.80,10.90
2010.05.25 13:05:49.457,1.50525,1.5055,2.80,1.00
2010.05.25 13:05:49.805,1.50525,1.50545,1.20,1.60
2010.05.25 13:05:50.156,1.50525,1.50555,1.20,1.60
2010.05.25 13:05:50.503,1.50525,1.50555,1.20,2.00
2010.05.25 13:05:51.183,1.50525,1.50555,1.20,1.60
2010.05.25 13:05:52.769,1.50525,1.50545,1.20,1.60
2010.05.25 13:05:53.110,1.50525,1.5053,1.20,1.60
2010.05.25 13:05:53.529,1.50525,1.5053,1.20,3.00
2010.05.25 13:05:53.876,1.5048,1.5052,1.10,1.60
2010.05.25 13:05:54.224,1.50475,1.5052,1.60,1.60
2010.05.25 13:05:56.261,1.50495,1.5053,1.60,10.60
2010.05.25 13:05:56.441,1.50495,1.5053,1.60,4.60
2010.05.25 13:05:57.251,1.50495,1.5053,1.60,1.60
2010.05.25 13:05:57.556,1.5051,1.50535,1.60,3.00
2010.05.25 13:05:57.866,1.50495,1.5052,1.00,3.00
2010.05.25 13:05:58.295,1.50495,1.5052,1.00,3.00
2010.05.25 13:05:58.634,1.5048,1.5051,2.00,1.60
2010.05.25 13:05:58.971,1.5048,1.50505,1.00,1.60
2010.05.25 13:05:59.571,1.50485,1.505,1.60,1.60
2010.05.25 13:05:59.928,1.5048,1.5051,1.60,5.20
2010.05.25 13:06:00.531,1.50475,1.5051,3.30,4.40
2010.05.25 13:06:00.622,1.50475,1.5051,3.30,4.00
2010.05.25 13:06:00.964,1.50475,1.5051,3.30,1.60
2010.05.25 13:06:01.302,1.50485,1.50515,1.60,1.00
2010.05.25 13:06:01.853,1.50505,1.50525,1.60,4.40
2010.05.25 13:06:02.194,1.5049,1.50535,1.60,1.60
2010.05.25 13:06:02.546,1.5049,1.5053,1.60,1.40
2010.05.25 13:06:02.892,1.50495,1.50525,1.60,1.60
2010.05.25 13:06:03.232,1.50495,1.50525,5.60,1.60
2010.05.25 13:06:03.573,1.50495,1.5053,6.00,1.60
2010.05.25 13:06:04.463,1.50495,1.5053,1.60,1.60
2010.05.25 13:06:04.802,1.50495,1.5053,1.60,3.00
2010.05.25 13:06:05.189,1.50495,1.5053,1.60,1.60
2010.05.25 13:06:05.947,1.50495,1.5054,3.30,6.80
2010.05.25 13:06:06.296,1.5051,1.5054,1.60,1.00
2010.05.25 13:06:06.644,1.5051,1.50545,1.60,1.60
2010.05.25 13:06:08.472,1.50525,1.50555,1.60,12.50
2010.05.25 13:06:08.662,1.5052,1.5055,1.60,1.60
2010.05.25 13:06:09.522,1.50525,1.50555,1.60,3.00
2010.05.25 13:06:10.201,1.5052,1.5055,1.60,4.60
2010.05.25 13:06:10.789,1.5052,1.50545,1.60,1.60
2010.05.25 13:06:11.165,1.5052,1.5055,1.60,4.60
2010.05.25 13:06:11.971,1.5052,1.5055,1.60,6.10
2010.05.25 13:06:12.120,1.5051,1.50545,2.00,1.60
2010.05.25 13:06:12.442,1.5051,1.50545,2.00,4.60
2010.05.25 13:06:12.598,1.50515,1.50545,1.60,3.20
2010.05.25 13:06:12.914,1.5053,1.5055,1.60,3.00
2010.05.25 13:06:13.232,1.5055,1.50555,1.60,1.00
2010.05.25 13:06:13.972,1.5055,1.50575,1.60,2.00
2010.05.25 13:06:14.293,1.5055,1.50575,1.60,1.00
2010.05.25 13:06:14.615,1.5055,1.50585,1.60,11.00
2010.05.25 13:06:14.936,1.5054,1.5057,3.30,1.60
2010.05.25 13:06:15.284,1.5054,1.5057,3.90,1.60
2010.05.25 13:06:15.885,1.5054,1.50585,3.70,7.00
2010.05.25 13:06:16.234,1.5055,1.50585,1.60,7.00
2010.05.25 13:06:17.503,1.50555,1.50585,1.70,5.60
2010.05.25 13:06:17.689,1.5055,1.5057,1.00,1.60
2010.05.25 13:06:17.876,1.5055,1.5058,2.40,1.30
2010.05.25 13:06:18.063,1.5056,1.5058,1.60,1.00
2010.05.25 13:06:18.404,1.5056,1.5059,1.60,5.40
2010.05.25 13:06:18.748,1.50565,1.50595,1.60,1.00
2010.05.25 13:06:19.097,1.50565,1.5059,1.60,1.00
2010.05.25 13:06:19.444,1.50555,1.5058,1.00,3.00
2010.05.25 13:06:19.784,1.5055,1.5057,1.00,1.40
2010.05.25 13:06:20.121,1.50535,1.5057,2.00,1.40
2010.05.25 13:06:20.463,1.50535,1.50565,2.00,3.20
2010.05.25 13:06:21.073,1.5054,1.5056,1.60,1.60
2010.05.25 13:06:21.416,1.5055,1.506,1.60,4.60
2010.05.25 13:06:21.657,1.50545,1.50595,1.00,1.60
2010.05.25 13:06:22.489,1.5055,1.50585,1.60,1.00
2010.05.25 13:06:22.756,1.5055,1.50585,1.60,3.80
2010.05.25 13:06:24.409,1.5056,1.5057,1.60,1.00
2010.05.25 13:06:24.690,1.5056,1.5058,1.60,1.00
2010.05.25 13:06:24.914,1.5055,1.50585,2.10,4.60
2010.05.25 13:06:25.352,1.5055,1.50585,1.70,4.60
2010.05.25 13:06:25.844,1.5055,1.50585,1.70,1.60
2010.05.25 13:06:26.181,1.5055,1.5057,1.00,1.60
2010.05.25 13:06:27.613,1.50555,1.5058,1.00,1.60
2010.05.25 13:06:29.373,1.5055,1.5058,1.70,1.60
2010.05.25 13:06:29.642,1.5055,1.5058,3.10,1.60
2010.05.25 13:06:29.911,1.50555,1.50585,3.30,1.60
2010.05.25 13:06:31.665,1.50555,1.5058,1.60,1.60
2010.05.25 13:06:31.815,1.50545,1.5057,1.00,1.60
2010.05.25 13:06:31.962,1.5054,1.5057,8.10,1.60
2010.05.25 13:06:32.370,1.5054,1.5057,3.30,1.60
2010.05.25 13:06:32.717,1.50545,1.5058,3.30,3.00
2010.05.25 13:06:33.051,1.50545,1.5058,1.70,4.60
2010.05.25 13:06:34.003,1.50545,1.50575,1.60,5.40
2010.05.25 13:06:34.288,1.5054,1.5056,2.10,1.60
2010.05.25 13:06:34.496,1.50545,1.50575,1.60,3.00
2010.05.25 13:06:36.640,1.5054,1.50575,3.90,3.00
2010.05.25 13:06:36.769,1.5054,1.50575,3.70,3.00
2010.05.25 13:06:36.900,1.5054,1.50575,3.30,3.00
2010.05.25 13:06:37.461,1.5054,1.5057,3.30,1.60
2010.05.25 13:06:38.630,1.5054,1.5057,3.20,3.00
2010.05.25 13:06:38.761,1.5054,1.5057,1.60,3.00
2010.05.25 13:06:39.021,1.50535,1.5056,1.70,1.60
2010.05.25 13:06:40.101,1.5054,1.5056,1.60,1.60
2010.05.25 13:06:40.335,1.5053,1.5056,8.40,4.60
2010.05.25 13:06:40.630,1.5053,1.5056,4.40,4.60
2010.05.25 13:06:40.873,1.5052,1.50545,2.50,1.60
2010.05.25 13:06:41.213,1.5052,1.50545,2.40,1.60
2010.05.25 13:06:41.551,1.5052,1.50545,1.70,1.60
2010.05.25 13:06:41.893,1.50515,1.50545,4.90,1.60
2010.05.25 13:06:42.233,1.50515,1.5055,3.30,1.40
2010.05.25 13:06:42.910,1.50515,1.5055,5.00,1.40
2010.05.25 13:06:43.192,1.50525,1.50555,1.70,2.40
2010.05.25 13:06:43.480,1.50525,1.50555,1.60,1.60
2010.05.25 13:06:43.764,1.50525,1.50555,1.60,4.60
2010.05.25 13:06:44.044,1.50525,1.50555,3.30,1.60
2010.05.25 13:06:46.532,1.5053,1.50555,1.00,1.60
2010.05.25 13:06:47.411,1.50525,1.50555,4.10,2.50
2010.05.25 13:06:47.520,1.50525,1.50555,2.50,2.50
2010.05.25 13:06:47.630,1.50525,1.50545,1.00,1.60
2010.05.25 13:06:49.410,1.5052,1.50545,2.50,1.60
2010.05.25 13:06:49.590,1.5052,1.50545,1.70,1.60
2010.05.25 13:06:50.173,1.50525,1.5055,1.70,1.60
2010.05.25 13:06:50.544,1.50525,1.5056,3.30,5.00
2010.05.25 13:06:50.805,1.50535,1.50565,1.60,8.60
2010.05.25 13:06:51.065,1.50525,1.50555,1.60,3.00
2010.05.25 13:06:51.804,1.50525,1.50555,3.20,3.00
2010.05.25 13:06:53.670,1.5054,1.5057,1.60,9.20
2010.05.25 13:06:53.936,1.50535,1.5057,1.60,4.60
2010.05.25 13:06:54.211,1.50535,1.5057,1.70,4.60
2010.05.25 13:06:55.037,1.5054,1.5057,1.60,1.60
2010.05.25 13:06:55.279,1.5054,1.50575,4.90,1.40
2010.05.25 13:06:55.516,1.5054,1.50575,3.30,3.00
2010.05.25 13:06:55.753,1.5054,1.50565,1.70,1.60
2010.05.25 13:06:56.236,1.5054,1.50565,1.00,1.60
2010.05.25 13:06:56.596,1.50535,1.5056,1.00,1.60
2010.05.25 13:06:56.945,1.5054,1.5056,1.70,1.60
2010.05.25 13:06:57.294,1.50535,1.5056,1.70,1.60
2010.05.25 13:07:00.533,1.50535,1.5056,1.00,1.60
2010.05.25 13:07:00.820,1.5053,1.5056,1.70,1.60
2010.05.25 13:07:01.332,1.50525,1.5056,2.50,3.00
2010.05.25 13:07:01.623,1.50525,1.5056,1.70,3.00
2010.05.25 13:07:02.106,1.5052,1.5054,1.20,1.60
2010.05.25 13:07:02.347,1.5052,1.5056,2.00,3.70
2010.05.25 13:07:02.873,1.5052,1.5056,2.10,1.00
2010.05.25 13:07:03.161,1.5051,1.50545,3.70,3.00
2010.05.25 13:07:03.446,1.50515,1.5055,2.00,5.40
2010.05.25 13:07:03.731,1.50515,1.5055,2.00,5.80
2010.05.25 13:07:04.257,1.50515,1.5054,2.00,1.40
2010.05.25 13:07:04.607,1.50505,1.5054,7.70,1.40
2010.05.25 13:07:04.954,1.5051,1.50525,1.00,1.60
2010.05.25 13:07:05.143,1.50505,1.5052,1.20,3.00
2010.05.25 13:07:05.592,1.50495,1.5052,1.00,3.00
2010.05.25 13:07:05.788,1.50475,1.50505,1.00,3.00
2010.05.25 13:07:05.974,1.50485,1.50505,1.60,3.00
2010.05.25 13:07:06.581,1.5049,1.5051,1.60,3.80
2010.05.25 13:07:06.926,1.50475,1.50505,1.00,1.60
2010.05.25 13:07:07.616,1.5047,1.50505,4.50,1.60
2010.05.25 13:07:08.303,1.5048,1.5051,1.60,4.60
2010.05.25 13:07:08.780,1.5048,1.5051,1.60,3.20
2010.05.25 13:07:09.279,1.5048,1.5051,1.60,1.60
2010.05.25 13:07:09.619,1.5049,1.5052,2.10,2.00
2010.05.25 13:07:09.940,1.50485,1.5051,1.00,1.60
2010.05.25 13:07:10.252,1.5049,1.5051,1.00,1.60
2010.05.25 13:07:10.902,1.50495,1.5051,1.00,1.60
2010.05.25 13:07:12.317,1.5049,1.50505,1.00,1.60
2010.05.25 13:07:12.562,1.5049,1.50515,2.00,1.60
2010.05.25 13:07:12.795,1.50495,1.50525,1.70,1.00
2010.05.25 13:07:13.024,1.505,1.5053,1.70,1.60
2010.05.25 13:07:13.546,1.50505,1.50535,1.60,5.00
2010.05.25 13:07:13.897,1.5051,1.5054,1.60,3.80
2010.05.25 13:07:14.507,1.5051,1.5054,1.60,3.00
2010.05.25 13:07:14.857,1.505,1.50525,1.20,3.00
2010.05.25 13:07:15.205,1.50495,1.5053,3.30,3.80
2010.05.25 13:07:15.557,1.50495,1.50515,1.00,1.60
2010.05.25 13:07:15.904,1.50495,1.5052,1.00,1.40
2010.05.25 13:07:16.245,1.50485,1.5052,2.30,1.60
2010.05.25 13:07:16.595,1.5049,1.50525,3.30,2.20
2010.05.25 13:07:16.942,1.5049,1.50525,4.10,1.80
2010.05.25 13:07:17.285,1.505,1.50525,1.00,1.60
2010.05.25 13:07:17.634,1.505,1.5053,2.50,1.60
2010.05.25 13:07:17.976,1.5051,1.50515,1.00,1.60
2010.05.25 13:07:18.583,1.5051,1.5053,5.70,1.00
2010.05.25 13:07:18.923,1.5051,1.5054,1.00,3.00
2010.05.25 13:07:19.262,1.5051,1.5054,5.50,1.00
2010.05.25 13:07:19.600,1.5051,1.50545,5.50,1.60
2010.05.25 13:07:19.942,1.5051,1.50545,6.30,1.60
2010.05.25 13:07:20.286,1.50525,1.50545,1.00,1.60
2010.05.25 13:07:20.635,1.5054,1.5056,1.60,1.80
2010.05.25 13:07:20.891,1.5054,1.5056,1.60,1.40
2010.05.25 13:07:21.403,1.5054,1.5056,1.60,3.00
2010.05.25 13:07:21.668,1.5053,1.5056,3.20,1.40
2010.05.25 13:07:22.010,1.5053,1.5056,2.50,2.20
2010.05.25 13:07:22.625,1.5052,1.50555,2.40,4.60
2010.05.25 13:07:22.966,1.50515,1.50555,3.30,4.60
2010.05.25 13:07:23.655,1.5052,1.50555,1.70,1.60
2010.05.25 13:07:24.298,1.50525,1.50565,7.30,2.60
2010.05.25 13:07:24.600,1.5054,1.50565,1.60,1.40
2010.05.25 13:07:25.846,1.50535,1.5056,2.50,1.60
2010.05.25 13:07:26.196,1.5053,1.5055,2.50,1.60
2010.05.25 13:07:26.692,1.5054,1.5057,1.60,4.60
2010.05.25 13:07:27.032,1.5054,1.5057,3.30,1.60
2010.05.25 13:07:27.375,1.50545,1.50575,3.20,2.20
2010.05.25 13:07:27.686,1.50545,1.5057,1.60,1.60
2010.05.25 13:07:27.993,1.5054,1.5057,3.30,1.60
2010.05.25 13:07:30.196,1.50545,1.5057,1.00,1.60
2010.05.25 13:07:30.765,1.5055,1.5058,1.60,3.00
2010.05.25 13:07:31.334,1.50545,1.5058,3.30,3.00
2010.05.25 13:07:35.037,1.5054,1.5057,4.70,1.60
2010.05.25 13:07:35.174,1.50545,1.50575,1.60,3.00
2010.05.25 13:07:35.560,1.50545,1.5058,1.70,5.40
2010.05.25 13:07:35.689,1.50545,1.5058,1.70,4.60
2010.05.25 13:07:39.232,1.5054,1.5057,1.50,1.60
2010.05.25 13:07:39.462,1.50535,1.50565,1.60,3.00
2010.05.25 13:07:40.167,1.50535,1.5055,1.60,1.40
2010.05.25 13:07:40.453,1.5052,1.50545,1.00,1.60
2010.05.25 13:07:41.000,1.5052,1.5055,1.60,3.00
2010.05.25 13:07:41.348,1.5051,1.5054,1.20,3.00
2010.05.25 13:07:41.950,1.5051,1.5054,1.00,3.00
2010.05.25 13:07:42.293,1.505,1.50535,3.30,3.00
2010.05.25 13:07:42.640,1.50515,1.50535,1.60,1.40
2010.05.25 13:07:42.912,1.50505,1.50535,1.60,1.40
2010.05.25 13:07:43.319,1.50505,1.5054,3.30,1.60
2010.05.25 13:07:43.620,1.50515,1.50555,3.30,6.60
2010.05.25 13:07:43.893,1.50515,1.5055,3.30,1.40
2010.05.25 13:07:44.575,1.50515,1.50545,1.70,1.60
2010.05.25 13:07:44.923,1.5051,1.5054,1.60,3.00
2010.05.25 13:07:45.131,1.5051,1.5054,1.60,4.60
2010.05.25 13:07:45.344,1.50505,1.50525,1.60,1.60
2010.05.25 13:07:45.553,1.505,1.50525,1.70,1.60
2010.05.25 13:07:47.290,1.50505,1.50525,1.60,1.60
2010.05.25 13:07:47.452,1.5051,1.5054,1.60,3.60
2010.05.25 13:07:47.820,1.5051,1.5054,1.60,2.00
2010.05.25 13:07:47.986,1.5051,1.5054,1.60,3.20
2010.05.25 13:07:48.141,1.5051,1.5054,1.60,4.60
2010.05.25 13:07:50.361,1.5051,1.50535,1.60,1.00
2010.05.25 13:07:50.502,1.505,1.50525,1.00,1.60
2010.05.25 13:07:50.641,1.50495,1.50525,4.20,1.60
2010.05.25 13:07:51.043,1.50495,1.50525,1.60,3.00
2010.05.25 13:07:51.190,1.5049,1.50525,1.70,4.60
2010.05.25 13:07:51.874,1.5049,1.5052,1.60,1.40
2010.05.25 13:07:52.215,1.50485,1.50505,1.00,1.00
2010.05.25 13:07:52.481,1.50485,1.50495,1.00,1.60
2010.05.25 13:07:52.717,1.5049,1.5053,1.60,1.80
2010.05.25 13:07:52.943,1.5049,1.5052,1.60,1.00
2010.05.25 13:07:53.172,1.5049,1.5053,1.60,1.40
2010.05.25 13:07:53.904,1.50495,1.5052,2.20,1.40
2010.05.25 13:07:54.149,1.5049,1.5052,1.60,1.40
2010.05.25 13:07:55.332,1.5049,1.5052,1.60,3.00
2010.05.25 13:07:55.422,1.50495,1.5052,1.60,3.00
2010.05.25 13:07:55.677,1.50505,1.50525,1.60,3.00
2010.05.25 13:07:55.934,1.5049,1.50525,3.20,4.60
2010.05.25 13:07:56.182,1.5049,1.5052,3.20,3.00
2010.05.25 13:07:56.534,1.5049,1.5052,1.60,3.00
2010.05.25 13:07:57.543,1.50495,1.5052,1.70,1.60
2010.05.25 13:07:57.713,1.50495,1.50515,1.00,1.60
2010.05.25 13:07:58.331,1.5049,1.5052,6.50,2.00
2010.05.25 13:07:58.505,1.5049,1.5052,10.50,1.00
2010.05.25 13:07:58.934,1.50495,1.5052,8.00,1.00
2010.05.25 13:07:59.276,1.50495,1.50525,4.00,1.00
2010.05.25 13:07:59.626,1.50495,1.50525,4.00,1.00
2010.05.25 13:07:59.934,1.5049,1.5052,2.40,1.60
2010.05.25 13:08:00.246,1.5049,1.5052,1.70,1.60
2010.05.25 13:08:00.556,1.5049,1.5052,4.00,1.60
2010.05.25 13:08:00.863,1.5049,1.5052,8.00,1.60
2010.05.25 13:08:01.204,1.5049,1.5052,5.70,1.60
2010.05.25 13:08:03.662,1.50495,1.5053,1.70,5.00
2010.05.25 13:08:03.821,1.50495,1.5053,1.70,3.40
2010.05.25 13:08:03.899,1.50495,1.5053,1.70,3.00
2010.05.25 13:08:04.332,1.50495,1.5053,1.70,4.60
2010.05.25 13:08:04.672,1.50495,1.5053,1.70,3.00
2010.05.25 13:08:05.012,1.50495,1.5053,5.70,3.00
2010.05.25 13:08:05.190,1.50495,1.5053,1.70,3.00
2010.05.25 13:08:05.554,1.505,1.50535,1.70,1.60
2010.05.25 13:08:05.734,1.5051,1.5054,1.00,1.00
2010.05.25 13:08:06.193,1.505,1.5053,6.50,1.60
2010.05.25 13:08:06.531,1.505,1.50535,2.50,1.60
2010.05.25 13:08:06.874,1.505,1.50525,1.70,1.60
2010.05.25 13:08:07.632,1.50495,1.50525,1.60,3.00
2010.05.25 13:08:07.963,1.5049,1.5051,1.00,1.60
2010.05.25 13:08:08.299,1.5049,1.5051,1.00,1.60
2010.05.25 13:08:08.983,1.5047,1.5049,1.00,1.60
2010.05.25 13:08:09.324,1.5047,1.50495,1.00,1.60
2010.05.25 13:08:09.664,1.50475,1.505,1.00,1.60
2010.05.25 13:08:10.005,1.5048,1.50505,1.60,1.90
2010.05.25 13:08:10.456,1.50475,1.505,4.00,1.60
2010.05.25 13:08:10.805,1.5047,1.505,1.70,1.60
2010.05.25 13:08:12.380,1.5047,1.505,3.30,1.60
2010.05.25 13:08:12.692,1.5047,1.50505,4.90,3.00
2010.05.25 13:08:13.372,1.50475,1.50505,1.00,1.60
2010.05.25 13:08:13.821,1.50475,1.50505,1.70,1.60
2010.05.25 13:08:14.065,1.50475,1.505,1.70,1.00
2010.05.25 13:08:14.301,1.50475,1.50505,1.00,1.60
2010.05.25 13:08:14.543,1.5047,1.50495,1.00,1.60
2010.05.25 13:08:23.852,1.5047,1.50495,1.00,4.10
2010.05.25 13:08:24.442,1.5046,1.5049,2.20,2.50
2010.05.25 13:08:24.746,1.50455,1.50485,9.70,1.60
2010.05.25 13:08:25.054,1.50455,1.50485,1.70,1.60
2010.05.25 13:08:25.332,1.50455,1.50485,5.70,1.60
2010.05.25 13:08:26.144,1.50455,1.50485,5.70,3.20
2010.05.25 13:08:26.365,1.5045,1.5047,8.80,1.60
2010.05.25 13:08:26.594,1.5045,1.5048,1.60,4.80
2010.05.25 13:08:26.811,1.5044,1.5047,5.70,1.60
2010.05.25 13:08:27.708,1.50445,1.5048,1.70,4.80
2010.05.25 13:08:28.057,1.5044,1.5047,8.20,1.60
2010.05.25 13:08:28.558,1.5045,1.5048,1.60,3.00
2010.05.25 13:08:28.902,1.5045,1.5048,1.60,1.40
2010.05.25 13:08:30.980,1.5045,1.5048,2.00,1.40
2010.05.25 13:08:31.190,1.50455,1.50485,1.70,1.60
2010.05.25 13:08:31.383,1.5045,1.50485,4.10,3.00
2010.05.25 13:08:31.643,1.5045,1.5048,1.60,3.00
2010.05.25 13:08:31.903,1.5045,1.50485,1.60,5.40
2010.05.25 13:08:33.240,1.5045,1.50485,3.30,5.40
2010.05.25 13:08:33.873,1.5045,1.50485,11.30,5.40
2010.05.25 13:08:34.141,1.5045,1.50485,3.30,3.00
2010.05.25 13:08:34.680,1.5045,1.50485,3.30,4.60
2010.05.25 13:08:35.020,1.5045,1.50485,3.30,5.40
2010.05.25 13:08:35.362,1.5045,1.50485,3.30,6.40
2010.05.25 13:08:35.702,1.5045,1.5048,1.70,1.60
2010.05.25 13:08:36.181,1.50445,1.5048,2.50,2.50
2010.05.25 13:08:36.422,1.50445,1.5048,1.70,1.60
2010.05.25 13:08:36.662,1.50445,1.5048,5.70,1.60
2010.05.25 13:08:37.114,1.50445,1.5048,1.70,1.60
2010.05.25 13:08:37.292,1.50445,1.5048,5.70,1.60
2010.05.25 13:08:38.100,1.50445,1.5048,1.70,1.60
2010.05.25 13:08:39.118,1.50445,1.5046,1.60,1.60
2010.05.25 13:08:39.318,1.5045,1.5048,1.00,2.00
2010.05.25 13:08:39.763,1.5045,1.5048,1.00,1.60
2010.05.25 13:08:39.960,1.50445,1.5047,1.70,1.60
2010.05.25 13:08:40.495,1.5045,1.5048,1.00,1.60
2010.05.25 13:08:40.942,1.50445,1.5048,1.70,1.60
2010.05.25 13:08:41.290,1.5046,1.50485,1.00,1.00
2010.05.25 13:08:41.638,1.50475,1.505,4.00,1.60
2010.05.25 13:08:41.985,1.50485,1.50515,8.00,1.20
2010.05.25 13:08:42.333,1.50495,1.5052,1.00,3.00
2010.05.25 13:08:42.644,1.50495,1.5052,8.00,1.40
2010.05.25 13:08:42.955,1.505,1.50525,8.00,1.00
2010.05.25 13:08:43.275,1.50495,1.5053,4.00,3.00
2010.05.25 13:08:43.829,1.50505,1.50535,1.70,1.00
2010.05.25 13:08:44.144,1.50505,1.5054,1.70,4.60
2010.05.25 13:08:45.659,1.50505,1.5054,3.30,1.40
2010.05.25 13:08:47.346,1.50505,1.5054,1.70,3.00
2010.05.25 13:08:47.565,1.505,1.50535,1.00,5.60
2010.05.25 13:08:48.031,1.505,1.50535,1.00,4.60
2010.05.25 13:08:49.532,1.50505,1.50535,1.60,2.50
2010.05.25 13:08:49.791,1.50495,1.50525,1.70,1.60
2010.05.25 13:08:50.053,1.50495,1.50525,1.00,1.60
2010.05.25 13:08:51.172,1.505,1.50535,1.00,4.40
2010.05.25 13:08:51.454,1.50505,1.50535,3.20,2.80
2010.05.25 13:08:51.731,1.50505,1.50535,3.30,1.60
2010.05.25 13:08:52.304,1.505,1.50535,1.70,4.60
2010.05.25 13:08:53.461,1.50505,1.50535,1.60,4.60
2010.05.25 13:08:53.755,1.50505,1.50535,1.60,3.00
2010.05.25 13:08:53.935,1.50505,1.50535,1.70,1.60
2010.05.25 13:08:56.101,1.50505,1.50535,1.70,3.00
2010.05.25 13:08:56.291,1.50505,1.50535,1.60,3.00
2010.05.25 13:08:58.582,1.50505,1.50535,1.60,4.60
2010.05.25 13:08:58.882,1.50505,1.50535,1.60,3.00
2010.05.25 13:08:59.952,1.50505,1.50535,5.80,1.40
2010.05.25 13:09:00.155,1.50515,1.5054,1.60,2.20
2010.05.25 13:09:00.480,1.5051,1.50545,1.00,5.40
2010.05.25 13:09:00.691,1.5051,1.50545,1.00,4.60
2010.05.25 13:09:02.021,1.50505,1.5054,11.70,3.00
2010.05.25 13:09:02.360,1.50505,1.50545,11.70,4.60
2010.05.25 13:09:03.759,1.5051,1.50545,1.00,4.60
2010.05.25 13:09:03.963,1.50515,1.5054,1.60,1.40
2010.05.25 13:09:04.160,1.50505,1.5054,3.70,3.00
2010.05.25 13:09:04.473,1.50505,1.50535,1.00,1.60
2010.05.25 13:09:04.781,1.50505,1.50535,4.00,3.00
2010.05.25 13:09:05.408,1.5051,1.50545,3.70,3.00
2010.05.25 13:09:05.664,1.5051,1.5053,1.00,1.60
2010.05.25 13:09:05.913,1.50505,1.5053,1.00,1.60
2010.05.25 13:09:06.161,1.505,1.5053,1.70,1.60
2010.05.25 13:09:06.482,1.505,1.5053,1.00,1.60
2010.05.25 13:09:06.805,1.50495,1.5052,1.60,1.60
2010.05.25 13:09:07.134,1.5049,1.5052,2.10,1.60
2010.05.25 13:09:07.454,1.505,1.5053,3.30,1.60
2010.05.25 13:09:07.794,1.5051,1.5054,1.60,4.80
2010.05.25 13:09:08.132,1.50505,1.5054,6.10,3.80
2010.05.25 13:09:08.471,1.50505,1.5054,5.70,4.60
2010.05.25 13:09:08.794,1.5051,1.5054,1.00,1.60
2010.05.25 13:09:09.117,1.50525,1.50545,1.00,1.00
2010.05.25 13:09:09.442,1.50525,1.5055,1.00,1.60
2010.05.25 13:09:09.785,1.5053,1.5056,1.00,2.50
2010.05.25 13:09:10.135,1.5053,1.5056,1.00,1.60
2010.05.25 13:09:10.563,1.50525,1.5055,2.50,1.60
2010.05.25 13:09:10.880,1.5053,1.5055,1.70,1.60
2010.05.25 13:09:11.194,1.50525,1.5055,2.50,1.60
2010.05.25 13:09:11.500,1.50525,1.5055,1.70,1.60
2010.05.25 13:09:11.811,1.50525,1.5056,4.10,3.00
2010.05.25 13:09:12.364,1.5052,1.5055,3.30,1.60
2010.05.25 13:09:12.872,1.5053,1.5056,1.60,3.80
2010.05.25 13:09:13.083,1.50525,1.5056,5.70,3.00
2010.05.25 13:09:13.294,1.50525,1.5055,5.60,1.60
2010.05.25 13:09:13.783,1.5052,1.5055,1.70,1.60
2010.05.25 13:09:13.990,1.5052,1.5055,1.00,1.60
2010.05.25 13:09:14.675,1.50515,1.5054,2.50,1.60
2010.05.25 13:09:15.022,1.50515,1.5055,9.60,5.40
2010.05.25 13:09:16.983,1.50515,1.5053,9.60,1.40
2010.05.25 13:09:17.361,1.5051,1.50525,1.00,1.00
2010.05.25 13:09:17.547,1.5051,1.5052,1.00,1.60
2010.05.25 13:09:17.715,1.5049,1.5052,2.90,1.60
2010.05.25 13:09:18.156,1.50505,1.5053,1.60,1.80
2010.05.25 13:09:18.325,1.50495,1.5053,11.20,1.40
2010.05.25 13:09:18.494,1.50495,1.5053,12.00,1.40
2010.05.25 13:09:18.832,1.50495,1.5053,12.10,1.40
2010.05.25 13:09:19.173,1.50495,1.5053,11.30,1.40
2010.05.25 13:09:19.512,1.505,1.50535,1.00,5.40
2010.05.25 13:09:19.841,1.505,1.50535,1.00,4.60
2010.05.25 13:09:20.716,1.50505,1.50535,1.70,1.60
2010.05.25 13:09:20.964,1.5051,1.50535,1.60,1.60
2010.05.25 13:09:21.215,1.5051,1.50535,1.00,1.60
2010.05.25 13:09:21.946,1.505,1.50525,4.50,1.60
2010.05.25 13:09:22.290,1.505,1.50525,1.00,1.60
2010.05.25 13:09:22.550,1.50495,1.50525,1.00,1.60
2010.05.25 13:09:23.313,1.50495,1.5053,1.70,4.00
2010.05.25 13:09:23.578,1.5049,1.50525,1.70,3.00
2010.05.25 13:09:24.087,1.50495,1.50525,4.00,3.00
2010.05.25 13:09:24.327,1.50485,1.5051,2.10,1.60
2010.05.25 13:09:24.848,1.50505,1.50525,1.60,1.40
2010.05.25 13:09:25.196,1.50505,1.5052,1.00,1.00
2010.05.25 13:09:25.544,1.5051,1.50535,1.70,1.20
2010.05.25 13:09:25.887,1.50515,1.50535,1.00,1.00
2010.05.25 13:09:26.233,1.5052,1.50545,3.90,1.00
2010.05.25 13:09:26.571,1.5052,1.50555,1.70,3.80
2010.05.25 13:09:27.112,1.5052,1.5055,1.60,1.40
2010.05.25 13:09:27.344,1.5054,1.50565,1.60,2.00
2010.05.25 13:09:27.572,1.5053,1.5056,7.70,1.60
2010.05.25 13:09:27.800,1.5053,1.50565,7.70,1.40
2010.05.25 13:09:28.367,1.5054,1.5057,1.60,1.40
2010.05.25 13:09:28.713,1.5054,1.50575,3.30,1.80
2010.05.25 13:09:29.055,1.5054,1.5057,5.60,3.00
2010.05.25 13:09:29.677,1.5053,1.50555,1.00,1.60
2010.05.25 13:09:30.026,1.50515,1.5055,8.50,1.40
2010.05.25 13:09:30.374,1.50515,1.5055,1.60,3.00
2010.05.25 13:09:30.873,1.5051,1.50535,3.10,1.60
2010.05.25 13:09:31.217,1.50505,1.50535,1.60,1.40
2010.05.25 13:09:31.561,1.50505,1.50535,2.00,3.00
2010.05.25 13:09:31.910,1.505,1.5053,1.00,4.60
2010.05.25 13:09:32.476,1.50495,1.5053,1.70,3.80
2010.05.25 13:09:32.652,1.50495,1.50525,2.00,1.60
2010.05.25 13:09:33.001,1.50495,1.50525,1.60,1.60
2010.05.25 13:09:33.183,1.50495,1.5052,1.00,1.60
2010.05.25 13:09:33.622,1.5049,1.5052,1.60,1.60
2010.05.25 13:09:33.937,1.50485,1.50515,7.20,1.40
2010.05.25 13:09:34.247,1.50495,1.5052,1.60,3.00
2010.05.25 13:09:34.682,1.50485,1.50515,2.20,3.00
2010.05.25 13:09:35.029,1.5048,1.5051,1.00,3.00
2010.05.25 13:09:35.373,1.5048,1.5051,1.60,1.40
2010.05.25 13:09:36.923,1.50495,1.50515,1.60,3.00
2010.05.25 13:09:37.121,1.50495,1.5052,1.60,3.80
2010.05.25 13:09:37.585,1.50495,1.5052,1.60,2.20
2010.05.25 13:09:37.784,1.50495,1.5052,1.60,1.40
2010.05.25 13:09:38.343,1.50495,1.50525,1.60,4.60
2010.05.25 13:09:38.623,1.50495,1.5052,1.60,1.00
2010.05.25 13:09:38.902,1.5049,1.50515,1.70,1.60
2010.05.25 13:09:41.568,1.50495,1.50525,1.00,6.00
2010.05.25 13:09:41.802,1.50495,1.50525,1.00,2.00
2010.05.25 13:09:42.535,1.50495,1.50525,1.70,2.00
2010.05.25 13:09:42.861,1.5049,1.50525,2.50,2.00
2010.05.25 13:09:43.184,1.50495,1.50525,1.60,2.00
2010.05.25 13:09:43.320,1.50495,1.50525,1.60,1.60
2010.05.25 13:09:47.279,1.50495,1.50525,3.30,1.60
2010.05.25 13:09:47.572,1.50495,1.50525,3.30,2.00
2010.05.25 13:09:47.722,1.50495,1.50525,1.60,2.00
2010.05.25 13:09:47.871,1.50495,1.5052,5.60,1.60
2010.05.25 13:09:48.022,1.50505,1.50525,1.60,1.00
2010.05.25 13:09:48.442,1.50495,1.5053,1.70,3.00
2010.05.25 13:09:50.600,1.505,1.5053,1.70,1.60
2010.05.25 13:09:51.355,1.505,1.5053,1.00,1.60
2010.05.25 13:09:51.482,1.50495,1.50525,3.30,1.60
2010.05.25 13:09:52.319,1.50495,1.50525,1.70,1.60
2010.05.25 13:09:52.510,1.50495,1.50525,1.60,3.00
2010.05.25 13:09:52.876,1.50495,1.5052,1.60,1.60
2010.05.25 13:09:53.152,1.50485,1.50515,1.70,4.80
2010.05.25 13:09:53.428,1.5048,1.50505,1.00,1.60
2010.05.25 13:09:55.323,1.50485,1.50505,1.00,1.60
2010.05.25 13:09:55.605,1.50485,1.5052,1.00,2.80
2010.05.25 13:09:56.234,1.50485,1.5052,1.00,5.00
2010.05.25 13:09:56.572,1.50485,1.5052,1.00,4.60
2010.05.25 13:09:56.910,1.50485,1.50515,1.00,1.40
2010.05.25 13:09:59.015,1.5048,1.50515,1.70,3.70
2010.05.25 13:09:59.207,1.5048,1.5051,1.00,1.60
2010.05.25 13:10:01.350,1.5048,1.505,1.00,1.60
2010.05.25 13:10:01.690,1.50475,1.505,1.70,1.60
2010.05.25 13:10:01.861,1.50475,1.5051,3.30,2.20
2010.05.25 13:10:02.111,1.50475,1.5051,3.30,1.60
2010.05.25 13:10:03.982,1.50475,1.5051,1.70,2.20
2010.05.25 13:10:04.483,1.5047,1.50505,6.10,3.00
2010.05.25 13:10:04.821,1.5047,1.50505,4.90,3.00
2010.05.25 13:10:06.517,1.5047,1.50505,3.30,3.00
2010.05.25 13:10:06.693,1.5047,1.505,1.70,1.60
2010.05.25 13:10:07.884,1.5047,1.50505,3.30,1.40
2010.05.25 13:10:09.610,1.5047,1.505,1.70,1.60
2010.05.25 13:10:13.135,1.50475,1.505,1.60,1.60
2010.05.25 13:10:13.371,1.5048,1.5051,1.00,3.40
2010.05.25 13:10:13.602,1.50475,1.5051,1.00,3.00
2010.05.25 13:10:16.000,1.50475,1.5051,1.00,3.00
2010.05.25 13:10:16.250,1.5048,1.50515,3.30,1.40
2010.05.25 13:10:16.680,1.5048,1.5051,1.70,1.60
2010.05.25 13:10:17.226,1.5048,1.5051,2.50,2.00
2010.05.25 13:10:17.432,1.5048,1.505,1.70,1.60
2010.05.25 13:10:17.634,1.50485,1.50515,4.90,1.00
2010.05.25 13:10:17.832,1.50495,1.5051,1.60,4.00
2010.05.25 13:10:18.314,1.50495,1.50525,1.60,1.40
2010.05.25 13:10:19.333,1.50495,1.5052,1.60,1.60
2010.05.25 13:10:19.839,1.50485,1.5051,1.20,1.60
2010.05.25 13:10:20.108,1.50475,1.505,1.00,1.40
2010.05.25 13:10:20.377,1.5047,1.5049,1.00,1.60
2010.05.25 13:10:20.726,1.5047,1.50505,2.10,3.00
2010.05.25 13:10:21.074,1.5047,1.505,1.70,2.00
2010.05.25 13:10:21.684,1.50475,1.505,5.60,1.00
2010.05.25 13:10:22.026,1.50475,1.50505,1.00,1.40
2010.05.25 13:10:22.375,1.5048,1.5051,1.60,3.00
2010.05.25 13:10:22.663,1.50475,1.5051,1.00,4.60
2010.05.25 13:10:23.182,1.50475,1.50505,1.70,1.60
2010.05.25 13:10:23.465,1.5047,1.505,1.00,1.60
2010.05.25 13:10:25.670,1.50475,1.505,1.60,1.60
2010.05.25 13:10:26.050,1.50485,1.5051,1.60,1.00
2010.05.25 13:10:26.174,1.50485,1.5052,1.60,4.60
2010.05.25 13:10:26.410,1.50485,1.5052,1.70,4.60
2010.05.25 13:10:26.970,1.50485,1.5052,1.70,6.20
2010.05.25 13:10:27.200,1.50485,1.5052,4.90,3.00
2010.05.25 13:10:27.694,1.50495,1.50525,1.60,1.40
2010.05.25 13:10:27.847,1.50495,1.5053,1.70,6.20
2010.05.25 13:10:28.721,1.50495,1.5052,1.60,3.00
2010.05.25 13:10:29.066,1.50485,1.5052,1.70,3.40
2010.05.25 13:10:29.417,1.50485,1.5052,1.00,5.00
2010.05.25 13:10:29.796,1.50485,1.5052,1.70,3.40
2010.05.25 13:10:30.151,1.50485,1.5052,3.30,3.40
2010.05.25 13:10:31.726,1.50505,1.5053,1.70,1.00
2010.05.25 13:10:32.037,1.505,1.5052,1.00,1.60
2010.05.25 13:10:32.334,1.505,1.50525,1.00,3.00
2010.05.25 13:10:32.806,1.5049,1.50525,1.00,5.40
2010.05.25 13:10:33.107,1.50485,1.5052,1.70,1.40
2010.05.25 13:10:33.446,1.5048,1.5051,1.00,1.60
2010.05.25 13:10:33.801,1.5048,1.50515,1.00,3.00
2010.05.25 13:10:34.154,1.5049,1.5052,3.30,1.00
2010.05.25 13:10:34.500,1.50485,1.5052,1.00,4.60
2010.05.25 13:10:34.847,1.5048,1.50505,1.20,2.20
2010.05.25 13:10:35.195,1.5048,1.5051,1.00,5.40
2010.05.25 13:10:35.535,1.5049,1.5051,1.00,1.00
2010.05.25 13:10:35.884,1.5049,1.5051,1.70,1.00
2010.05.25 13:10:36.561,1.5049,1.50515,1.70,1.60
2010.05.25 13:10:37.706,1.5049,1.50525,1.70,4.60
2010.05.25 13:10:37.941,1.50495,1.5053,1.00,13.80
2010.05.25 13:10:38.185,1.505,1.5053,1.60,3.40
2010.05.25 13:10:39.949,1.505,1.5053,1.60,1.00
2010.05.25 13:10:41.180,1.50495,1.5053,9.00,1.00
2010.05.25 13:10:41.591,1.50495,1.5053,10.60,1.00
2010.05.25 13:10:41.773,1.505,1.50535,2.60,3.40
2010.05.25 13:10:41.953,1.5051,1.50535,1.70,1.00
2010.05.25 13:10:42.429,1.5051,1.50545,4.90,1.00
2010.05.25 13:10:42.769,1.5052,1.50545,1.70,1.00
2010.05.25 13:10:43.110,1.5052,1.5055,1.60,3.00
2010.05.25 13:10:43.440,1.50515,1.5055,4.20,4.60
2010.05.25 13:10:43.823,1.50515,1.5055,3.30,4.60
2010.05.25 13:10:44.843,1.5051,1.5054,1.70,9.60
2010.05.25 13:10:45.023,1.50505,1.5053,1.00,1.60
2010.05.25 13:10:45.200,1.505,1.5053,3.10,1.60
2010.05.25 13:10:45.381,1.50495,1.5052,1.20,1.60
2010.05.25 13:10:45.822,1.5049,1.5052,1.60,9.60
2010.05.25 13:10:46.111,1.50485,1.5052,1.00,1.40
2010.05.25 13:10:46.396,1.50485,1.50515,1.00,1.40
2010.05.25 13:10:46.678,1.5049,1.5052,1.60,3.00
2010.05.25 13:10:47.772,1.50485,1.50515,1.00,1.60
2010.05.25 13:10:48.119,1.5048,1.50515,1.70,4.60
2010.05.25 13:10:48.340,1.5048,1.50515,3.30,3.00
2010.05.25 13:10:48.830,1.5048,1.50515,3.30,1.60
2010.05.25 13:10:50.050,1.5048,1.50515,1.70,4.60
2010.05.25 13:10:50.992,1.50485,1.50515,1.60,3.00
2010.05.25 13:10:51.472,1.50485,1.50515,1.60,1.40
2010.05.25 13:10:51.711,1.50495,1.50515,1.60,1.00
2010.05.25 13:10:52.177,1.50485,1.50515,1.00,2.00
2010.05.25 13:10:52.366,1.50495,1.5052,1.60,3.40
2010.05.25 13:10:52.555,1.50495,1.5052,1.60,3.00
2010.05.25 13:10:52.743,1.50485,1.5052,4.40,3.00
2010.05.25 13:10:52.921,1.50485,1.50515,1.60,1.40
2010.05.25 13:10:53.517,1.50485,1.50515,1.60,3.00
2010.05.25 13:10:53.844,1.50475,1.50505,1.00,1.60
2010.05.25 13:10:54.503,1.5048,1.50505,1.00,1.60
2010.05.25 13:10:54.784,1.5048,1.5051,1.00,1.60
2010.05.25 13:10:55.072,1.5048,1.5051,1.00,3.00
2010.05.25 13:10:55.356,1.50475,1.5051,3.30,3.00
2010.05.25 13:10:55.654,1.50475,1.5051,3.30,1.40
2010.05.25 13:10:56.480,1.5047,1.50505,12.50,1.60
2010.05.25 13:10:56.815,1.5047,1.50505,3.30,1.60
2010.05.25 13:10:57.881,1.5047,1.50505,3.90,1.60
2010.05.25 13:10:58.252,1.50475,1.5051,1.60,3.40
2010.05.25 13:10:59.901,1.5048,1.5051,1.60,3.40
2010.05.25 13:11:00.433,1.5048,1.5051,1.60,1.40
2010.05.25 13:11:00.890,1.5048,1.50505,1.60,1.40
2010.05.25 13:11:03.392,1.50475,1.50505,1.60,3.00
2010.05.25 13:11:03.632,1.50475,1.50505,3.20,3.00
2010.05.25 13:11:03.753,1.50475,1.50505,3.30,1.60
2010.05.25 13:11:04.092,1.5048,1.50505,1.70,8.00
2010.05.25 13:11:04.434,1.5048,1.50505,2.20,1.00
2010.05.25 13:11:04.772,1.5048,1.5051,1.60,5.10
2010.05.25 13:11:05.117,1.5049,1.50515,1.60,1.40
2010.05.25 13:11:05.468,1.5048,1.5051,1.60,3.00
2010.05.25 13:11:05.816,1.5048,1.50515,1.60,3.00
2010.05.25 13:11:06.162,1.5048,1.5051,1.60,3.00
2010.05.25 13:11:06.844,1.5047,1.50505,3.70,1.40
2010.05.25 13:11:07.538,1.5047,1.50505,2.10,7.00
2010.05.25 13:11:07.810,1.50485,1.5051,1.60,1.40
2010.05.25 13:11:08.144,1.50475,1.50505,1.60,3.00
2010.05.25 13:11:09.473,1.50475,1.5051,2.00,4.60
2010.05.25 13:11:09.839,1.5048,1.5051,1.00,4.60
2010.05.25 13:11:10.170,1.50475,1.5051,1.60,4.60
2010.05.25 13:11:11.172,1.50495,1.50515,1.60,1.00
2010.05.25 13:11:11.487,1.50495,1.5052,1.60,2.00
2010.05.25 13:11:11.813,1.505,1.50525,1.60,3.00
2010.05.25 13:11:12.128,1.505,1.5053,1.70,2.80
2010.05.25 13:11:12.473,1.505,1.5053,1.60,2.80
2010.05.25 13:11:12.812,1.505,1.5053,1.60,4.60
2010.05.25 13:11:15.242,1.50495,1.5053,2.50,3.20
2010.05.25 13:11:15.441,1.50495,1.5053,1.70,1.60
2010.05.25 13:11:15.929,1.505,1.5053,1.60,3.00
2010.05.25 13:11:18.491,1.50495,1.5053,1.70,3.00
2010.05.25 13:11:19.334,1.50495,1.5053,1.60,3.00
2010.05.25 13:11:19.617,1.505,1.5053,2.60,1.60
2010.05.25 13:11:19.966,1.50505,1.50535,1.60,3.80
2010.05.25 13:11:20.314,1.50495,1.50525,12.30,1.60
2010.05.25 13:11:20.663,1.50515,1.50525,1.00,1.60
2010.05.25 13:11:21.002,1.50525,1.5054,3.30,1.00
2010.05.25 13:11:21.558,1.50525,1.50555,3.30,1.60
2010.05.25 13:11:21.906,1.5053,1.50565,3.30,2.00
2010.05.25 13:11:22.699,1.5053,1.50565,3.30,1.60
2010.05.25 13:11:23.045,1.5053,1.50565,1.70,3.20
2010.05.25 13:11:23.394,1.5053,1.50565,1.70,4.60
2010.05.25 13:11:23.737,1.5054,1.50565,1.60,1.60
2010.05.25 13:11:24.049,1.5053,1.50555,1.40,1.60
2010.05.25 13:11:24.347,1.5053,1.50555,1.00,1.60
2010.05.25 13:11:24.644,1.50525,1.50555,1.70,1.60
2010.05.25 13:11:25.225,1.5054,1.50565,1.00,4.10
2010.05.25 13:11:25.579,1.5054,1.50565,1.70,1.60
2010.05.25 13:11:25.924,1.50545,1.50565,1.70,1.60
2010.05.25 13:11:26.507,1.5054,1.50565,2.50,1.60
2010.05.25 13:11:26.855,1.5054,1.50565,1.70,1.60
2010.05.25 13:11:27.206,1.5055,1.5058,3.30,2.10
2010.05.25 13:11:27.718,1.5056,1.5058,1.60,1.00
2010.05.25 13:11:27.967,1.50565,1.50595,1.00,3.00
2010.05.25 13:11:28.254,1.50565,1.50595,1.70,1.40
2010.05.25 13:11:29.965,1.50565,1.506,1.70,2.40
2010.05.25 13:11:30.246,1.5056,1.50595,9.70,1.60
2010.05.25 13:11:30.594,1.5056,1.50595,1.70,1.60
2010.05.25 13:11:32.211,1.5056,1.506,11.30,4.60
2010.05.25 13:11:32.554,1.50565,1.506,9.70,3.00
2010.05.25 13:11:33.231,1.50565,1.506,5.70,3.00
2010.05.25 13:11:33.760,1.50565,1.506,1.70,3.00
2010.05.25 13:11:35.020,1.50575,1.506,1.60,1.40
2010.05.25 13:11:35.223,1.50575,1.50605,1.60,3.00
2010.05.25 13:11:36.200,1.50575,1.50605,3.30,1.60
2010.05.25 13:11:37.990,1.50575,1.50605,4.90,1.60
2010.05.25 13:11:38.069,1.5058,1.50605,1.00,1.60
2010.05.25 13:11:38.152,1.50585,1.5061,1.60,1.00
2010.05.25 13:11:38.231,1.5058,1.50605,1.00,1.60
2010.05.25 13:11:40.826,1.50585,1.50615,1.60,4.20
2010.05.25 13:11:41.095,1.50585,1.5061,1.60,1.40
2010.05.25 13:11:41.364,1.50575,1.5061,3.70,4.60
2010.05.25 13:11:41.897,1.50575,1.50605,1.70,1.60
2010.05.25 13:11:42.247,1.50575,1.5061,1.60,4.60
2010.05.25 13:11:42.848,1.50575,1.5061,1.70,4.60
2010.05.25 13:11:44.480,1.50575,1.506,1.00,1.60
2010.05.25 13:11:44.849,1.5057,1.506,3.70,1.60
2010.05.25 13:11:44.963,1.5057,1.506,3.30,1.60
2010.05.25 13:11:47.890,1.50565,1.50595,10.50,1.60
2010.05.25 13:11:48.350,1.50565,1.50595,1.70,1.60
2010.05.25 13:11:48.577,1.50565,1.5058,1.70,1.60
2010.05.25 13:11:48.802,1.50565,1.5058,1.00,1.60
2010.05.25 13:11:49.414,1.50565,1.5059,1.00,1.60
2010.05.25 13:11:50.969,1.5056,1.5058,1.70,1.60
2010.05.25 13:11:51.210,1.5056,1.5059,1.70,1.60
2010.05.25 13:11:52.033,1.5056,1.5059,5.70,1.60
2010.05.25 13:11:52.121,1.5056,1.5059,1.70,1.60
2010.05.25 13:11:52.462,1.5056,1.5059,5.70,1.60
2010.05.25 13:11:52.711,1.50565,1.5059,1.00,1.60
2010.05.25 13:11:53.476,1.50565,1.5058,1.00,1.60
2010.05.25 13:11:53.935,1.5056,1.5057,1.00,1.60
2010.05.25 13:11:54.668,1.5055,1.50575,1.60,3.40
2010.05.25 13:11:55.025,1.50545,1.50565,1.00,1.60
2010.05.25 13:11:55.377,1.5054,1.5057,1.00,5.00
2010.05.25 13:11:55.729,1.50535,1.5056,1.70,1.60
2010.05.25 13:11:56.643,1.50535,1.5057,6.10,4.60
2010.05.25 13:11:56.984,1.50535,1.5057,11.70,4.60
2010.05.25 13:11:57.289,1.5055,1.50575,3.20,1.40
2010.05.25 13:11:57.900,1.50545,1.50575,2.80,4.60
2010.05.25 13:11:58.195,1.50545,1.50575,2.40,4.60
2010.05.25 13:11:58.840,1.50545,1.5057,1.60,3.00
2010.05.25 13:11:59.134,1.5054,1.5056,6.00,1.60
2010.05.25 13:11:59.473,1.50535,1.5056,2.50,1.60
2010.05.25 13:11:59.811,1.50535,1.5056,2.40,1.60
2010.05.25 13:12:00.150,1.50535,1.5056,1.60,1.60
2010.05.25 13:12:00.831,1.50535,1.5056,3.20,1.60
2010.05.25 13:12:01.273,1.5054,1.50555,1.00,1.60
2010.05.25 13:12:01.528,1.50555,1.50575,1.60,1.00
2010.05.25 13:12:01.784,1.5055,1.5058,1.00,1.00
2010.05.25 13:12:02.645,1.5055,1.50585,3.30,3.00
2010.05.25 13:12:02.994,1.50565,1.50585,1.60,1.00
2010.05.25 13:12:03.509,1.50565,1.50585,1.00,1.60
2010.05.25 13:12:03.855,1.5056,1.50585,1.00,1.60
2010.05.25 13:12:04.203,1.5056,1.50585,1.70,1.60
2010.05.25 13:12:04.542,1.5056,1.50585,2.10,1.60
2010.05.25 13:12:04.884,1.5058,1.506,1.60,2.50
2010.05.25 13:12:05.225,1.50575,1.506,1.00,1.80
2010.05.25 13:12:05.574,1.5057,1.5059,1.20,2.40
2010.05.25 13:12:06.112,1.50555,1.5058,5.90,1.60
2010.05.25 13:12:06.458,1.50555,1.5058,1.70,1.60
2010.05.25 13:12:08.151,1.5057,1.5058,1.60,1.60
2010.05.25 13:12:08.585,1.5057,1.5058,1.00,1.60
2010.05.25 13:12:08.776,1.5057,1.50595,1.60,1.00
2010.05.25 13:12:08.972,1.5056,1.506,2.50,4.60
2010.05.25 13:12:09.313,1.5056,1.50595,4.80,3.00
2010.05.25 13:12:09.768,1.50555,1.50595,12.10,3.00
2010.05.25 13:12:10.119,1.5056,1.5059,3.70,1.60
2010.05.25 13:12:10.466,1.5056,1.5059,3.30,1.60
2010.05.25 13:12:11.651,1.5057,1.50595,1.60,1.40
2010.05.25 13:12:11.952,1.5057,1.506,1.60,3.00
2010.05.25 13:12:12.251,1.50565,1.5059,1.70,1.60
2010.05.25 13:12:12.855,1.50575,1.5061,1.70,3.40
2010.05.25 13:12:13.919,1.50575,1.5061,1.60,3.00
2010.05.25 13:12:14.213,1.5057,1.506,1.00,3.00
2010.05.25 13:12:14.511,1.50565,1.506,1.70,3.00
2010.05.25 13:12:15.601,1.5056,1.50595,11.70,1.40
2010.05.25 13:12:16.220,1.5056,1.5059,1.00,1.60
2010.05.25 13:12:16.405,1.5055,1.50585,6.10,1.40
2010.05.25 13:12:16.575,1.5055,1.5058,1.00,1.60
2010.05.25 13:12:17.100,1.5055,1.5058,1.00,1.60
2010.05.25 13:12:17.867,1.50555,1.50585,1.60,3.00
2010.05.25 13:12:18.046,1.50555,1.5059,1.70,1.40
2010.05.25 13:12:18.222,1.50555,1.5059,2.10,1.40
2010.05.25 13:12:19.081,1.50555,1.50585,2.10,1.40
2010.05.25 13:12:19.501,1.50555,1.5058,2.10,1.00
2010.05.25 13:12:19.740,1.50555,1.50585,1.00,1.40
2010.05.25 13:12:20.004,1.5055,1.50585,1.00,1.40
2010.05.25 13:12:20.520,1.50545,1.5058,1.00,3.00
2010.05.25 13:12:20.797,1.5054,1.5058,3.70,4.60
2010.05.25 13:12:22.266,1.5054,1.50575,1.00,4.60
2010.05.25 13:12:22.514,1.5054,1.50575,1.00,4.60
2010.05.25 13:12:25.490,1.5054,1.50575,1.00,12.60
2010.05.25 13:12:25.832,1.5054,1.5056,1.00,1.60
2010.05.25 13:12:26.960,1.5054,1.50565,1.70,1.60
2010.05.25 13:12:28.312,1.5054,1.50565,2.50,1.60
2010.05.25 13:12:28.542,1.50545,1.5058,3.30,3.00
2010.05.25 13:12:29.012,1.50545,1.50575,1.00,1.60
2010.05.25 13:12:29.247,1.50545,1.5058,3.30,1.60
2010.05.25 13:12:30.152,1.50545,1.50575,1.70,1.60
2010.05.25 13:12:30.775,1.5054,1.50575,3.70,3.00
2010.05.25 13:12:30.904,1.50545,1.50575,3.20,1.40
2010.05.25 13:12:31.032,1.50545,1.5058,3.30,3.30
2010.05.25 13:12:31.163,1.50545,1.5058,3.30,1.60
2010.05.25 13:12:32.343,1.5054,1.50575,10.10,4.60
2010.05.25 13:12:32.682,1.5054,1.50575,2.10,4.60
2010.05.25 13:12:32.952,1.50545,1.50575,1.60,3.00
2010.05.25 13:12:33.556,1.50545,1.5058,3.30,4.60
2010.05.25 13:12:33.835,1.50545,1.5058,3.30,5.60
2010.05.25 13:12:34.103,1.5054,1.50575,2.10,3.00
2010.05.25 13:12:34.623,1.5054,1.50575,1.70,3.00
2010.05.25 13:12:34.892,1.50545,1.50575,1.60,3.00
2010.05.25 13:12:35.204,1.50545,1.5057,1.70,1.60
2010.05.25 13:12:36.990,1.5055,1.5058,1.60,3.00
2010.05.25 13:12:37.241,1.5055,1.5058,3.60,3.00
2010.05.25 13:12:37.490,1.5056,1.5058,1.60,1.40
2010.05.25 13:12:38.815,1.5055,1.5058,11.70,1.60
2010.05.25 13:12:38.975,1.5055,1.5058,3.70,1.60
2010.05.25 13:12:39.431,1.5055,1.5058,3.30,1.60
2010.05.25 13:12:39.740,1.50555,1.5058,1.00,1.60
2010.05.25 13:12:43.199,1.5055,1.5058,4.10,1.60
2010.05.25 13:12:43.370,1.5055,1.5058,3.30,1.60
2010.05.25 13:12:44.202,1.5055,1.5057,1.70,1.60
2010.05.25 13:12:44.382,1.5055,1.5057,1.60,1.60
2010.05.25 13:12:44.460,1.50545,1.5057,2.10,1.60
2010.05.25 13:12:44.912,1.50545,1.5057,1.70,1.60
2010.05.25 13:12:48.000,1.50545,1.5057,2.10,1.60
2010.05.25 13:12:48.100,1.5055,1.5058,1.60,3.00
2010.05.25 13:12:48.200,1.5055,1.5058,1.70,1.60
2010.05.25 13:12:48.763,1.5055,1.5057,1.00,1.60
2010.05.25 13:12:52.414,1.50555,1.50585,1.70,2.00
2010.05.25 13:12:52.702,1.50555,1.50585,1.70,1.60
2010.05.25 13:12:55.385,1.50555,1.50585,7.30,1.60
2010.05.25 13:12:55.738,1.5057,1.50595,3.30,2.00
2010.05.25 13:12:56.219,1.5057,1.50595,3.30,1.60
2010.05.25 13:12:58.221,1.5057,1.50595,1.70,3.20
2010.05.25 13:12:58.466,1.5056,1.50585,1.00,1.60
2010.05.25 13:13:00.582,1.50555,1.50585,1.60,6.20
2010.05.25 13:13:00.832,1.50545,1.50575,2.00,3.80
2010.05.25 13:13:01.153,1.5054,1.50565,2.10,1.60
2010.05.25 13:13:01.405,1.50535,1.5056,2.00,1.40
2010.05.25 13:13:01.684,1.50525,1.5056,2.50,4.60
2010.05.25 13:13:01.973,1.50525,1.5056,1.60,8.60
2010.05.25 13:13:02.516,1.5052,1.50545,2.10,1.60
2010.05.25 13:13:02.793,1.5052,1.50545,1.60,1.60
2010.05.25 13:13:03.134,1.5052,1.50545,1.60,2.50
2010.05.25 13:13:03.475,1.5052,1.50545,1.60,1.60
2010.05.25 13:13:04.069,1.5051,1.50545,4.50,1.60
2010.05.25 13:13:04.306,1.5052,1.5055,1.60,3.00
2010.05.25 13:13:05.894,1.50525,1.5055,1.60,1.40
2010.05.25 13:13:08.629,1.50515,1.5054,4.00,1.40
2010.05.25 13:13:08.832,1.50515,1.50545,1.70,1.40
2010.05.25 13:13:09.180,1.50525,1.5055,1.60,3.80
2010.05.25 13:13:09.631,1.50525,1.5055,1.60,1.60
2010.05.25 13:13:09.976,1.50535,1.5056,1.60,3.40
2010.05.25 13:13:10.323,1.5052,1.5056,4.10,3.40
2010.05.25 13:13:10.664,1.50535,1.5056,1.60,3.40
2010.05.25 13:13:11.343,1.5052,1.5056,4.30,3.00
2010.05.25 13:13:11.681,1.5052,1.5056,3.30,3.40
2010.05.25 13:13:12.867,1.50515,1.5055,3.30,1.60
2010.05.25 13:13:13.144,1.50525,1.5055,1.60,3.00
2010.05.25 13:13:13.427,1.50525,1.5055,1.60,1.40
2010.05.25 13:13:13.890,1.50525,1.5055,1.60,2.40
2010.05.25 13:13:14.115,1.50515,1.50545,1.60,1.60
2010.05.25 13:13:15.865,1.50525,1.5055,1.60,1.40
2010.05.25 13:13:16.761,1.50525,1.5055,1.60,1.40
2010.05.25 13:13:17.005,1.50535,1.5056,1.60,1.40
2010.05.25 13:13:17.242,1.5053,1.5056,1.00,3.00
2010.05.25 13:13:17.693,1.5053,1.5056,4.00,3.00
2010.05.25 13:13:17.872,1.50525,1.5056,7.20,4.60
2010.05.25 13:13:18.051,1.50525,1.5056,2.00,4.60
2010.05.25 13:13:18.231,1.50525,1.50545,1.60,1.00
2010.05.25 13:13:18.411,1.50525,1.50565,1.60,3.00
2010.05.25 13:13:19.913,1.5052,1.5055,1.60,3.00
2010.05.25 13:13:21.013,1.50515,1.5055,3.30,3.00
2010.05.25 13:13:22.972,1.50515,1.50545,1.60,1.40
2010.05.25 13:13:23.090,1.5051,1.50545,7.30,3.00
2010.05.25 13:13:23.212,1.5052,1.50545,1.60,1.40
2010.05.25 13:13:23.451,1.5051,1.50545,4.20,3.00
2010.05.25 13:13:23.570,1.5051,1.50545,3.80,3.00
2010.05.25 13:13:23.691,1.5051,1.50545,3.30,3.00
2010.05.25 13:13:24.980,1.50515,1.50545,1.60,1.40
2010.05.25 13:13:25.292,1.50505,1.5054,1.70,1.40
2010.05.25 13:13:26.038,1.5051,1.5054,1.60,5.80
2010.05.25 13:13:26.383,1.5051,1.5054,1.60,4.60
2010.05.25 13:13:27.892,1.50515,1.5054,1.60,3.00
2010.05.25 13:13:30.472,1.50505,1.50535,1.60,1.40
2010.05.25 13:13:31.314,1.50515,1.50535,1.60,1.40
2010.05.25 13:13:31.819,1.50505,1.5054,3.30,3.00
2010.05.25 13:13:33.833,1.50505,1.50535,1.60,2.10
2010.05.25 13:13:34.225,1.505,1.50525,1.70,1.60
2010.05.25 13:13:38.133,1.50505,1.50525,1.60,1.60
2010.05.25 13:13:38.319,1.50505,1.50525,1.70,1.60
2010.05.25 13:13:38.499,1.505,1.50525,2.50,1.60
2010.05.25 13:13:38.679,1.505,1.50525,1.70,1.60
2010.05.25 13:13:39.802,1.50505,1.5054,3.30,1.00
2010.05.25 13:13:39.906,1.50505,1.50545,3.30,3.40
2010.05.25 13:13:40.141,1.50505,1.50545,3.30,3.00
2010.05.25 13:13:40.484,1.50505,1.50525,1.00,1.60
2010.05.25 13:13:41.113,1.5052,1.50545,1.60,1.60
2010.05.25 13:13:41.376,1.5053,1.5055,1.60,3.00
2010.05.25 13:13:41.893,1.50515,1.5055,2.10,4.60
2010.05.25 13:13:42.510,1.5051,1.5054,1.70,1.60
2010.05.25 13:13:42.852,1.5051,1.5054,1.60,3.00
2010.05.25 13:13:44.633,1.5051,1.5054,1.60,7.00
2010.05.25 13:13:44.728,1.50515,1.5054,1.60,1.60
2010.05.25 13:13:44.793,1.50515,1.5054,1.60,4.60
2010.05.25 13:13:44.861,1.50505,1.50535,6.30,1.60
2010.05.25 13:13:44.933,1.50505,1.50535,4.10,1.60
2010.05.25 13:13:45.293,1.50505,1.50535,1.60,1.60
2010.05.25 13:13:45.636,1.50505,1.50535,1.60,4.60
2010.05.25 13:13:45.983,1.5051,1.50535,1.60,3.00
2010.05.25 13:13:47.482,1.505,1.50535,1.70,3.00
2010.05.25 13:13:52.956,1.50505,1.50535,1.00,3.00
2010.05.25 13:13:53.403,1.5051,1.50535,1.60,3.00
2010.05.25 13:13:53.540,1.5051,1.50535,1.60,1.40
2010.05.25 13:13:53.960,1.5051,1.5054,1.60,3.00
2010.05.25 13:13:55.034,1.5051,1.50535,1.60,3.00
2010.05.25 13:13:56.400,1.5051,1.50535,1.60,1.40
2010.05.25 13:13:58.992,1.5051,1.5054,1.60,4.60
2010.05.25 13:13:59.293,1.5051,1.5054,1.60,3.00
2010.05.25 13:13:59.329,1.5051,1.5054,1.70,1.60
2010.05.25 13:13:59.365,1.5051,1.5054,2.30,1.60
2010.05.25 13:13:59.393,1.50515,1.5054,4.00,1.60
2010.05.25 13:13:59.416,1.5052,1.50545,1.60,3.00
2010.05.25 13:13:59.495,1.5052,1.50545,1.60,1.40
2010.05.25 13:13:59.527,1.5052,1.5055,1.60,5.80
2010.05.25 13:13:59.705,1.5052,1.5055,1.60,5.00
2010.05.25 13:13:59.731,1.5052,1.5055,1.60,4.60
2010.05.25 13:14:00.415,1.5053,1.5055,1.60,1.40
2010.05.25 13:14:00.759,1.50535,1.50555,1.60,2.20
2010.05.25 13:14:01.013,1.5054,1.50565,1.60,1.20
2010.05.25 13:14:01.260,1.5054,1.5057,1.60,1.80
2010.05.25 13:14:01.792,1.5054,1.5057,1.60,1.40
2010.05.25 13:14:04.189,1.5054,1.50565,1.60,1.60
2010.05.25 13:14:06.033,1.50555,1.5058,1.60,3.40
2010.05.25 13:14:06.373,1.50545,1.50575,3.30,1.60
2010.05.25 13:14:06.532,1.5054,1.5057,5.70,1.60
2010.05.25 13:14:06.963,1.50535,1.5057,2.10,1.60
2010.05.25 13:14:07.125,1.50535,1.50565,1.70,1.00
2010.05.25 13:14:07.283,1.5053,1.50555,4.50,1.60
2010.05.25 13:14:07.514,1.5053,1.50555,1.60,1.60
2010.05.25 13:14:07.745,1.5052,1.5055,1.00,1.60
2010.05.25 13:14:07.972,1.5052,1.5055,1.00,1.60
2010.05.25 13:14:09.340,1.50525,1.5055,1.00,1.60
2010.05.25 13:14:09.540,1.5053,1.50555,1.60,1.60
2010.05.25 13:14:11.388,1.5053,1.50555,1.60,3.20
2010.05.25 13:14:11.529,1.5052,1.5054,1.60,1.40
2010.05.25 13:14:11.662,1.5051,1.5054,10.80,3.00
2010.05.25 13:14:11.802,1.5051,1.5054,5.60,1.60
2010.05.25 13:14:11.941,1.50515,1.50545,1.60,2.20
2010.05.25 13:14:12.080,1.50515,1.50545,1.60,1.40
2010.05.25 13:14:12.478,1.50515,1.50545,1.70,1.40
2010.05.25 13:14:13.502,1.5052,1.5055,1.60,1.40
2010.05.25 13:14:17.700,1.50525,1.5055,1.60,1.40
2010.05.25 13:14:17.830,1.50525,1.50555,1.60,3.80
2010.05.25 13:14:18.297,1.50525,1.50555,1.60,3.00
2010.05.25 13:14:21.361,1.5052,1.50555,1.60,3.00
2010.05.25 13:14:24.164,1.5052,1.50555,2.20,3.00
2010.05.25 13:14:24.301,1.50525,1.50555,1.60,3.00
2010.05.25 13:14:28.800,1.5052,1.50555,3.90,3.00
2010.05.25 13:14:28.920,1.5052,1.50555,2.30,3.00
2010.05.25 13:14:29.294,1.5052,1.50555,1.60,3.00
2010.05.25 13:14:32.323,1.50515,1.5054,1.00,1.60
2010.05.25 13:14:33.530,1.50515,1.50545,1.70,1.60
2010.05.25 13:14:36.250,1.50515,1.50545,1.60,11.00
2010.05.25 13:14:36.599,1.5051,1.50545,2.50,14.20
2010.05.25 13:14:36.787,1.5051,1.50545,3.30,14.20
2010.05.25 13:14:37.317,1.5051,1.50545,3.30,4.60
2010.05.25 13:14:37.663,1.5052,1.50545,1.60,4.60
2010.05.25 13:14:38.001,1.5052,1.5055,1.60,6.20
2010.05.25 13:14:38.315,1.5052,1.5055,1.70,3.00
2010.05.25 13:14:38.944,1.5052,1.5054,1.00,1.60
2010.05.25 13:14:39.492,1.50515,1.5054,1.70,1.60
2010.05.25 13:14:40.293,1.50515,1.5054,1.60,1.60
2010.05.25 13:14:41.285,1.50505,1.50535,4.10,1.60
2010.05.25 13:14:41.752,1.50525,1.50535,1.00,1.60
2010.05.25 13:14:42.247,1.5054,1.50545,4.80,1.80
2010.05.25 13:14:42.486,1.50555,1.50575,1.60,2.30
2010.05.25 13:14:42.835,1.50545,1.50565,2.40,1.00
2010.05.25 13:14:43.171,1.50545,1.50585,2.40,4.60
2010.05.25 13:14:43.513,1.50555,1.50575,1.60,1.60
2010.05.25 13:14:43.801,1.50555,1.5058,1.60,3.00
2010.05.25 13:14:44.651,1.50555,1.50585,1.60,5.40
2010.05.25 13:14:44.989,1.50555,1.50585,1.60,4.00
2010.05.25 13:14:45.303,1.50555,1.50585,1.70,1.60
2010.05.25 13:14:45.606,1.50565,1.5059,1.60,3.00
2010.05.25 13:14:46.522,1.50565,1.50585,1.60,1.60
2010.05.25 13:14:46.832,1.50565,1.50595,2.20,3.80
2010.05.25 13:14:47.066,1.50575,1.50595,1.00,1.40
2010.05.25 13:14:47.303,1.5057,1.50595,1.60,1.40
2010.05.25 13:14:47.804,1.50575,1.506,1.00,1.00
2010.05.25 13:14:48.116,1.5058,1.506,1.60,1.00
2010.05.25 13:14:48.663,1.5058,1.50605,1.60,1.40
2010.05.25 13:14:48.978,1.5058,1.50605,1.60,3.00
2010.05.25 13:14:49.324,1.5058,1.5061,1.60,5.40
2010.05.25 13:14:49.925,1.50575,1.5061,1.60,3.00
2010.05.25 13:14:50.263,1.5057,1.506,1.00,2.20
2010.05.25 13:14:50.601,1.5057,1.50605,1.60,3.40
2010.05.25 13:14:50.940,1.5057,1.50605,3.30,3.50
2010.05.25 13:14:51.284,1.50575,1.5061,1.70,2.20
2010.05.25 13:14:51.623,1.50575,1.5061,3.30,1.40
2010.05.25 13:14:52.536,1.50575,1.5061,3.20,1.40
2010.05.25 13:14:52.863,1.5057,1.506,3.30,1.60
2010.05.25 13:14:53.183,1.50575,1.5061,1.60,3.00
2010.05.25 13:14:54.383,1.5057,1.506,3.70,1.60
2010.05.25 13:14:54.688,1.5058,1.50615,1.00,4.60
2010.05.25 13:14:55.259,1.5058,1.50615,2.20,3.00
2010.05.25 13:14:55.546,1.50585,1.50615,1.60,3.00
2010.05.25 13:14:57.474,1.5058,1.50615,3.80,1.40
2010.05.25 13:14:57.692,1.5059,1.50615,1.60,1.40
2010.05.25 13:14:58.213,1.5058,1.50605,1.70,1.00
2010.05.25 13:14:58.432,1.50575,1.50595,1.00,1.60
2010.05.25 13:14:58.651,1.50565,1.50595,1.00,1.60
2010.05.25 13:14:59.440,1.5057,1.50595,1.00,1.60
2010.05.25 13:14:59.788,1.50565,1.506,4.10,1.60
2010.05.25 13:15:00.083,1.50565,1.506,3.30,3.00
2010.05.25 13:15:00.705,1.5056,1.5059,3.90,1.60
2010.05.25 13:15:01.002,1.5056,1.5059,3.30,1.60
2010.05.25 13:15:02.022,1.50565,1.5059,1.70,1.60
2010.05.25 13:15:02.304,1.5057,1.506,1.60,3.40
2010.05.25 13:15:02.585,1.5058,1.50605,1.70,1.00
2010.05.25 13:15:03.113,1.50575,1.50605,1.60,3.00
2010.05.25 13:15:03.399,1.50565,1.5059,1.00,1.60
2010.05.25 13:15:03.687,1.5057,1.5059,5.60,1.60
2010.05.25 13:15:04.014,1.5057,1.506,5.60,4.60
2010.05.25 13:15:04.303,1.50585,1.50605,1.60,1.00
2010.05.25 13:15:04.648,1.5059,1.50605,1.00,1.00
2010.05.25 13:15:04.994,1.50585,1.50615,1.60,11.40
2010.05.25 13:15:05.331,1.50585,1.50615,1.60,11.00
2010.05.25 13:15:06.013,1.5058,1.5061,1.70,3.20
2010.05.25 13:15:06.355,1.50575,1.5061,3.30,12.60
2010.05.25 13:15:06.654,1.50575,1.50605,1.70,1.60
2010.05.25 13:15:06.955,1.5058,1.5061,1.70,1.60
2010.05.25 13:15:07.254,1.50585,1.5061,1.60,1.00
2010.05.25 13:15:07.832,1.5059,1.50605,1.60,1.00
2010.05.25 13:15:08.117,1.50585,1.50615,1.00,4.00
2010.05.25 13:15:08.387,1.5059,1.50615,1.60,11.00
2010.05.25 13:15:08.896,1.50575,1.5061,2.10,3.00
2010.05.25 13:15:09.243,1.50575,1.5061,1.70,3.00
2010.05.25 13:15:09.580,1.50575,1.5061,1.60,3.00
2010.05.25 13:15:09.922,1.50575,1.5061,1.60,3.80
2010.05.25 13:15:10.263,1.50585,1.50605,1.60,4.00
2010.05.25 13:15:10.698,1.50585,1.50615,1.60,4.20
2010.05.25 13:15:10.951,1.5058,1.50615,3.30,3.00
2010.05.25 13:15:11.277,1.5058,1.506,3.20,1.60
2010.05.25 13:15:11.596,1.5058,1.50605,1.60,1.60
2010.05.25 13:15:11.918,1.5058,1.50615,3.30,4.60
2010.05.25 13:15:12.579,1.5058,1.50605,3.30,1.60
2010.05.25 13:15:14.320,1.5058,1.50605,3.20,1.60
2010.05.25 13:15:14.490,1.5058,1.50605,1.60,1.60
2010.05.25 13:15:15.571,1.50585,1.50605,1.00,1.60
2010.05.25 13:15:15.754,1.5058,1.50615,3.30,1.60
2010.05.25 13:15:15.933,1.5058,1.50615,1.70,2.20
2010.05.25 13:15:16.368,1.5058,1.50605,3.30,1.60
2010.05.25 13:15:16.714,1.50575,1.50605,2.40,3.00
2010.05.25 13:15:17.051,1.50575,1.50605,1.70,1.60
2010.05.25 13:15:17.340,1.50575,1.5061,3.30,3.80
2010.05.25 13:15:18.704,1.50575,1.50605,1.70,1.60
2010.05.25 13:15:18.863,1.50575,1.50605,1.00,1.60
2010.05.25 13:15:19.333,1.5057,1.50595,3.20,1.60
2010.05.25 13:15:19.626,1.50565,1.50595,1.60,1.60
2010.05.25 13:15:20.295,1.50565,1.50595,1.60,2.20
2010.05.25 13:15:20.587,1.5056,1.5059,1.70,1.60
2010.05.25 13:15:21.276,1.50565,1.50595,1.60,3.00
2010.05.25 13:15:21.735,1.50565,1.50595,3.30,1.60
2010.05.25 13:15:24.270,1.50565,1.50595,3.90,1.60
2010.05.25 13:15:24.407,1.50565,1.50595,7.90,1.60
2010.05.25 13:15:24.472,1.50565,1.50595,11.90,1.60
2010.05.25 13:15:24.590,1.5057,1.506,1.60,1.40
2010.05.25 13:15:24.897,1.5057,1.50605,1.70,5.40
2010.05.25 13:15:24.965,1.5057,1.50605,3.30,3.00
2010.05.25 13:15:30.390,1.5057,1.50605,1.70,3.00
2010.05.25 13:15:33.387,1.5057,1.50605,3.30,3.00
2010.05.25 13:15:35.689,1.5057,1.506,1.60,1.40
2010.05.25 13:15:35.820,1.5058,1.50595,1.60,1.40
2010.05.25 13:15:36.108,1.5058,1.506,1.60,1.40
2010.05.25 13:15:37.072,1.5057,1.506,1.60,3.00
2010.05.25 13:15:37.945,1.50565,1.50595,1.00,1.60
2010.05.25 13:15:38.132,1.50565,1.50595,1.00,1.60
2010.05.25 13:15:38.532,1.5056,1.50595,1.70,4.60
2010.05.25 13:15:38.911,1.5056,1.5059,1.60,1.40
2010.05.25 13:15:39.252,1.50555,1.50585,2.10,1.60
2010.05.25 13:15:39.932,1.50555,1.50585,1.70,1.60
2010.05.25 13:15:40.413,1.5056,1.5059,1.60,3.00
2010.05.25 13:15:42.470,1.50555,1.5059,3.30,3.00
2010.05.25 13:15:44.452,1.5056,1.5059,1.00,1.60
2010.05.25 13:15:45.310,1.5056,1.5059,1.70,1.60
2010.05.25 13:15:45.851,1.50565,1.50595,1.60,2.20
2010.05.25 13:15:46.041,1.5056,1.5059,1.70,1.60
2010.05.25 13:15:49.963,1.5056,1.5059,2.50,1.60
2010.05.25 13:15:51.257,1.5056,1.5059,1.70,1.60
2010.05.25 13:15:51.521,1.5056,1.5059,1.00,1.60
2010.05.25 13:15:52.352,1.5056,1.50585,1.00,1.00
2010.05.25 13:15:52.819,1.50555,1.50575,1.00,1.60
2010.05.25 13:15:52.973,1.5055,1.50575,1.70,1.60
2010.05.25 13:15:53.133,1.50555,1.50585,1.00,1.60
2010.05.25 13:15:53.774,1.5055,1.50585,2.50,3.00
2010.05.25 13:15:53.930,1.5055,1.50585,1.70,3.00
2010.05.25 13:15:54.554,1.5055,1.50585,4.20,1.40
2010.05.25 13:15:57.062,1.5055,1.5058,3.20,1.60
2010.05.25 13:15:57.271,1.5055,1.5058,1.60,1.60
2010.05.25 13:15:58.270,1.5055,1.5058,1.60,4.60
2010.05.25 13:16:00.690,1.5055,1.50575,1.60,3.00
2010.05.25 13:16:06.306,1.5055,1.50575,1.60,5.40
2010.05.25 13:16:06.508,1.5054,1.5057,1.60,4.60
2010.05.25 13:16:06.702,1.5054,1.50565,1.60,3.00
2010.05.25 13:16:09.062,1.5053,1.50565,2.00,4.60
2010.05.25 13:16:09.526,1.50525,1.50555,1.60,3.00
2010.05.25 13:16:09.874,1.50525,1.50555,1.70,1.60
2010.05.25 13:16:13.284,1.50535,1.50565,1.60,9.80
2010.05.25 13:16:13.622,1.5053,1.5056,1.70,1.60
2010.05.25 13:16:16.286,1.50535,1.5056,1.00,1.60
2010.05.25 13:16:18.432,1.50545,1.5057,1.60,5.40
2010.05.25 13:16:20.918,1.50545,1.5057,1.60,2.20
2010.05.25 13:16:20.983,1.50545,1.50565,1.00,3.00
2010.05.25 13:16:21.029,1.5054,1.50565,1.60,3.00
2010.05.25 13:16:21.973,1.5054,1.5057,1.60,6.20
2010.05.25 13:16:24.351,1.5054,1.5057,1.60,4.60
2010.05.25 13:16:24.679,1.5054,1.5057,1.60,1.40
2010.05.25 13:16:24.993,1.5055,1.50575,1.60,4.60
2010.05.25 13:16:25.314,1.5055,1.50575,1.60,3.00
2010.05.25 13:16:25.630,1.5055,1.5057,1.60,1.40
2010.05.25 13:16:27.073,1.5054,1.50565,1.60,3.00
2010.05.25 13:16:27.617,1.5055,1.5057,1.60,2.40
2010.05.25 13:16:27.843,1.5055,1.50575,1.60,3.00
2010.05.25 13:16:28.280,1.5055,1.50575,1.60,1.40
2010.05.25 13:16:34.480,1.50555,1.50575,1.60,1.40
2010.05.25 13:16:34.621,1.50555,1.5058,1.60,1.40
2010.05.25 13:16:40.821,1.50555,1.5058,1.60,3.00
2010.05.25 13:16:41.161,1.5055,1.5058,1.60,3.00
2010.05.25 13:16:43.750,1.5055,1.5058,1.60,1.40
2010.05.25 13:16:44.258,1.5055,1.5058,1.60,3.00
2010.05.25 13:16:44.502,1.5055,1.5058,1.60,6.20
2010.05.25 13:16:44.601,1.5055,1.5058,1.60,7.00
2010.05.25 13:16:45.310,1.5055,1.5057,1.60,1.60
2010.05.25 13:16:45.490,1.5055,1.50575,1.60,1.60
2010.05.25 13:16:45.580,1.5054,1.5057,4.20,1.60
2010.05.25 13:16:45.851,1.5054,1.5057,3.30,1.60
2010.05.25 13:16:46.203,1.50545,1.5057,1.70,1.60
2010.05.25 13:16:46.479,1.5055,1.5058,1.70,1.60
2010.05.25 13:16:47.063,1.5055,1.5058,1.60,3.00
2010.05.25 13:16:48.194,1.50545,1.50565,2.50,1.60
2010.05.25 13:16:48.373,1.5054,1.50565,2.10,1.60
2010.05.25 13:16:48.551,1.5055,1.5057,1.60,1.00
2010.05.25 13:16:48.731,1.5054,1.50575,3.30,1.60
2010.05.25 13:16:48.912,1.5054,1.5057,1.70,1.60
2010.05.25 13:16:49.310,1.50535,1.5056,5.20,1.60
2010.05.25 13:16:49.587,1.5055,1.50575,1.60,1.00
2010.05.25 13:16:49.843,1.50545,1.5058,3.30,3.00
2010.05.25 13:16:54.590,1.50555,1.5058,1.60,1.40
2010.05.25 13:16:54.641,1.50555,1.50585,1.60,6.20
2010.05.25 13:16:54.702,1.50555,1.50585,1.60,5.80
2010.05.25 13:16:55.125,1.50555,1.50585,1.60,4.60
2010.05.25 13:16:58.110,1.50565,1.50595,1.60,5.80
2010.05.25 13:16:58.220,1.50565,1.50595,1.60,5.40
2010.05.25 13:16:58.422,1.50565,1.50595,1.60,3.80
2010.05.25 13:16:58.772,1.50565,1.50595,1.60,3.00
2010.05.25 13:16:59.455,1.50555,1.5059,3.20,3.00
2010.05.25 13:16:59.796,1.50565,1.50595,1.70,1.00
2010.05.25 13:17:00.143,1.50565,1.506,1.70,5.80
2010.05.25 13:17:00.480,1.50565,1.506,1.70,5.40
2010.05.25 13:17:01.251,1.50565,1.50595,1.60,3.00
2010.05.25 13:17:02.187,1.50565,1.5059,1.60,3.00
2010.05.25 13:17:02.387,1.50555,1.5059,1.70,3.00
2010.05.25 13:17:04.134,1.50565,1.50595,1.60,3.00
2010.05.25 13:17:06.473,1.5058,1.50595,1.60,3.00
2010.05.25 13:17:06.782,1.5058,1.50595,1.60,1.40
2010.05.25 13:17:06.909,1.5058,1.50605,1.60,1.00
2010.05.25 13:17:07.989,1.5058,1.5061,3.30,1.60
2010.05.25 13:17:08.343,1.50595,1.50625,1.60,4.20
2010.05.25 13:17:08.525,1.5059,1.50625,1.00,2.40
2010.05.25 13:17:08.985,1.50585,1.50625,4.10,1.60
2010.05.25 13:17:09.174,1.50585,1.50625,3.30,1.60
2010.05.25 13:17:09.640,1.506,1.50625,1.60,3.20
2010.05.25 13:17:09.988,1.50585,1.50615,1.70,3.00
2010.05.25 13:17:10.335,1.5058,1.50615,1.00,3.00
2010.05.25 13:17:10.675,1.50585,1.50615,1.60,3.00
2010.05.25 13:17:11.502,1.5058,1.5061,1.00,3.00
2010.05.25 13:17:11.721,1.5058,1.5061,1.00,4.60
2010.05.25 13:17:11.943,1.50575,1.506,1.60,1.60
2010.05.25 13:17:12.163,1.5058,1.50605,1.00,2.00
2010.05.25 13:17:12.483,1.5058,1.50605,4.10,1.60
2010.05.25 13:17:12.726,1.50595,1.50615,1.60,1.00
2010.05.25 13:17:13.060,1.50595,1.5062,1.60,4.60
2010.05.25 13:17:13.644,1.50585,1.50615,2.00,3.00
2010.05.25 13:17:13.977,1.50585,1.50615,1.60,3.80
2010.05.25 13:17:15.934,1.50595,1.50615,1.60,1.00
2010.05.25 13:17:16.589,1.50595,1.50615,1.60,1.40
2010.05.25 13:17:16.904,1.50585,1.50615,2.00,1.40
2010.05.25 13:17:17.564,1.5058,1.5061,2.00,1.60
2010.05.25 13:17:17.902,1.5058,1.5061,1.60,4.60
2010.05.25 13:17:19.051,1.5058,1.5061,1.60,5.40
2010.05.25 13:17:19.564,1.50585,1.5061,1.60,1.00
2010.05.25 13:17:19.673,1.50585,1.50615,1.60,3.00
2010.05.25 13:17:19.892,1.50585,1.5061,1.60,1.40
2010.05.25 13:17:21.154,1.5058,1.5061,1.60,3.80
2010.05.25 13:17:21.748,1.5058,1.5061,1.60,5.40
2010.05.25 13:17:22.719,1.50585,1.5061,1.60,3.80
2010.05.25 13:17:23.025,1.5058,1.5061,2.50,3.80
2010.05.25 13:17:23.337,1.5058,1.5061,1.60,3.40
2010.05.25 13:17:23.642,1.5058,1.50605,1.60,1.40
2010.05.25 13:17:24.914,1.50585,1.50605,1.60,1.40
2010.05.25 13:17:26.021,1.50585,1.50605,2.50,1.40
2010.05.25 13:17:26.382,1.50595,1.50605,1.60,1.40
2010.05.25 13:17:26.667,1.50585,1.50605,1.60,3.00
2010.05.25 13:17:27.287,1.5057,1.50595,2.00,3.00
2010.05.25 13:17:27.903,1.5058,1.50595,1.60,1.00
2010.05.25 13:17:28.071,1.5057,1.506,1.60,3.80
2010.05.25 13:17:29.872,1.50565,1.5059,1.60,3.00
2010.05.25 13:17:31.325,1.50555,1.50585,2.50,3.00
2010.05.25 13:17:31.602,1.50555,1.50585,1.60,4.60
2010.05.25 13:17:31.880,1.50555,1.50585,1.60,1.60
2010.05.25 13:17:32.444,1.50555,1.50585,1.70,1.60
2010.05.25 13:17:32.764,1.5055,1.50575,2.40,1.60
2010.05.25 13:17:33.078,1.5057,1.5059,1.60,1.00
2010.05.25 13:17:33.637,1.5057,1.50585,1.60,1.00
2010.05.25 13:17:33.977,1.5057,1.50595,1.70,1.00
2010.05.25 13:17:34.579,1.5058,1.50605,1.60,1.00
2010.05.25 13:17:34.919,1.5058,1.5061,2.50,1.40
2010.05.25 13:17:35.265,1.50595,1.50615,1.60,1.80
2010.05.25 13:17:35.887,1.5058,1.50605,1.70,1.60
2010.05.25 13:17:36.237,1.50585,1.50615,1.60,4.60
2010.05.25 13:17:36.588,1.5058,1.5061,1.70,1.40
2010.05.25 13:17:36.937,1.50575,1.50605,2.50,1.60
2010.05.25 13:17:37.284,1.5058,1.50615,3.30,5.40
2010.05.25 13:17:37.624,1.50585,1.5062,1.60,3.00
2010.05.25 13:17:38.754,1.50595,1.5062,1.70,1.60
2010.05.25 13:17:39.013,1.50595,1.5063,1.60,5.40
2010.05.25 13:17:39.284,1.5059,1.50615,1.00,1.60
2010.05.25 13:17:39.552,1.50585,1.50615,2.50,1.60
2010.05.25 13:17:40.105,1.50595,1.5062,1.60,1.40
2010.05.25 13:17:40.432,1.50595,1.50625,1.60,3.00
2010.05.25 13:17:40.756,1.506,1.50615,4.00,1.60
2010.05.25 13:17:41.088,1.50595,1.50615,1.00,3.20
2010.05.25 13:17:41.414,1.50595,1.50625,1.70,1.00
2010.05.25 13:17:41.754,1.50595,1.50625,1.00,1.60
2010.05.25 13:17:42.092,1.50595,1.50625,1.00,2.10
2010.05.25 13:17:42.435,1.506,1.5063,3.30,1.60
2010.05.25 13:17:42.776,1.50595,1.5062,2.50,1.60
2010.05.25 13:17:43.128,1.50595,1.5063,3.30,2.00
2010.05.25 13:17:43.475,1.50595,1.5063,3.30,1.60
2010.05.25 13:17:44.372,1.506,1.5063,1.70,1.60
2010.05.25 13:17:44.603,1.50605,1.5063,1.60,1.60
2010.05.25 13:17:44.990,1.506,1.5063,1.70,1.60
2010.05.25 13:17:45.557,1.50595,1.5062,2.50,1.60
2010.05.25 13:17:45.904,1.50595,1.5062,1.70,1.60
2010.05.25 13:17:46.244,1.50595,1.5063,3.30,1.60
2010.05.25 13:17:47.434,1.50595,1.5062,1.70,1.60
2010.05.25 13:17:48.172,1.5059,1.5062,2.50,1.60
2010.05.25 13:17:48.345,1.50605,1.50625,1.60,1.00
2010.05.25 13:17:48.613,1.50595,1.5062,2.50,1.60
2010.05.25 13:17:49.153,1.50595,1.5062,1.60,1.60
2010.05.25 13:17:49.434,1.50595,1.50625,1.00,1.60
2010.05.25 13:17:49.774,1.5059,1.50625,3.70,3.00
2010.05.25 13:17:50.113,1.5059,1.50625,3.30,3.00
2010.05.25 13:17:51.137,1.5061,1.50625,2.00,3.00
2010.05.25 13:17:51.452,1.50625,1.50645,1.60,1.00
2010.05.25 13:17:51.727,1.50605,1.5064,1.60,1.00
2010.05.25 13:17:52.288,1.50595,1.5063,2.10,1.60
2010.05.25 13:17:52.564,1.50605,1.5062,1.00,1.60
2010.05.25 13:17:52.905,1.506,1.5063,2.50,1.60
2010.05.25 13:17:53.243,1.506,1.5063,1.70,1.60
2010.05.25 13:17:53.923,1.506,1.5063,2.50,1.60
2010.05.25 13:17:54.264,1.50605,1.5063,1.60,1.60
2010.05.25 13:17:54.606,1.50595,1.5063,4.10,1.60
2010.05.25 13:17:55.055,1.506,1.5063,1.70,1.60
2010.05.25 13:17:55.284,1.50605,1.50635,1.60,1.40
2010.05.25 13:17:55.774,1.50595,1.5062,1.00,1.60
2010.05.25 13:17:56.111,1.506,1.5062,1.60,1.60
2010.05.25 13:17:56.551,1.506,1.5062,1.70,1.60
2010.05.25 13:17:56.895,1.50605,1.5063,1.70,1.00
2010.05.25 13:17:57.244,1.5061,1.50635,1.70,1.60
2010.05.25 13:17:58.181,1.50605,1.50635,1.00,1.60
2010.05.25 13:17:58.490,1.506,1.5062,1.50,1.60
2010.05.25 13:17:59.070,1.50615,1.50635,1.60,1.40
2010.05.25 13:17:59.396,1.50615,1.5064,10.30,1.00
2010.05.25 13:17:59.727,1.50625,1.5063,1.60,1.00
2010.05.25 13:18:00.057,1.5063,1.5064,1.60,3.10
2010.05.25 13:18:00.407,1.5061,1.50635,2.40,1.60
2010.05.25 13:18:00.754,1.5061,1.5064,3.80,1.60
2010.05.25 13:18:01.095,1.5061,1.5064,3.80,1.60
2010.05.25 13:18:01.433,1.5061,1.5064,3.30,1.60
2010.05.25 13:18:02.112,1.5061,1.5064,1.60,1.60
2010.05.25 13:18:02.958,1.50625,1.5065,1.60,1.80
2010.05.25 13:18:03.245,1.50615,1.50635,5.70,1.60
2010.05.25 13:18:03.833,1.50615,1.50645,1.60,3.00
2010.05.25 13:18:04.160,1.5061,1.50625,1.00,1.60
2010.05.25 13:18:04.473,1.5061,1.5064,9.70,3.60
2010.05.25 13:18:04.816,1.5061,1.5064,9.70,3.20
2010.05.25 13:18:05.163,1.5061,1.5064,9.70,1.60
2010.05.25 13:18:06.522,1.5061,1.5064,3.30,1.60
2010.05.25 13:18:07.393,1.5063,1.5064,1.00,1.60
2010.05.25 13:18:07.571,1.5064,1.5065,1.60,1.00
2010.05.25 13:18:07.908,1.5063,1.5065,2.20,1.00
2010.05.25 13:18:08.102,1.50635,1.50665,2.20,1.60
2010.05.25 13:18:08.287,1.5063,1.5067,1.70,5.00
2010.05.25 13:18:08.872,1.5063,1.50665,1.00,3.00
2010.05.25 13:18:09.213,1.5063,1.50665,1.00,3.00
2010.05.25 13:18:09.857,1.50635,1.50665,1.60,5.40
2010.05.25 13:18:10.174,1.50635,1.5067,1.70,5.80
2010.05.25 13:18:10.645,1.5063,1.5066,1.70,1.60
2010.05.25 13:18:10.983,1.5062,1.50655,3.70,1.60
2010.05.25 13:18:11.542,1.5062,1.50655,3.30,1.60
2010.05.25 13:18:12.227,1.50625,1.50655,1.60,3.40
2010.05.25 13:18:12.577,1.50615,1.50645,1.20,1.00
2010.05.25 13:18:12.926,1.50615,1.50645,1.10,1.00
2010.05.25 13:18:13.223,1.5061,1.50645,2.10,3.40
2010.05.25 13:18:13.525,1.50605,1.5063,2.50,1.00
2010.05.25 13:18:14.021,1.506,1.50625,4.10,1.00
2010.05.25 13:18:14.357,1.506,1.50625,1.70,2.00
2010.05.25 13:18:14.686,1.506,1.50625,1.00,2.00
2010.05.25 13:18:15.237,1.50595,1.50625,1.60,2.00
2010.05.25 13:18:15.586,1.50585,1.5061,1.60,1.00
2010.05.25 13:18:15.967,1.50575,1.506,2.90,2.00
2010.05.25 13:18:16.317,1.5059,1.5062,1.70,6.50
2010.05.25 13:18:16.664,1.506,1.5062,1.60,1.00
2010.05.25 13:18:17.004,1.5059,1.50625,1.00,2.10
2010.05.25 13:18:17.343,1.506,1.50625,1.60,1.00
2010.05.25 13:18:17.684,1.50605,1.5063,1.70,1.60
2010.05.25 13:18:18.022,1.5061,1.5064,1.00,4.20
2010.05.25 13:18:18.366,1.5061,1.5064,2.30,1.20
2010.05.25 13:18:18.715,1.5061,1.5064,2.10,1.10
2010.05.25 13:18:19.051,1.5061,1.50645,1.70,2.40
2010.05.25 13:18:19.391,1.5061,1.50645,1.70,1.80
2010.05.25 13:18:20.313,1.50605,1.50635,1.60,3.80
2010.05.25 13:18:20.612,1.506,1.5063,2.20,1.60
2010.05.25 13:18:21.211,1.506,1.50625,1.70,1.00
2010.05.25 13:18:22.905,1.506,1.5063,1.70,2.40
2010.05.25 13:18:23.123,1.50605,1.5063,1.60,1.00
2010.05.25 13:18:23.341,1.50605,1.5063,1.60,1.00
2010.05.25 13:18:23.566,1.50605,1.5063,1.70,1.00
2010.05.25 13:18:23.783,1.50605,1.50625,1.70,1.00
2010.05.25 13:18:24.111,1.50605,1.50625,1.00,1.00
2010.05.25 13:18:24.445,1.5061,1.50635,1.60,1.00
