2008.02.07 18:00:00.240,1.6157,1.616,0.05,0.60
2008.02.07 18:00:00.554,1.6157,1.616,0.05,0.60
2008.02.07 18:00:00.924,1.6157,1.616,0.05,0.60
2008.02.07 18:00:01.169,1.6157,1.616,0.05,0.60
2008.02.07 18:00:01.419,1.6157,1.616,0.05,0.60
2008.02.07 18:00:01.698,1.6157,1.616,0.05,0.60
2008.02.07 18:00:02.061,1.6157,1.616,0.05,0.60
2008.02.07 18:00:02.293,1.6157,1.616,0.05,0.60
2008.02.07 18:00:02.526,1.6157,1.616,0.05,0.60
2008.02.07 18:00:02.813,1.6157,1.616,0.05,0.60
2008.02.07 18:00:03.069,1.6157,1.616,0.05,0.60
2008.02.07 18:00:03.327,1.6157,1.616,0.05,0.60
2008.02.07 18:00:03.604,1.6157,1.616,0.05,0.60
2008.02.07 18:00:03.864,1.6157,1.616,0.05,0.60
2008.02.07 18:00:04.127,1.6157,1.616,0.05,0.60
2008.02.07 18:00:04.376,1.6157,1.616,0.05,0.60
2008.02.07 18:00:04.625,1.6157,1.616,0.05,0.60
2008.02.07 18:00:04.996,1.6157,1.616,0.05,0.60
2008.02.07 18:00:05.090,1.6157,1.616,0.05,0.60
2008.02.07 18:00:05.368,1.6157,1.616,0.05,0.60
2008.02.07 18:00:05.587,1.6157,1.616,0.05,0.60
2008.02.07 18:00:05.806,1.6157,1.616,0.05,0.60
2008.02.07 18:00:06.026,1.6157,1.616,0.05,0.60
2008.02.07 18:00:06.298,1.6157,1.616,0.05,0.60
2008.02.07 18:00:06.633,1.6157,1.616,0.05,0.60
2008.02.07 18:00:06.906,1.6157,1.616,0.05,0.60
2008.02.07 18:00:07.178,1.6157,1.616,0.05,0.60
2008.02.07 18:00:07.469,1.6157,1.616,0.05,0.60
2008.02.07 18:00:07.677,1.61565,1.616,0.05,0.60
2008.02.07 18:00:07.886,1.61565,1.616,0.05,0.60
2008.02.07 18:00:08.096,1.61565,1.616,0.05,0.60
2008.02.07 18:00:08.384,1.61565,1.616,0.05,0.60
2008.02.07 18:00:08.799,1.61565,1.616,0.05,0.60
2008.02.07 18:00:09.085,1.61565,1.616,0.05,0.60
2008.02.07 18:00:09.282,1.61565,1.616,0.05,0.60
2008.02.07 18:00:09.481,1.61565,1.616,0.05,0.60
2008.02.07 18:00:09.680,1.61565,1.616,0.05,0.60
2008.02.07 18:00:09.879,1.61565,1.616,0.05,0.60
2008.02.07 18:00:10.075,1.61565,1.616,0.05,0.60
2008.02.07 18:00:10.442,1.61565,1.616,0.05,0.60
2008.02.07 18:00:10.687,1.61565,1.616,0.05,0.60
2008.02.07 18:00:10.929,1.6156,1.616,1.00,0.70
2008.02.07 18:00:11.173,1.6156,1.616,1.00,0.70
2008.02.07 18:00:11.400,1.6156,1.616,1.00,0.70
2008.02.07 18:00:11.627,1.6156,1.616,1.00,0.70
2008.02.07 18:00:11.855,1.6156,1.616,1.00,0.70
2008.02.07 18:00:12.083,1.6156,1.616,1.00,0.70
2008.02.07 18:00:12.311,1.6156,1.616,1.00,0.70
2008.02.07 18:00:12.321,1.6156,1.616,0.80,0.70
2008.02.07 18:00:12.645,1.6156,1.616,0.80,0.70
2008.02.07 18:00:12.872,1.6156,1.616,0.50,0.70
2008.02.07 18:00:13.219,1.6156,1.616,0.80,0.70
2008.02.07 18:00:13.447,1.6156,1.616,0.70,0.70
2008.02.07 18:00:13.783,1.6156,1.616,0.60,0.70
2008.02.07 18:00:13.994,1.6156,1.616,0.50,4.70
2008.02.07 18:00:14.207,1.6156,1.616,0.50,4.70
2008.02.07 18:00:14.420,1.6156,1.616,0.50,0.70
2008.02.07 18:00:14.667,1.6156,1.616,0.80,4.70
2008.02.07 18:00:14.843,1.6156,1.616,0.80,4.70
2008.02.07 18:00:15.029,1.6156,1.616,0.60,4.70
2008.02.07 18:00:15.207,1.6156,1.616,0.70,4.70
2008.02.07 18:00:15.412,1.6156,1.616,0.60,4.70
2008.02.07 18:00:15.837,1.6156,1.616,0.70,4.70
2008.02.07 18:00:16.008,1.6156,1.616,0.90,4.70
2008.02.07 18:00:16.306,1.6156,1.616,0.90,4.70
2008.02.07 18:00:16.709,1.6156,1.616,0.80,4.70
2008.02.07 18:00:16.943,1.61555,1.6159,0.70,0.60
2008.02.07 18:00:17.176,1.61555,1.6159,0.50,0.60
2008.02.07 18:00:17.459,1.61555,1.6159,1.20,0.60
2008.02.07 18:00:17.711,1.61555,1.6159,0.90,0.60
2008.02.07 18:00:17.965,1.61555,1.6159,0.90,0.60
2008.02.07 18:00:18.344,1.61555,1.6158,1.20,0.20
2008.02.07 18:00:18.598,1.61555,1.6158,1.20,0.20
2008.02.07 18:00:18.826,1.61555,1.6157,1.20,0.60
2008.02.07 18:00:19.053,1.61555,1.6157,0.80,0.60
2008.02.07 18:00:19.281,1.61555,1.6157,0.90,0.60
2008.02.07 18:00:19.509,1.61555,1.6157,1.10,0.60
2008.02.07 18:00:19.739,1.6154,1.6157,0.90,0.60
2008.02.07 18:00:20.042,1.6154,1.6157,0.60,0.60
2008.02.07 18:00:20.270,1.6154,1.6157,0.80,0.60
2008.02.07 18:00:20.498,1.6154,1.6157,0.80,0.60
2008.02.07 18:00:20.726,1.6154,1.6157,0.90,0.60
2008.02.07 18:00:20.994,1.6154,1.6157,0.70,0.60
2008.02.07 18:00:21.263,1.6154,1.6157,0.50,0.60
2008.02.07 18:00:21.529,1.6154,1.6157,0.50,0.60
2008.02.07 18:00:21.847,1.61545,1.6159,0.05,4.70
2008.02.07 18:00:22.050,1.61545,1.6159,0.05,0.70
2008.02.07 18:00:22.253,1.61545,1.6159,0.05,0.70
2008.02.07 18:00:22.457,1.61545,1.6159,0.05,0.70
2008.02.07 18:00:22.660,1.61555,1.6159,0.05,0.60
2008.02.07 18:00:22.864,1.61555,1.6159,0.05,0.60
2008.02.07 18:00:23.123,1.61555,1.6159,0.05,0.60
2008.02.07 18:00:23.505,1.6156,1.6159,0.90,0.60
2008.02.07 18:00:23.641,1.6156,1.6159,0.70,0.60
2008.02.07 18:00:23.977,1.6156,1.6159,0.60,0.60
2008.02.07 18:00:24.207,1.61535,1.6157,3.60,0.60
2008.02.07 18:00:24.438,1.61535,1.6157,0.80,0.60
2008.02.07 18:00:24.789,1.61535,1.6158,0.70,0.20
2008.02.07 18:00:24.895,1.61535,1.6158,0.50,0.20
2008.02.07 18:00:25.127,1.61535,1.6158,0.70,0.20
2008.02.07 18:00:25.393,1.61535,1.6158,0.50,0.20
2008.02.07 18:00:25.627,1.61535,1.6158,0.80,0.20
2008.02.07 18:00:25.863,1.61535,1.6158,0.60,0.20
2008.02.07 18:00:26.066,1.6154,1.61585,0.05,0.20
2008.02.07 18:00:26.270,1.6154,1.61585,0.05,0.20
2008.02.07 18:00:26.573,1.6154,1.61585,0.05,0.20
2008.02.07 18:00:26.775,1.6154,1.61585,0.05,0.20
2008.02.07 18:00:26.979,1.6154,1.61585,0.05,0.20
2008.02.07 18:00:27.374,1.61535,1.61575,0.60,0.20
2008.02.07 18:00:27.641,1.61535,1.6157,0.60,0.60
2008.02.07 18:00:27.909,1.61535,1.6157,1.20,0.60
2008.02.07 18:00:28.305,1.61535,1.6157,1.00,0.60
2008.02.07 18:00:28.542,1.61535,1.6157,1.10,0.60
2008.02.07 18:00:28.782,1.61545,1.6158,0.05,0.60
2008.02.07 18:00:29.143,1.61545,1.6158,0.05,0.60
2008.02.07 18:00:29.232,1.6155,1.6158,0.05,0.60
2008.02.07 18:00:29.508,1.6155,1.6158,0.05,0.60
2008.02.07 18:00:29.846,1.6155,1.6159,0.05,0.60
2008.02.07 18:00:30.058,1.6155,1.6159,0.05,0.60
2008.02.07 18:00:30.311,1.6155,1.6159,0.05,0.60
2008.02.07 18:00:30.621,1.6154,1.6158,0.50,0.70
2008.02.07 18:00:30.876,1.6154,1.6158,0.60,0.70
2008.02.07 18:00:31.129,1.6154,1.6158,0.90,0.70
2008.02.07 18:00:31.476,1.61535,1.61575,1.20,0.20
2008.02.07 18:00:31.704,1.61535,1.61565,0.70,0.20
2008.02.07 18:00:31.933,1.61535,1.61565,1.00,0.20
2008.02.07 18:00:32.162,1.61535,1.61565,0.70,0.20
2008.02.07 18:00:32.386,1.61535,1.61565,1.10,0.20
2008.02.07 18:00:32.609,1.61535,1.61565,0.80,0.20
2008.02.07 18:00:32.957,1.61535,1.61565,0.60,0.20
2008.02.07 18:00:33.179,1.61535,1.61565,1.20,0.20
2008.02.07 18:00:33.404,1.61535,1.6156,0.80,0.20
2008.02.07 18:00:33.689,1.61535,1.61565,0.50,4.10
2008.02.07 18:00:33.899,1.61535,1.61565,0.80,4.10
2008.02.07 18:00:34.106,1.61535,1.61565,0.90,0.20
2008.02.07 18:00:34.444,1.6153,1.61575,0.05,4.10
2008.02.07 18:00:34.713,1.61525,1.61565,0.70,0.20
2008.02.07 18:00:34.982,1.61525,1.61565,0.80,0.20
2008.02.07 18:00:35.373,1.61525,1.61565,0.50,0.20
2008.02.07 18:00:35.590,1.61525,1.6157,0.80,0.20
2008.02.07 18:00:35.844,1.61525,1.6157,0.70,0.20
2008.02.07 18:00:36.062,1.61525,1.6157,0.60,0.20
2008.02.07 18:00:36.280,1.61525,1.6157,0.90,0.20
2008.02.07 18:00:36.488,1.61525,1.6157,0.90,0.20
2008.02.07 18:00:36.802,1.61525,1.6157,0.50,0.20
2008.02.07 18:00:37.009,1.61525,1.6157,0.80,0.20
2008.02.07 18:00:37.280,1.61525,1.6157,0.60,0.20
2008.02.07 18:00:37.485,1.6153,1.61575,0.05,4.10
2008.02.07 18:00:37.679,1.6153,1.61575,0.05,0.20
2008.02.07 18:00:38.008,1.6154,1.61575,0.70,0.20
2008.02.07 18:00:38.207,1.6153,1.61575,0.05,0.20
2008.02.07 18:00:38.403,1.6153,1.61575,0.05,0.20
2008.02.07 18:00:38.676,1.61525,1.61565,0.90,0.20
2008.02.07 18:00:38.964,1.61525,1.61565,0.90,0.20
2008.02.07 18:00:39.236,1.61525,1.61565,0.90,0.20
2008.02.07 18:00:39.511,1.61525,1.61565,1.10,0.20
2008.02.07 18:00:39.699,1.6154,1.61575,0.05,4.00
2008.02.07 18:00:40.023,1.6154,1.61575,0.05,0.60
2008.02.07 18:00:40.202,1.6155,1.61585,0.05,4.00
2008.02.07 18:00:40.389,1.6155,1.61595,0.05,0.20
2008.02.07 18:00:40.578,1.6155,1.61595,0.05,0.20
2008.02.07 18:00:40.811,1.6156,1.616,0.05,4.10
2008.02.07 18:00:41.044,1.6156,1.616,0.05,0.20
2008.02.07 18:00:41.277,1.61565,1.6161,0.05,4.10
2008.02.07 18:00:41.511,1.61565,1.6161,0.05,4.10
2008.02.07 18:00:41.693,1.61565,1.6161,0.05,4.10
2008.02.07 18:00:42.003,1.61565,1.6161,0.05,0.20
2008.02.07 18:00:42.060,1.61565,1.6161,0.05,0.20
2008.02.07 18:00:42.243,1.61565,1.6161,0.05,0.20
2008.02.07 18:00:42.500,1.61565,1.6161,0.05,0.20
2008.02.07 18:00:42.685,1.61565,1.6161,0.05,0.20
2008.02.07 18:00:42.882,1.61565,1.6161,0.05,0.20
2008.02.07 18:00:43.080,1.61565,1.6161,0.05,0.20
2008.02.07 18:00:43.277,1.61565,1.6161,0.05,0.20
2008.02.07 18:00:43.476,1.61565,1.6161,0.05,0.20
2008.02.07 18:00:43.674,1.61575,1.61615,0.05,4.10
2008.02.07 18:00:43.986,1.61575,1.61615,0.05,4.10
2008.02.07 18:00:44.295,1.61565,1.6161,0.05,0.20
2008.02.07 18:00:44.602,1.61575,1.61615,0.05,4.10
2008.02.07 18:00:45.011,1.61575,1.61615,0.05,4.10
2008.02.07 18:00:45.317,1.61575,1.61615,0.05,0.20
2008.02.07 18:00:45.371,1.61575,1.61615,0.05,0.20
2008.02.07 18:00:45.675,1.61575,1.61615,0.05,0.20
2008.02.07 18:00:45.853,1.61575,1.61615,0.05,0.20
2008.02.07 18:00:46.140,1.61575,1.61615,0.05,0.20
2008.02.07 18:00:46.428,1.61575,1.61615,0.05,0.20
2008.02.07 18:00:46.717,1.61575,1.61615,0.05,0.20
2008.02.07 18:00:47.131,1.61575,1.61615,0.05,0.20
2008.02.07 18:00:47.351,1.6157,1.61615,0.05,0.20
2008.02.07 18:00:47.573,1.61565,1.6161,0.05,0.20
2008.02.07 18:00:47.850,1.61565,1.6161,0.05,0.20
2008.02.07 18:00:48.072,1.61565,1.6161,0.05,0.20
2008.02.07 18:00:48.305,1.61565,1.6161,0.05,0.20
2008.02.07 18:00:48.538,1.61565,1.6161,0.05,0.20
2008.02.07 18:00:48.770,1.61565,1.6161,0.05,0.20
2008.02.07 18:00:49.003,1.61565,1.6161,0.05,0.20
2008.02.07 18:00:49.252,1.61565,1.6161,0.05,0.20
2008.02.07 18:00:49.562,1.61565,1.6161,0.05,0.20
2008.02.07 18:00:49.811,1.61565,1.6161,0.05,0.20
2008.02.07 18:00:50.058,1.61565,1.6161,0.05,0.20
2008.02.07 18:00:50.312,1.61565,1.616,0.05,0.60
2008.02.07 18:00:50.565,1.61555,1.616,0.05,0.70
2008.02.07 18:00:50.928,1.61555,1.616,0.05,0.70
2008.02.07 18:00:51.120,1.61555,1.616,0.05,0.70
2008.02.07 18:00:51.314,1.61555,1.616,0.05,0.70
2008.02.07 18:00:51.508,1.61555,1.616,0.05,0.70
2008.02.07 18:00:51.734,1.61545,1.6159,1.60,0.20
2008.02.07 18:00:51.928,1.6155,1.61595,1.00,0.20
2008.02.07 18:00:52.192,1.6155,1.61595,1.00,0.20
2008.02.07 18:00:52.454,1.6155,1.6158,1.00,0.60
2008.02.07 18:00:52.717,1.6155,1.6158,1.00,0.60
2008.02.07 18:00:53.005,1.6155,1.6158,1.00,0.60
2008.02.07 18:00:53.228,1.6155,1.6158,1.00,0.60
2008.02.07 18:00:53.476,1.6155,1.6158,1.00,0.60
2008.02.07 18:00:53.698,1.6155,1.6158,1.00,0.60
2008.02.07 18:00:53.921,1.6155,1.6158,1.00,0.60
2008.02.07 18:00:54.266,1.61545,1.6157,1.60,0.60
2008.02.07 18:00:54.511,1.61545,1.6157,1.60,0.60
2008.02.07 18:00:54.753,1.61545,1.6157,1.60,0.60
2008.02.07 18:00:54.996,1.61545,1.6157,1.60,0.60
2008.02.07 18:00:55.240,1.61545,1.6157,1.60,0.60
2008.02.07 18:00:55.434,1.61545,1.6157,1.60,0.60
2008.02.07 18:00:55.603,1.61545,1.6157,1.60,0.60
2008.02.07 18:00:55.805,1.61545,1.6157,1.60,0.60
2008.02.07 18:00:55.974,1.61545,1.6157,1.60,0.60
2008.02.07 18:00:56.142,1.61545,1.6157,1.60,0.60
2008.02.07 18:00:56.405,1.61545,1.6157,1.60,0.60
2008.02.07 18:00:56.793,1.61545,1.6157,1.60,0.60
2008.02.07 18:00:57.056,1.61545,1.6157,1.60,0.60
2008.02.07 18:00:57.320,1.61555,1.6158,0.05,0.60
2008.02.07 18:00:57.532,1.61555,1.6158,0.05,0.60
2008.02.07 18:00:57.759,1.61555,1.6158,0.05,0.60
2008.02.07 18:00:57.968,1.61555,1.6158,0.05,0.60
2008.02.07 18:00:58.181,1.61555,1.6158,0.05,0.60
2008.02.07 18:00:58.394,1.61555,1.6158,0.05,0.60
2008.02.07 18:00:58.578,1.61555,1.6158,0.05,0.60
2008.02.07 18:00:58.809,1.61555,1.6158,0.05,0.60
2008.02.07 18:00:58.991,1.61555,1.6158,0.05,0.60
2008.02.07 18:00:59.194,1.61555,1.6158,0.05,0.60
2008.02.07 18:00:59.377,1.61555,1.6158,0.05,0.60
2008.02.07 18:00:59.636,1.61555,1.6158,0.05,0.60
2008.02.07 18:00:59.891,1.61545,1.6158,0.05,0.60
2008.02.07 18:01:00.263,1.61545,1.6157,0.05,0.60
2008.02.07 18:01:00.641,1.6155,1.6158,1.00,0.60
2008.02.07 18:01:00.828,1.6156,1.6158,0.05,0.60
2008.02.07 18:01:01.020,1.6156,1.6158,0.05,0.60
2008.02.07 18:01:01.207,1.6155,1.6158,1.00,0.60
2008.02.07 18:01:01.395,1.6155,1.6158,1.00,0.60
2008.02.07 18:01:01.584,1.6155,1.6158,1.00,0.60
2008.02.07 18:01:01.881,1.6155,1.6158,1.00,0.60
2008.02.07 18:01:02.179,1.6155,1.6158,1.00,0.60
2008.02.07 18:01:02.477,1.6155,1.6158,1.00,0.60
2008.02.07 18:01:02.651,1.6155,1.6158,1.00,0.60
2008.02.07 18:01:02.917,1.6155,1.6158,1.00,0.60
2008.02.07 18:01:03.089,1.6155,1.6158,1.00,0.60
2008.02.07 18:01:03.266,1.6155,1.6158,1.00,0.60
2008.02.07 18:01:03.438,1.6155,1.6158,1.00,0.60
2008.02.07 18:01:03.611,1.61545,1.6157,0.05,0.60
2008.02.07 18:01:04.000,1.61535,1.6156,1.60,0.60
2008.02.07 18:01:04.138,1.61535,1.6156,1.60,0.60
2008.02.07 18:01:04.400,1.61535,1.6156,1.60,0.60
2008.02.07 18:01:04.662,1.61535,1.6156,1.60,0.60
2008.02.07 18:01:04.885,1.61535,1.6156,1.60,0.60
2008.02.07 18:01:05.123,1.61535,1.6156,1.60,0.60
2008.02.07 18:01:05.347,1.61535,1.6156,1.60,0.60
2008.02.07 18:01:05.696,1.61535,1.6156,1.60,0.60
2008.02.07 18:01:06.007,1.61535,1.6156,1.60,0.60
2008.02.07 18:01:06.163,1.61535,1.6156,1.60,0.60
2008.02.07 18:01:06.417,1.61535,1.6156,1.60,0.60
2008.02.07 18:01:06.575,1.61535,1.6156,1.60,0.60
2008.02.07 18:01:06.733,1.61535,1.6156,1.60,0.60
2008.02.07 18:01:07.035,1.61535,1.6156,1.60,0.60
2008.02.07 18:01:07.466,1.61535,1.6154,1.60,0.60
2008.02.07 18:01:07.768,1.61535,1.6154,1.60,0.60
2008.02.07 18:01:07.942,1.61535,1.6154,1.60,0.60
2008.02.07 18:01:08.237,1.61535,1.6154,1.60,0.60
2008.02.07 18:01:08.409,1.61535,1.6156,1.60,0.70
2008.02.07 18:01:08.582,1.61535,1.6156,1.60,0.60
2008.02.07 18:01:08.755,1.61535,1.61555,1.60,0.20
2008.02.07 18:01:09.053,1.61535,1.61555,1.60,0.20
2008.02.07 18:01:09.351,1.61525,1.61555,1.60,0.20
2008.02.07 18:01:09.650,1.61525,1.6154,1.60,0.60
2008.02.07 18:01:09.948,1.61525,1.6154,1.60,0.60
2008.02.07 18:01:10.156,1.61525,1.6154,1.60,0.60
2008.02.07 18:01:10.365,1.61525,1.6154,1.60,0.60
2008.02.07 18:01:10.572,1.61525,1.6154,1.60,0.60
2008.02.07 18:01:10.809,1.61525,1.6154,1.60,0.60
2008.02.07 18:01:11.003,1.61525,1.6154,1.60,0.60
2008.02.07 18:01:11.298,1.61525,1.6154,1.60,0.60
2008.02.07 18:01:11.495,1.61525,1.6154,1.60,0.60
2008.02.07 18:01:11.703,1.61525,1.6153,1.60,0.60
2008.02.07 18:01:11.899,1.61525,1.6155,1.60,4.60
2008.02.07 18:01:12.128,1.61525,1.6155,1.60,0.60
2008.02.07 18:01:12.355,1.61525,1.6155,1.60,0.60
2008.02.07 18:01:12.698,1.61535,1.6155,0.05,0.60
2008.02.07 18:01:12.926,1.61535,1.6155,2.40,0.60
2008.02.07 18:01:13.120,1.61535,1.6155,2.40,0.60
2008.02.07 18:01:13.312,1.6154,1.6156,1.00,0.60
2008.02.07 18:01:13.505,1.6154,1.6156,1.00,0.60
2008.02.07 18:01:13.698,1.6154,1.6156,1.00,0.60
2008.02.07 18:01:13.986,1.6154,1.6156,1.00,0.60
2008.02.07 18:01:14.223,1.6154,1.6156,1.00,0.60
2008.02.07 18:01:14.565,1.6154,1.6156,1.00,0.60
2008.02.07 18:01:14.802,1.6154,1.6156,1.00,0.60
2008.02.07 18:01:15.039,1.6154,1.6156,1.00,0.60
2008.02.07 18:01:15.222,1.6154,1.61555,1.00,0.20
2008.02.07 18:01:15.405,1.61535,1.6154,0.50,0.60
2008.02.07 18:01:15.670,1.61535,1.6154,1.60,0.60
2008.02.07 18:01:15.851,1.61535,1.6154,1.60,0.60
2008.02.07 18:01:16.159,1.61535,1.6154,1.60,0.60
2008.02.07 18:01:16.358,1.6151,1.6154,0.05,0.60
2008.02.07 18:01:16.556,1.6151,1.6154,0.05,0.60
2008.02.07 18:01:16.755,1.6151,1.6154,0.05,0.60
2008.02.07 18:01:16.953,1.6151,1.6154,0.05,0.60
2008.02.07 18:01:17.151,1.6151,1.6154,0.05,0.60
2008.02.07 18:01:17.350,1.6151,1.6154,0.05,0.60
2008.02.07 18:01:17.632,1.6151,1.6154,0.05,0.60
2008.02.07 18:01:17.915,1.6151,1.6154,0.05,0.60
2008.02.07 18:01:18.197,1.6151,1.6154,0.05,0.60
2008.02.07 18:01:18.481,1.6151,1.6154,0.05,0.60
2008.02.07 18:01:18.674,1.6151,1.6154,0.05,0.60
2008.02.07 18:01:18.867,1.6151,1.6154,0.05,0.60
2008.02.07 18:01:19.060,1.6151,1.6154,0.05,0.60
2008.02.07 18:01:19.320,1.6151,1.6154,0.05,0.60
2008.02.07 18:01:19.512,1.6151,1.6154,0.05,0.60
2008.02.07 18:01:19.728,1.6151,1.6154,0.05,0.60
2008.02.07 18:01:19.940,1.6151,1.6154,0.05,0.60
2008.02.07 18:01:20.154,1.6151,1.6154,0.05,0.60
2008.02.07 18:01:20.493,1.6151,1.6154,0.05,0.60
2008.02.07 18:01:20.660,1.6151,1.6154,0.05,0.60
2008.02.07 18:01:20.828,1.6151,1.6154,0.05,0.60
2008.02.07 18:01:21.031,1.6151,1.6154,0.05,0.60
2008.02.07 18:01:21.197,1.6151,1.6154,0.05,0.60
2008.02.07 18:01:21.364,1.6151,1.6154,0.05,0.60
2008.02.07 18:01:21.533,1.6151,1.6154,0.05,0.60
2008.02.07 18:01:21.745,1.6151,1.6154,0.05,0.60
2008.02.07 18:01:22.054,1.6151,1.6154,0.05,0.60
2008.02.07 18:01:22.267,1.6151,1.6154,0.05,0.60
2008.02.07 18:01:22.481,1.6151,1.6154,0.05,0.60
2008.02.07 18:01:22.694,1.6151,1.6154,0.05,0.60
2008.02.07 18:01:22.931,1.6151,1.6154,0.05,0.60
2008.02.07 18:01:23.169,1.6151,1.6154,0.05,0.60
2008.02.07 18:01:23.431,1.6151,1.6154,0.05,0.60
2008.02.07 18:01:23.670,1.6151,1.6154,0.05,0.60
2008.02.07 18:01:23.869,1.6151,1.6154,0.05,0.60
2008.02.07 18:01:24.062,1.6151,1.6154,0.05,0.60
2008.02.07 18:01:24.379,1.6151,1.6154,0.05,0.60
2008.02.07 18:01:24.572,1.6151,1.6154,0.05,0.60
2008.02.07 18:01:24.765,1.6151,1.6154,0.05,0.60
2008.02.07 18:01:25.003,1.6151,1.6154,0.05,0.60
2008.02.07 18:01:25.281,1.6151,1.6154,0.05,0.60
2008.02.07 18:01:25.518,1.6151,1.6154,0.05,0.60
2008.02.07 18:01:25.858,1.6151,1.6154,0.05,0.60
2008.02.07 18:01:26.197,1.6151,1.6154,0.05,0.60
2008.02.07 18:01:26.404,1.6151,1.6154,0.05,0.60
2008.02.07 18:01:26.612,1.6151,1.6154,0.05,0.60
2008.02.07 18:01:26.915,1.6151,1.6154,0.05,0.60
2008.02.07 18:01:27.186,1.6151,1.6154,0.05,0.60
2008.02.07 18:01:27.459,1.6151,1.6154,0.05,0.60
2008.02.07 18:01:27.823,1.6151,1.6154,0.05,0.60
2008.02.07 18:01:28.096,1.6151,1.6154,0.05,0.60
2008.02.07 18:01:28.309,1.6151,1.6154,0.05,0.60
2008.02.07 18:01:28.522,1.61505,1.6154,0.50,0.60
2008.02.07 18:01:28.736,1.61515,1.6154,1.60,0.60
2008.02.07 18:01:29.051,1.61515,1.6154,1.60,0.60
2008.02.07 18:01:29.309,1.61515,1.6154,1.60,0.60
2008.02.07 18:01:29.566,1.61515,1.6154,1.60,0.60
2008.02.07 18:01:29.824,1.61515,1.6154,1.60,0.60
2008.02.07 18:01:30.081,1.61515,1.6154,1.60,0.60
2008.02.07 18:01:30.291,1.61515,1.6154,1.60,0.60
2008.02.07 18:01:30.537,1.61515,1.6154,1.60,0.60
2008.02.07 18:01:30.745,1.61515,1.6154,1.60,0.60
2008.02.07 18:01:30.954,1.61515,1.6154,1.60,0.60
2008.02.07 18:01:31.162,1.61515,1.6154,1.60,0.60
2008.02.07 18:01:31.421,1.61515,1.6154,1.60,0.60
2008.02.07 18:01:31.679,1.61515,1.6154,1.60,0.60
2008.02.07 18:01:31.937,1.61515,1.6154,1.60,0.60
2008.02.07 18:01:32.195,1.61515,1.6154,1.60,0.60
2008.02.07 18:01:32.403,1.61515,1.6154,1.60,0.60
2008.02.07 18:01:32.611,1.61515,1.6154,1.60,0.60
2008.02.07 18:01:32.820,1.61515,1.6154,1.60,0.60
2008.02.07 18:01:33.028,1.61515,1.6154,1.60,0.60
2008.02.07 18:01:33.236,1.61515,1.6154,1.60,0.60
2008.02.07 18:01:33.459,1.61515,1.6154,1.60,0.60
2008.02.07 18:01:33.724,1.61515,1.6154,1.60,0.60
2008.02.07 18:01:33.946,1.61515,1.6154,1.60,0.60
2008.02.07 18:01:34.209,1.61515,1.6154,1.60,0.60
2008.02.07 18:01:34.418,1.61515,1.6154,1.60,0.60
2008.02.07 18:01:34.626,1.61515,1.6154,1.60,0.60
2008.02.07 18:01:34.833,1.61515,1.6154,1.60,0.60
2008.02.07 18:01:35.042,1.61515,1.6154,1.60,0.60
2008.02.07 18:01:35.346,1.61515,1.6154,1.60,0.60
2008.02.07 18:01:35.523,1.61515,1.6154,1.60,0.60
2008.02.07 18:01:35.705,1.61515,1.6154,1.60,0.60
2008.02.07 18:01:36.015,1.61515,1.6154,1.60,0.60
2008.02.07 18:01:36.071,1.61515,1.6154,4.40,0.60
2008.02.07 18:01:36.361,1.61515,1.6154,2.40,0.60
2008.02.07 18:01:36.801,1.61515,1.6154,2.40,0.60
2008.02.07 18:01:37.114,1.61515,1.6154,2.40,0.60
2008.02.07 18:01:37.427,1.61515,1.6154,2.40,0.60
2008.02.07 18:01:37.742,1.61515,1.6154,2.40,0.60
2008.02.07 18:01:37.949,1.61515,1.6154,2.40,0.60
2008.02.07 18:01:38.263,1.61515,1.6154,2.00,0.60
2008.02.07 18:01:38.470,1.61515,1.6154,1.60,0.60
2008.02.07 18:01:38.686,1.61515,1.6154,1.60,0.60
2008.02.07 18:01:39.015,1.61515,1.6154,1.60,0.60
2008.02.07 18:01:39.223,1.61515,1.6154,1.60,0.60
2008.02.07 18:01:39.436,1.61515,1.6154,1.60,0.60
2008.02.07 18:01:39.752,1.61515,1.6154,1.60,0.60
2008.02.07 18:01:40.029,1.61515,1.6154,1.60,0.60
2008.02.07 18:01:40.303,1.61515,1.6154,1.60,0.60
2008.02.07 18:01:40.576,1.61515,1.6154,1.60,0.60
2008.02.07 18:01:40.773,1.61515,1.6154,1.60,0.60
2008.02.07 18:01:40.974,1.61515,1.6154,1.60,0.60
2008.02.07 18:01:41.175,1.61515,1.6154,1.60,0.60
2008.02.07 18:01:41.372,1.61515,1.6154,1.60,0.60
2008.02.07 18:01:41.569,1.61515,1.6154,1.60,0.60
2008.02.07 18:01:41.893,1.61515,1.6154,1.60,0.60
2008.02.07 18:01:42.177,1.6151,1.6154,0.05,0.60
2008.02.07 18:01:42.460,1.61505,1.6152,1.60,0.60
2008.02.07 18:01:42.782,1.61505,1.6153,1.60,0.60
2008.02.07 18:01:42.986,1.61505,1.6153,1.60,0.60
2008.02.07 18:01:43.188,1.61505,1.6153,1.60,0.60
2008.02.07 18:01:43.514,1.61505,1.6153,1.60,0.60
2008.02.07 18:01:43.716,1.61505,1.6153,1.60,0.60
2008.02.07 18:01:43.919,1.61505,1.6153,1.60,0.60
2008.02.07 18:01:44.172,1.61505,1.6153,1.60,0.60
2008.02.07 18:01:44.425,1.61505,1.6153,1.60,0.60
2008.02.07 18:01:44.678,1.61505,1.6153,1.60,0.60
2008.02.07 18:01:45.009,1.61505,1.6153,1.60,0.60
2008.02.07 18:01:45.232,1.61505,1.6153,1.60,0.60
2008.02.07 18:01:45.455,1.61505,1.61525,1.60,0.20
2008.02.07 18:01:45.679,1.61505,1.61525,1.60,0.20
2008.02.07 18:01:45.902,1.61505,1.6152,1.60,0.60
2008.02.07 18:01:46.110,1.61505,1.6151,1.60,0.60
2008.02.07 18:01:46.318,1.61505,1.6151,1.60,0.60
2008.02.07 18:01:46.652,1.61505,1.6151,1.60,0.60
2008.02.07 18:01:46.734,1.61505,1.6151,1.60,0.60
2008.02.07 18:01:47.065,1.61505,1.6153,1.60,0.60
2008.02.07 18:01:47.313,1.6151,1.6153,0.05,0.60
2008.02.07 18:01:47.561,1.6151,1.6153,0.05,0.60
2008.02.07 18:01:47.810,1.6151,1.6153,0.05,0.60
2008.02.07 18:01:48.057,1.6151,1.6153,0.05,0.60
2008.02.07 18:01:48.360,1.6151,1.6153,0.05,0.60
2008.02.07 18:01:48.568,1.6151,1.6153,0.05,0.60
2008.02.07 18:01:48.776,1.6151,1.6155,4.00,0.60
2008.02.07 18:01:48.984,1.6151,1.6155,4.00,0.60
2008.02.07 18:01:49.262,1.61515,1.6155,1.60,0.60
2008.02.07 18:01:49.615,1.61515,1.6155,5.60,0.60
2008.02.07 18:01:49.893,1.61515,1.6155,5.60,0.70
2008.02.07 18:01:50.171,1.61515,1.6155,1.60,0.70
2008.02.07 18:01:50.374,1.61515,1.6154,1.60,0.60
2008.02.07 18:01:50.577,1.61515,1.6154,1.60,0.60
2008.02.07 18:01:50.781,1.61515,1.6154,1.60,0.60
2008.02.07 18:01:51.103,1.61515,1.6154,1.60,0.60
2008.02.07 18:01:51.305,1.61515,1.6154,1.60,0.60
2008.02.07 18:01:51.509,1.61515,1.6154,1.60,0.60
2008.02.07 18:01:51.713,1.61515,1.6154,1.60,0.60
2008.02.07 18:01:52.025,1.61515,1.6154,1.60,0.60
2008.02.07 18:01:52.234,1.61515,1.6154,1.60,0.60
2008.02.07 18:01:52.440,1.61515,1.6154,1.60,0.60
2008.02.07 18:01:52.648,1.61515,1.6154,1.60,0.60
2008.02.07 18:01:52.908,1.61515,1.6154,1.60,0.60
2008.02.07 18:01:53.115,1.61515,1.6154,1.60,0.60
2008.02.07 18:01:53.364,1.61515,1.6154,1.60,0.60
2008.02.07 18:01:53.705,1.61515,1.6154,1.60,0.60
2008.02.07 18:01:53.952,1.61515,1.6154,1.60,0.60
2008.02.07 18:01:54.201,1.61515,1.6154,1.60,0.60
2008.02.07 18:01:54.429,1.61515,1.6154,1.60,0.60
2008.02.07 18:01:54.657,1.61515,1.6154,1.60,0.60
2008.02.07 18:01:54.884,1.61515,1.6154,1.60,0.60
2008.02.07 18:01:55.111,1.61515,1.6154,1.60,0.60
2008.02.07 18:01:55.339,1.61515,1.6154,1.60,0.60
2008.02.07 18:01:55.596,1.61515,1.6154,1.60,0.60
2008.02.07 18:01:57.542,1.6152,1.6154,0.05,0.60
2008.02.07 18:01:57.728,1.61515,1.6154,1.60,0.60
2008.02.07 18:01:57.914,1.61515,1.6154,1.60,0.60
2008.02.07 18:01:57.975,1.61515,1.6154,1.60,0.60
2008.02.07 18:01:58.144,1.61515,1.6154,1.60,0.60
2008.02.07 18:01:58.207,1.61515,1.6154,1.60,0.60
2008.02.07 18:01:58.352,1.61515,1.6154,1.60,0.60
2008.02.07 18:01:58.414,1.61515,1.6154,1.60,0.60
2008.02.07 18:01:58.553,1.61515,1.6154,1.60,0.60
2008.02.07 18:01:59.013,1.61515,1.6154,1.60,0.60
2008.02.07 18:01:59.469,1.61515,1.6154,1.60,0.60
2008.02.07 18:01:59.677,1.61515,1.6154,1.60,0.60
2008.02.07 18:01:59.906,1.61515,1.6154,1.60,0.60
2008.02.07 18:02:00.189,1.6151,1.6154,4.00,0.60
2008.02.07 18:02:00.544,1.6151,1.6154,5.00,0.60
2008.02.07 18:02:00.772,1.6151,1.6154,1.00,0.60
2008.02.07 18:02:01.028,1.6151,1.6154,1.00,0.60
2008.02.07 18:02:01.333,1.6151,1.6154,1.00,0.60
2008.02.07 18:02:01.584,1.6151,1.6154,1.00,0.60
2008.02.07 18:02:01.838,1.6151,1.6154,1.00,0.60
2008.02.07 18:02:02.205,1.6151,1.6154,1.00,0.60
2008.02.07 18:02:02.448,1.6151,1.6154,1.00,0.60
2008.02.07 18:02:02.691,1.6151,1.6154,1.00,0.60
2008.02.07 18:02:02.898,1.6151,1.6154,1.00,0.60
2008.02.07 18:02:03.107,1.6151,1.6154,1.00,0.60
2008.02.07 18:02:03.436,1.61515,1.6154,0.05,0.60
2008.02.07 18:02:03.644,1.61515,1.6154,4.00,0.60
2008.02.07 18:02:03.853,1.61515,1.6154,4.00,0.60
2008.02.07 18:02:04.229,1.61515,1.6154,5.60,0.60
2008.02.07 18:02:04.642,1.61515,1.6154,1.60,0.60
2008.02.07 18:02:04.929,1.61515,1.6154,1.60,0.60
2008.02.07 18:02:05.177,1.61515,1.6154,1.60,0.60
2008.02.07 18:02:05.455,1.61515,1.6154,1.60,0.60
2008.02.07 18:02:05.703,1.61515,1.6154,1.60,0.60
2008.02.07 18:02:05.951,1.61515,1.6154,1.60,0.60
2008.02.07 18:02:06.139,1.61515,1.6154,1.60,0.60
2008.02.07 18:02:06.335,1.61515,1.6154,1.60,0.60
2008.02.07 18:02:06.518,1.61515,1.6154,1.60,0.60
2008.02.07 18:02:06.706,1.61515,1.6154,1.60,0.60
2008.02.07 18:02:07.020,1.61515,1.6154,1.60,0.60
2008.02.07 18:02:07.311,1.61515,1.6154,1.60,0.60
2008.02.07 18:02:07.599,1.61515,1.6152,1.60,0.60
2008.02.07 18:02:07.961,1.61515,1.6152,1.60,0.60
2008.02.07 18:02:08.250,1.61515,1.6153,1.60,0.60
2008.02.07 18:02:08.484,1.61515,1.6153,1.60,0.60
2008.02.07 18:02:08.758,1.61515,1.6153,1.60,0.60
2008.02.07 18:02:08.989,1.61515,1.6153,1.60,0.60
2008.02.07 18:02:09.222,1.61515,1.6153,1.60,0.60
2008.02.07 18:02:09.495,1.61515,1.6153,1.60,0.60
2008.02.07 18:02:09.713,1.61515,1.6153,1.60,0.60
2008.02.07 18:02:09.931,1.61515,1.6154,1.60,0.60
2008.02.07 18:02:10.149,1.6153,1.6156,1.00,0.70
2008.02.07 18:02:10.393,1.6153,1.6156,1.00,0.70
2008.02.07 18:02:10.752,1.6153,1.6156,1.00,0.70
2008.02.07 18:02:10.995,1.6153,1.6156,1.00,0.70
2008.02.07 18:02:11.239,1.6153,1.6156,1.00,0.70
2008.02.07 18:02:11.456,1.6153,1.6156,1.00,0.70
2008.02.07 18:02:11.674,1.6153,1.6156,1.00,0.70
2008.02.07 18:02:11.893,1.6153,1.6156,1.00,0.70
2008.02.07 18:02:12.110,1.6153,1.6156,1.00,0.70
2008.02.07 18:02:12.451,1.61515,1.6154,5.60,0.60
2008.02.07 18:02:12.602,1.61515,1.6154,1.60,0.60
2008.02.07 18:02:12.878,1.61515,1.6154,1.60,0.60
2008.02.07 18:02:13.270,1.61515,1.6154,1.60,0.60
2008.02.07 18:02:13.502,1.61515,1.6154,1.60,0.60
2008.02.07 18:02:13.735,1.61515,1.6154,1.60,0.60
2008.02.07 18:02:14.067,1.61515,1.6154,1.60,0.60
2008.02.07 18:02:14.299,1.61515,1.6154,1.60,0.60
2008.02.07 18:02:14.532,1.61515,1.6154,1.60,0.60
2008.02.07 18:02:14.770,1.61515,1.6154,1.60,0.60
2008.02.07 18:02:15.009,1.61515,1.6154,1.60,0.60
2008.02.07 18:02:16.957,1.61515,1.6154,1.60,0.60
2008.02.07 18:02:17.045,1.61515,1.6154,1.60,0.60
2008.02.07 18:02:17.197,1.61515,1.6154,1.60,0.60
2008.02.07 18:02:17.283,1.61515,1.6154,1.60,0.60
2008.02.07 18:02:17.422,1.61515,1.6154,1.60,0.60
2008.02.07 18:02:17.510,1.61515,1.6154,1.60,0.60
2008.02.07 18:02:17.722,1.61515,1.6154,1.60,0.60
2008.02.07 18:02:17.807,1.61515,1.6154,1.60,0.60
2008.02.07 18:02:17.966,1.6151,1.6154,1.00,0.60
2008.02.07 18:02:18.298,1.6151,1.6154,1.00,0.60
2008.02.07 18:02:18.631,1.6151,1.6154,1.00,0.60
2008.02.07 18:02:19.082,1.61505,1.6154,1.60,0.70
2008.02.07 18:02:19.254,1.61505,1.6154,5.60,0.70
2008.02.07 18:02:19.428,1.61505,1.6154,5.60,0.70
2008.02.07 18:02:19.601,1.61505,1.6154,1.60,0.70
2008.02.07 18:02:19.773,1.61505,1.6154,1.60,0.70
2008.02.07 18:02:19.946,1.61505,1.6154,1.60,0.70
2008.02.07 18:02:20.134,1.61505,1.6154,1.60,0.70
2008.02.07 18:02:20.305,1.61505,1.6154,1.60,0.70
2008.02.07 18:02:20.611,1.61505,1.6154,1.60,0.70
2008.02.07 18:02:20.918,1.61505,1.6154,1.60,0.70
2008.02.07 18:02:21.227,1.61505,1.6154,1.60,0.70
2008.02.07 18:02:21.420,1.61505,1.6154,1.60,0.70
2008.02.07 18:02:21.694,1.61505,1.6154,1.60,0.70
2008.02.07 18:02:21.886,1.61505,1.6154,1.60,0.70
2008.02.07 18:02:22.080,1.61505,1.6154,1.60,0.70
2008.02.07 18:02:22.274,1.61505,1.6154,1.60,0.60
2008.02.07 18:02:22.537,1.6151,1.6154,0.05,0.60
2008.02.07 18:02:22.827,1.6151,1.6154,0.05,0.60
2008.02.07 18:02:23.090,1.6151,1.6154,0.05,0.60
2008.02.07 18:02:23.352,1.6151,1.6154,1.00,0.60
2008.02.07 18:02:23.731,1.6151,1.6154,1.00,0.60
2008.02.07 18:02:23.972,1.6151,1.6154,1.00,0.60
2008.02.07 18:02:24.219,1.6151,1.6154,1.00,0.60
2008.02.07 18:02:24.230,1.6151,1.6154,1.00,0.60
2008.02.07 18:02:24.596,1.6151,1.6154,1.00,0.60
2008.02.07 18:02:24.833,1.6151,1.6154,1.00,0.60
2008.02.07 18:02:26.673,1.6151,1.6154,1.00,0.60
2008.02.07 18:02:26.847,1.6151,1.6154,1.00,0.60
2008.02.07 18:02:26.898,1.6151,1.6154,1.00,0.60
2008.02.07 18:02:27.049,1.6151,1.6154,1.00,0.60
2008.02.07 18:02:27.104,1.6151,1.6154,1.00,0.60
2008.02.07 18:02:27.253,1.6151,1.6154,1.00,0.60
2008.02.07 18:02:27.307,1.6151,1.6154,1.00,0.60
2008.02.07 18:02:27.482,1.6151,1.6154,1.00,0.60
2008.02.07 18:02:27.534,1.6151,1.6154,1.00,0.60
2008.02.07 18:02:27.710,1.6151,1.6154,1.00,0.60
2008.02.07 18:02:27.734,1.6151,1.6154,1.00,0.60
2008.02.07 18:02:28.184,1.6151,1.6154,1.00,0.60
2008.02.07 18:02:28.516,1.6151,1.6154,1.00,0.60
2008.02.07 18:02:28.849,1.6151,1.6154,1.00,0.60
2008.02.07 18:02:29.126,1.6151,1.6154,1.00,0.60
2008.02.07 18:02:29.338,1.6151,1.6154,1.00,0.60
2008.02.07 18:02:29.551,1.6151,1.6154,1.00,0.60
2008.02.07 18:02:29.833,1.6151,1.6154,1.00,0.60
2008.02.07 18:02:30.060,1.6151,1.6154,1.00,0.60
2008.02.07 18:02:30.288,1.6151,1.6154,1.00,0.60
2008.02.07 18:02:30.577,1.6151,1.6154,1.00,0.60
2008.02.07 18:02:30.804,1.6151,1.6154,1.00,0.60
2008.02.07 18:02:31.031,1.6151,1.6154,1.00,0.60
2008.02.07 18:02:31.299,1.6151,1.6154,1.00,0.60
2008.02.07 18:02:31.568,1.6151,1.6154,1.00,0.60
2008.02.07 18:02:31.851,1.6151,1.6154,1.00,0.60
2008.02.07 18:02:32.117,1.6152,1.6154,1.00,0.60
2008.02.07 18:02:32.356,1.6152,1.6154,1.00,0.60
2008.02.07 18:02:32.723,1.6152,1.6154,1.00,0.60
2008.02.07 18:02:32.962,1.6152,1.6154,1.00,0.60
2008.02.07 18:02:33.202,1.6152,1.6154,1.00,0.60
2008.02.07 18:02:33.530,1.6151,1.6154,4.00,0.60
2008.02.07 18:02:33.761,1.6151,1.6154,5.00,0.60
2008.02.07 18:02:34.000,1.6151,1.6154,1.00,0.60
2008.02.07 18:02:34.280,1.6151,1.6154,1.00,0.60
2008.02.07 18:02:34.509,1.6151,1.6154,1.00,0.60
2008.02.07 18:02:34.734,1.6151,1.6154,1.00,0.60
2008.02.07 18:02:35.021,1.6151,1.6154,1.00,0.60
2008.02.07 18:02:35.249,1.6151,1.6154,1.00,0.60
2008.02.07 18:02:35.517,1.6151,1.6154,1.00,0.60
2008.02.07 18:02:35.786,1.6151,1.6154,1.00,0.60
2008.02.07 18:02:36.054,1.6151,1.6154,5.00,0.60
2008.02.07 18:02:36.384,1.6152,1.6154,1.00,0.60
2008.02.07 18:02:36.625,1.6152,1.6154,1.00,0.60
2008.02.07 18:02:36.868,1.6152,1.6154,1.00,0.60
2008.02.07 18:02:37.110,1.6152,1.6154,1.00,0.60
2008.02.07 18:02:37.410,1.6152,1.6154,1.00,0.60
2008.02.07 18:02:37.586,1.6152,1.6154,1.00,0.60
2008.02.07 18:02:37.886,1.6152,1.6154,1.00,0.60
2008.02.07 18:02:38.064,1.6152,1.6154,1.00,0.60
2008.02.07 18:02:38.242,1.6152,1.6154,1.00,0.60
2008.02.07 18:02:38.585,1.6152,1.6154,1.00,0.60
2008.02.07 18:02:38.833,1.6152,1.6154,1.00,0.60
2008.02.07 18:02:39.088,1.6152,1.6154,1.00,0.60
2008.02.07 18:02:39.335,1.6152,1.6154,1.00,0.60
2008.02.07 18:02:39.568,1.6152,1.6154,1.00,0.60
2008.02.07 18:02:39.803,1.6152,1.6154,1.00,0.60
2008.02.07 18:02:40.035,1.61515,1.6154,1.60,0.60
2008.02.07 18:02:40.299,1.61515,1.6154,1.60,0.60
2008.02.07 18:02:40.443,1.61515,1.6154,1.60,0.60
2008.02.07 18:02:40.675,1.61515,1.6154,1.60,0.60
2008.02.07 18:02:40.820,1.61515,1.6154,1.60,0.60
2008.02.07 18:02:41.032,1.61515,1.6154,1.60,0.60
2008.02.07 18:02:41.175,1.61515,1.6154,1.60,0.60
2008.02.07 18:02:41.324,1.61515,1.6154,1.60,0.60
2008.02.07 18:02:41.780,1.61515,1.6154,1.60,0.60
2008.02.07 18:02:42.112,1.61515,1.6154,1.60,0.60
2008.02.07 18:02:42.446,1.61515,1.6154,1.60,0.60
2008.02.07 18:02:42.722,1.61515,1.6154,1.60,0.60
2008.02.07 18:02:42.941,1.61515,1.6154,1.60,0.60
2008.02.07 18:02:43.282,1.61515,1.6154,1.60,0.60
2008.02.07 18:02:43.374,1.61515,1.6154,1.60,0.60
2008.02.07 18:02:43.660,1.61515,1.6154,1.60,0.60
2008.02.07 18:02:43.857,1.61515,1.6154,1.60,0.60
2008.02.07 18:02:44.055,1.61515,1.6154,1.60,0.60
2008.02.07 18:02:44.253,1.61515,1.6154,1.60,0.60
2008.02.07 18:02:44.535,1.61515,1.6154,1.60,0.60
2008.02.07 18:02:44.768,1.61515,1.6154,1.60,0.60
2008.02.07 18:02:45.046,1.61515,1.6154,1.60,0.60
2008.02.07 18:02:45.279,1.61515,1.6154,1.60,0.60
2008.02.07 18:02:45.512,1.61515,1.6154,1.60,0.60
2008.02.07 18:02:45.750,1.61515,1.6155,1.60,0.60
2008.02.07 18:02:46.052,1.61515,1.6155,5.60,0.60
2008.02.07 18:02:46.234,1.61515,1.6155,5.60,0.60
2008.02.07 18:02:46.417,1.61515,1.6155,5.60,0.60
2008.02.07 18:02:46.599,1.61515,1.6155,5.60,0.60
2008.02.07 18:02:46.782,1.61515,1.6155,5.60,0.60
2008.02.07 18:02:47.054,1.61515,1.6155,5.60,0.60
2008.02.07 18:02:47.327,1.61515,1.6155,5.60,0.60
2008.02.07 18:02:47.601,1.61515,1.6155,5.60,0.60
2008.02.07 18:02:47.874,1.61515,1.6155,5.60,0.60
2008.02.07 18:02:48.051,1.61515,1.6155,5.60,0.60
2008.02.07 18:02:48.351,1.61515,1.6155,5.60,0.60
2008.02.07 18:02:48.529,1.61515,1.6155,5.60,0.60
2008.02.07 18:02:48.706,1.61515,1.6155,5.60,0.60
2008.02.07 18:02:48.889,1.61525,1.6155,0.05,0.60
2008.02.07 18:02:49.094,1.61525,1.6155,0.05,0.60
2008.02.07 18:02:49.301,1.61525,1.6155,5.60,0.60
2008.02.07 18:02:49.612,1.6153,1.6157,1.00,0.60
2008.02.07 18:02:49.949,1.6153,1.6157,5.00,0.70
2008.02.07 18:02:50.157,1.6153,1.6157,1.00,0.60
2008.02.07 18:02:50.425,1.6153,1.6157,1.00,0.60
2008.02.07 18:02:50.766,1.61525,1.6156,5.60,0.60
2008.02.07 18:02:51.156,1.61525,1.6156,5.60,0.60
2008.02.07 18:02:51.271,1.61525,1.6156,5.60,0.60
2008.02.07 18:02:51.567,1.61525,1.6156,1.60,0.60
2008.02.07 18:02:51.806,1.61525,1.6156,1.60,0.60
2008.02.07 18:02:52.044,1.61525,1.6156,1.60,0.60
2008.02.07 18:02:52.296,1.61525,1.6156,5.60,0.60
2008.02.07 18:02:52.548,1.61525,1.6156,5.60,0.60
2008.02.07 18:02:52.801,1.61525,1.6156,5.60,0.60
2008.02.07 18:02:53.069,1.61535,1.6158,0.05,0.70
2008.02.07 18:02:53.238,1.61535,1.6158,5.60,0.70
2008.02.07 18:02:53.443,1.61535,1.6158,5.60,0.70
2008.02.07 18:02:53.613,1.61535,1.6158,5.60,0.70
2008.02.07 18:02:53.782,1.61535,1.6158,5.60,0.70
2008.02.07 18:02:54.082,1.6156,1.6158,0.05,0.60
2008.02.07 18:02:54.249,1.6156,1.6158,0.05,0.60
2008.02.07 18:02:54.561,1.6157,1.616,0.05,0.60
2008.02.07 18:02:54.983,1.6157,1.616,0.05,0.60
2008.02.07 18:02:55.421,1.6157,1.616,0.05,0.60
2008.02.07 18:02:55.649,1.61565,1.61595,4.00,0.20
2008.02.07 18:02:55.878,1.61565,1.61595,4.00,0.20
2008.02.07 18:02:56.161,1.6156,1.6159,1.00,0.60
2008.02.07 18:02:56.403,1.6156,1.6159,1.00,0.60
2008.02.07 18:02:56.647,1.6156,1.6159,1.00,0.60
2008.02.07 18:02:56.926,1.6156,1.6159,1.00,0.60
2008.02.07 18:02:57.169,1.6156,1.6159,1.00,0.60
2008.02.07 18:02:57.426,1.6156,1.6159,1.00,0.60
2008.02.07 18:02:57.700,1.6156,1.6159,1.00,0.60
2008.02.07 18:02:57.957,1.6156,1.6159,1.00,0.60
2008.02.07 18:02:58.227,1.6156,1.6159,1.00,0.60
2008.02.07 18:02:58.444,1.6156,1.6159,1.00,0.60
2008.02.07 18:02:58.689,1.6156,1.6159,1.00,0.60
2008.02.07 18:02:58.906,1.6156,1.6159,1.00,0.60
2008.02.07 18:02:59.392,1.6156,1.6159,1.00,0.60
2008.02.07 18:02:59.610,1.6156,1.6159,1.00,0.60
2008.02.07 18:02:59.874,1.6156,1.6159,1.00,0.60
2008.02.07 18:03:00.048,1.6156,1.6159,1.00,0.60
2008.02.07 18:03:00.344,1.6156,1.6159,1.00,0.60
2008.02.07 18:03:00.517,1.6155,1.6157,4.00,0.60
2008.02.07 18:03:00.759,1.61545,1.6157,1.60,0.60
2008.02.07 18:03:01.002,1.61545,1.6157,1.60,0.60
2008.02.07 18:03:01.245,1.61545,1.6157,1.60,0.60
2008.02.07 18:03:01.488,1.61545,1.6157,1.60,0.60
2008.02.07 18:03:01.807,1.61545,1.6157,1.60,0.60
2008.02.07 18:03:02.055,1.61545,1.6157,1.60,0.60
2008.02.07 18:03:02.281,1.61545,1.6157,1.60,0.60
2008.02.07 18:03:02.639,1.61545,1.6157,1.60,0.60
2008.02.07 18:03:02.988,1.61545,1.6157,1.60,0.60
2008.02.07 18:03:03.185,1.61545,1.6157,1.60,0.60
2008.02.07 18:03:03.384,1.61545,1.6157,1.60,0.60
2008.02.07 18:03:03.685,1.61545,1.6157,1.60,0.60
2008.02.07 18:03:03.973,1.61545,1.6157,1.60,0.60
2008.02.07 18:03:04.262,1.61545,1.6156,1.60,0.60
2008.02.07 18:03:04.582,1.61545,1.6156,1.60,0.60
2008.02.07 18:03:04.993,1.61545,1.6156,1.60,0.60
2008.02.07 18:03:05.246,1.61545,1.6156,1.60,0.60
2008.02.07 18:03:05.498,1.61545,1.6156,1.60,0.60
2008.02.07 18:03:07.466,1.61545,1.6156,1.60,0.60
2008.02.07 18:03:09.471,1.61545,1.6156,1.60,0.60
2008.02.07 18:03:09.484,1.61545,1.6156,1.60,0.60
2008.02.07 18:03:09.638,1.61545,1.6156,1.60,0.60
2008.02.07 18:03:09.695,1.61545,1.6156,1.60,0.60
2008.02.07 18:03:09.868,1.61545,1.6156,1.60,0.60
2008.02.07 18:03:10.063,1.61545,1.6156,1.60,0.60
2008.02.07 18:03:10.120,1.61545,1.6156,1.60,0.60
2008.02.07 18:03:10.277,1.61545,1.6156,1.60,0.60
2008.02.07 18:03:10.333,1.61545,1.6156,1.60,0.60
2008.02.07 18:03:10.482,1.61545,1.6156,1.60,0.60
2008.02.07 18:03:10.937,1.61545,1.6156,1.60,0.60
2008.02.07 18:03:11.143,1.61545,1.6156,1.60,0.60
2008.02.07 18:03:11.476,1.61545,1.6156,1.60,0.60
2008.02.07 18:03:11.679,1.61545,1.6156,1.60,0.60
2008.02.07 18:03:11.902,1.61545,1.6156,1.60,0.60
2008.02.07 18:03:12.106,1.61545,1.6156,1.60,0.60
2008.02.07 18:03:12.307,1.61545,1.6156,1.60,0.60
2008.02.07 18:03:12.510,1.61545,1.6156,1.60,0.60
2008.02.07 18:03:12.829,1.61545,1.6156,1.60,0.60
2008.02.07 18:03:13.046,1.61545,1.6156,1.60,0.60
2008.02.07 18:03:13.276,1.61545,1.6156,1.60,0.60
2008.02.07 18:03:13.492,1.61545,1.6156,1.60,0.60
2008.02.07 18:03:13.707,1.61545,1.6156,1.60,0.60
2008.02.07 18:03:13.920,1.61545,1.6156,1.60,0.60
2008.02.07 18:03:14.134,1.61545,1.6156,1.60,0.60
2008.02.07 18:03:14.455,1.61545,1.6156,1.60,0.60
2008.02.07 18:03:14.668,1.61545,1.6156,1.60,0.60
2008.02.07 18:03:14.951,1.61545,1.6156,1.60,0.60
2008.02.07 18:03:15.234,1.61545,1.6156,1.60,0.60
2008.02.07 18:03:15.517,1.61545,1.6156,1.60,0.60
2008.02.07 18:03:15.788,1.61545,1.6156,1.60,0.60
2008.02.07 18:03:16.132,1.61545,1.6156,1.60,0.60
2008.02.07 18:03:16.222,1.61545,1.6156,1.60,0.60
2008.02.07 18:03:16.562,1.61545,1.6156,1.60,0.60
2008.02.07 18:03:16.785,1.61545,1.6156,1.60,0.60
2008.02.07 18:03:17.007,1.61545,1.6156,1.60,0.60
2008.02.07 18:03:17.232,1.61545,1.6156,1.60,0.60
2008.02.07 18:03:17.454,1.61545,1.6156,1.60,0.60
2008.02.07 18:03:17.790,1.61545,1.6156,1.60,0.60
2008.02.07 18:03:18.037,1.61545,1.6156,1.60,0.60
2008.02.07 18:03:18.285,1.61545,1.6156,1.60,0.60
2008.02.07 18:03:18.534,1.61545,1.6156,1.60,0.60
2008.02.07 18:03:18.782,1.61545,1.6156,1.60,0.60
2008.02.07 18:03:19.127,1.61545,1.6156,1.60,0.60
2008.02.07 18:03:19.218,1.61545,1.6156,1.60,0.60
2008.02.07 18:03:19.504,1.61545,1.6156,1.60,0.60
2008.02.07 18:03:19.721,1.61545,1.6156,1.60,0.60
2008.02.07 18:03:19.972,1.61545,1.6156,1.60,0.60
2008.02.07 18:03:20.225,1.61545,1.6156,1.60,0.60
2008.02.07 18:03:20.479,1.61545,1.6156,1.60,0.60
2008.02.07 18:03:20.732,1.61545,1.6156,1.60,0.60
2008.02.07 18:03:20.950,1.61545,1.6156,1.60,0.60
2008.02.07 18:03:21.168,1.61545,1.6156,1.60,0.60
2008.02.07 18:03:21.386,1.61545,1.6156,1.60,0.60
2008.02.07 18:03:21.603,1.61545,1.6156,1.60,0.60
2008.02.07 18:03:21.821,1.61545,1.6156,1.60,0.60
2008.02.07 18:03:22.035,1.61545,1.6156,1.60,0.60
2008.02.07 18:03:22.248,1.61545,1.6156,1.60,0.60
2008.02.07 18:03:22.560,1.61545,1.6156,1.60,0.60
2008.02.07 18:03:22.774,1.61545,1.6156,1.60,0.60
2008.02.07 18:03:22.986,1.61545,1.6156,1.60,0.60
2008.02.07 18:03:23.319,1.61545,1.6156,1.60,0.60
2008.02.07 18:03:23.709,1.61545,1.6156,1.60,0.60
2008.02.07 18:03:23.976,1.61545,1.6156,1.60,0.60
2008.02.07 18:03:24.248,1.61545,1.61555,1.60,0.20
2008.02.07 18:03:24.619,1.61545,1.61555,1.60,0.20
2008.02.07 18:03:24.866,1.61545,1.61555,1.60,0.20
2008.02.07 18:03:25.114,1.61545,1.61555,1.60,0.20
2008.02.07 18:03:25.333,1.61545,1.61555,1.60,0.20
2008.02.07 18:03:25.552,1.61545,1.6155,1.60,0.10
2008.02.07 18:03:25.838,1.61545,1.6155,1.60,0.10
2008.02.07 18:03:26.181,1.61545,1.6155,1.60,0.10
2008.02.07 18:03:26.469,1.61545,1.6155,1.60,0.10
2008.02.07 18:03:26.757,1.61545,1.6155,1.60,0.10
2008.02.07 18:03:27.124,1.61545,1.6155,1.60,0.10
2008.02.07 18:03:27.317,1.61545,1.6155,1.60,0.10
2008.02.07 18:03:27.582,1.61535,1.6154,1.60,0.60
2008.02.07 18:03:27.776,1.61535,1.6154,1.60,0.60
2008.02.07 18:03:28.092,1.61535,1.6154,1.60,0.60
2008.02.07 18:03:28.283,1.61535,1.6154,1.60,0.60
2008.02.07 18:03:28.619,1.61535,1.6154,1.60,0.60
2008.02.07 18:03:28.862,1.61535,1.6154,1.60,0.60
2008.02.07 18:03:29.104,1.61535,1.6154,1.60,0.60
2008.02.07 18:03:29.126,1.61535,1.6154,1.60,0.60
2008.02.07 18:03:29.347,1.61535,1.6154,1.60,0.60
2008.02.07 18:03:29.561,1.61535,1.6154,1.60,0.60
2008.02.07 18:03:29.774,1.61535,1.6154,1.60,0.60
2008.02.07 18:03:29.998,1.61535,1.6154,1.60,0.60
2008.02.07 18:03:30.213,1.61535,1.6154,1.60,0.60
2008.02.07 18:03:30.509,1.61535,1.6154,1.60,0.60
2008.02.07 18:03:30.710,1.61535,1.6154,1.60,0.60
2008.02.07 18:03:31.036,1.61535,1.6154,1.60,0.60
2008.02.07 18:03:31.236,1.61535,1.6154,1.60,0.60
2008.02.07 18:03:31.557,1.61535,1.6154,1.60,0.60
2008.02.07 18:03:31.622,1.61535,1.6154,1.60,0.60
2008.02.07 18:03:31.941,1.61535,1.6154,1.60,0.70
2008.02.07 18:03:32.008,1.61535,1.6154,1.60,0.70
2008.02.07 18:03:32.290,1.61535,1.6154,1.60,0.70
2008.02.07 18:03:32.542,1.61535,1.6154,1.60,0.60
2008.02.07 18:03:32.798,1.61535,1.6154,1.60,0.10
2008.02.07 18:03:33.118,1.61535,1.6154,1.60,0.10
2008.02.07 18:03:33.491,1.61535,1.6154,1.60,0.10
2008.02.07 18:03:33.735,1.61535,1.6154,1.60,0.10
2008.02.07 18:03:33.978,1.61535,1.6154,1.60,0.10
2008.02.07 18:03:34.221,1.61535,1.6154,1.60,0.10
2008.02.07 18:03:34.465,1.61535,1.6154,1.60,0.10
2008.02.07 18:03:34.737,1.61535,1.6154,1.60,0.10
2008.02.07 18:03:34.959,1.61535,1.6154,1.60,0.10
2008.02.07 18:03:35.183,1.61535,1.6154,1.60,0.10
2008.02.07 18:03:35.533,1.6149,1.6151,0.80,0.60
2008.02.07 18:03:35.791,1.6149,1.6151,0.80,0.60
2008.02.07 18:03:36.049,1.6148,1.6151,1.80,0.60
2008.02.07 18:03:36.354,1.6148,1.6151,1.80,0.60
2008.02.07 18:03:36.612,1.6148,1.6151,1.80,0.60
2008.02.07 18:03:36.845,1.6148,1.6151,1.80,0.60
2008.02.07 18:03:37.120,1.6149,1.6152,1.00,0.60
2008.02.07 18:03:37.352,1.6149,1.6152,1.80,0.60
2008.02.07 18:03:37.584,1.6149,1.6152,1.80,0.60
2008.02.07 18:03:37.875,1.6149,1.6152,1.80,0.60
2008.02.07 18:03:38.117,1.6149,1.6152,1.80,0.60
2008.02.07 18:03:38.360,1.6149,1.6152,1.80,0.60
2008.02.07 18:03:38.604,1.6149,1.6152,1.80,0.60
2008.02.07 18:03:38.847,1.6149,1.6152,1.80,0.60
2008.02.07 18:03:39.207,1.6149,1.6152,1.80,0.60
2008.02.07 18:03:39.448,1.6149,1.6152,1.80,0.60
2008.02.07 18:03:39.691,1.6149,1.6152,1.80,0.60
2008.02.07 18:03:39.935,1.6149,1.6152,1.80,0.60
2008.02.07 18:03:40.178,1.6149,1.6152,1.80,0.60
2008.02.07 18:03:40.534,1.6149,1.6152,1.80,0.60
2008.02.07 18:03:40.778,1.6149,1.6152,1.80,0.60
2008.02.07 18:03:41.022,1.6149,1.6152,1.80,0.60
2008.02.07 18:03:41.265,1.6149,1.6152,1.80,0.60
2008.02.07 18:03:41.510,1.6149,1.6152,1.80,0.60
2008.02.07 18:03:41.832,1.6149,1.6152,1.80,0.60
2008.02.07 18:03:42.036,1.61495,1.6153,0.80,0.60
2008.02.07 18:03:42.243,1.61495,1.6153,1.60,0.60
2008.02.07 18:03:42.543,1.61495,1.6153,1.60,0.60
2008.02.07 18:03:42.750,1.61495,1.6153,1.60,0.60
2008.02.07 18:03:42.958,1.61495,1.6153,1.60,0.60
2008.02.07 18:03:43.226,1.61495,1.6153,1.60,0.60
2008.02.07 18:03:43.493,1.61495,1.6153,1.60,0.60
2008.02.07 18:03:43.761,1.61495,1.6153,1.60,0.60
2008.02.07 18:03:44.022,1.61495,1.6153,1.60,0.60
2008.02.07 18:03:44.224,1.61495,1.6153,1.60,0.60
2008.02.07 18:03:44.427,1.61495,1.6153,1.60,0.60
2008.02.07 18:03:44.629,1.61495,1.6153,1.60,0.60
2008.02.07 18:03:44.833,1.61495,1.6153,8.00,0.60
2008.02.07 18:03:45.077,1.615,1.6153,0.80,0.60
2008.02.07 18:03:45.319,1.615,1.6153,1.80,0.60
2008.02.07 18:03:45.635,1.615,1.6153,1.80,0.60
2008.02.07 18:03:45.877,1.615,1.6153,1.80,0.60
2008.02.07 18:03:46.111,1.615,1.6153,1.80,0.60
2008.02.07 18:03:46.343,1.615,1.6153,1.80,0.60
2008.02.07 18:03:46.577,1.615,1.6153,1.80,0.60
2008.02.07 18:03:46.922,1.615,1.6153,1.00,0.60
2008.02.07 18:03:47.277,1.615,1.6153,1.00,0.60
2008.02.07 18:03:47.498,1.615,1.6153,1.00,0.60
2008.02.07 18:03:47.721,1.615,1.6153,1.00,0.60
2008.02.07 18:03:48.069,1.615,1.6153,1.00,0.60
2008.02.07 18:03:48.223,1.615,1.61535,1.00,0.20
2008.02.07 18:03:48.501,1.615,1.61535,1.00,0.20
2008.02.07 18:03:48.900,1.61495,1.6153,0.05,0.60
2008.02.07 18:03:49.177,1.61495,1.6153,0.05,0.60
2008.02.07 18:03:49.408,1.61495,1.6153,0.80,0.60
2008.02.07 18:03:49.698,1.615,1.6153,0.80,0.60
2008.02.07 18:03:49.925,1.615,1.6153,0.80,0.60
2008.02.07 18:03:50.153,1.615,1.6153,0.80,0.60
2008.02.07 18:03:50.402,1.615,1.6153,0.80,0.60
2008.02.07 18:03:52.031,1.615,1.6152,1.80,0.60
2008.02.07 18:03:52.220,1.615,1.6152,1.80,0.60
2008.02.07 18:03:52.275,1.615,1.6152,1.80,0.60
2008.02.07 18:03:52.448,1.615,1.6152,1.80,0.60
2008.02.07 18:03:52.500,1.615,1.6152,1.80,0.60
2008.02.07 18:03:52.681,1.615,1.6152,1.80,0.60
2008.02.07 18:03:52.702,1.615,1.6152,1.80,0.60
2008.02.07 18:03:52.879,1.615,1.6152,1.80,0.60
2008.02.07 18:03:52.900,1.615,1.6152,1.80,0.60
2008.02.07 18:03:53.074,1.615,1.6152,1.80,0.60
2008.02.07 18:03:53.093,1.615,1.6152,1.80,0.60
2008.02.07 18:03:53.555,1.615,1.6152,1.80,0.60
2008.02.07 18:03:53.886,1.615,1.6152,1.80,0.60
2008.02.07 18:03:54.220,1.615,1.6152,1.80,0.60
2008.02.07 18:03:54.527,1.615,1.6152,1.80,0.60
2008.02.07 18:03:54.710,1.615,1.6152,1.80,0.60
2008.02.07 18:03:55.014,1.61505,1.6152,0.80,0.60
2008.02.07 18:03:55.197,1.6151,1.6154,1.00,0.60
2008.02.07 18:03:55.435,1.6151,1.6154,1.00,0.60
2008.02.07 18:03:55.673,1.6152,1.6156,0.05,0.20
2008.02.07 18:03:55.911,1.61525,1.6156,0.80,0.20
2008.02.07 18:03:56.195,1.61525,1.6156,1.60,0.20
2008.02.07 18:03:56.422,1.61525,1.6156,1.60,0.20
2008.02.07 18:03:56.651,1.61525,1.6157,1.60,0.20
2008.02.07 18:03:56.931,1.61525,1.6157,1.60,0.20
2008.02.07 18:03:57.158,1.61525,1.6157,1.60,0.20
2008.02.07 18:03:57.384,1.61525,1.6157,1.60,0.20
2008.02.07 18:03:57.782,1.61525,1.6157,5.60,0.20
2008.02.07 18:03:57.930,1.61525,1.6157,5.60,0.20
2008.02.07 18:03:58.253,1.61525,1.61555,4.80,0.20
2008.02.07 18:03:58.526,1.61515,1.61555,1.60,0.20
2008.02.07 18:03:58.750,1.61515,1.6153,1.60,0.20
2008.02.07 18:03:59.084,1.61495,1.61525,4.80,0.20
2008.02.07 18:03:59.166,1.61495,1.6153,0.80,0.70
2008.02.07 18:03:59.448,1.61495,1.61525,0.80,0.20
2008.02.07 18:03:59.824,1.6149,1.6152,0.80,0.20
2008.02.07 18:04:00.208,1.6149,1.6152,0.80,0.20
2008.02.07 18:04:00.457,1.6149,1.6152,0.80,0.20
2008.02.07 18:04:00.710,1.6149,1.6152,0.80,0.20
2008.02.07 18:04:00.982,1.6149,1.6152,0.80,0.20
2008.02.07 18:04:01.353,1.6149,1.61525,0.80,0.20
2008.02.07 18:04:01.601,1.6149,1.61515,0.80,0.20
2008.02.07 18:04:01.835,1.6148,1.6152,1.80,0.20
2008.02.07 18:04:02.183,1.61485,1.6153,0.05,0.70
2008.02.07 18:04:02.414,1.61485,1.6153,4.80,0.70
2008.02.07 18:04:02.648,1.61485,1.61525,4.80,0.20
2008.02.07 18:04:02.942,1.61485,1.61525,4.80,0.20
2008.02.07 18:04:03.294,1.6149,1.61515,1.00,0.20
2008.02.07 18:04:03.522,1.6149,1.61525,1.00,0.20
2008.02.07 18:04:03.750,1.6149,1.61525,1.00,0.20
2008.02.07 18:04:04.057,1.6149,1.61525,1.00,0.20
2008.02.07 18:04:04.439,1.6149,1.61525,1.00,0.20
2008.02.07 18:04:04.697,1.6149,1.6153,1.00,0.70
2008.02.07 18:04:04.960,1.6149,1.6153,1.00,0.70
2008.02.07 18:04:05.244,1.615,1.6153,1.00,0.70
2008.02.07 18:04:05.639,1.6149,1.6151,0.80,0.60
2008.02.07 18:04:06.024,1.6148,1.6151,5.80,0.60
2008.02.07 18:04:06.267,1.6148,1.6151,5.00,0.70
2008.02.07 18:04:06.511,1.6148,1.615,5.00,0.60
2008.02.07 18:04:06.801,1.6148,1.6151,1.00,0.20
2008.02.07 18:04:07.145,1.6148,1.61515,1.00,0.20
2008.02.07 18:04:07.237,1.6148,1.61515,1.00,0.20
2008.02.07 18:04:07.577,1.6148,1.61515,1.00,0.20
2008.02.07 18:04:07.796,1.6147,1.61505,4.00,0.20
2008.02.07 18:04:08.014,1.61465,1.615,4.00,0.70
2008.02.07 18:04:08.381,1.61465,1.61495,4.00,0.20
2008.02.07 18:04:08.637,1.6146,1.61495,5.00,0.20
2008.02.07 18:04:08.895,1.6146,1.61495,1.00,0.20
2008.02.07 18:04:09.276,1.6146,1.61495,1.00,0.20
2008.02.07 18:04:09.512,1.6146,1.615,1.00,0.60
2008.02.07 18:04:09.751,1.6146,1.615,5.80,0.60
2008.02.07 18:04:10.110,1.6146,1.615,5.80,0.60
2008.02.07 18:04:10.227,1.6146,1.615,5.80,0.60
2008.02.07 18:04:10.510,1.6146,1.615,5.00,0.60
2008.02.07 18:04:10.876,1.6146,1.615,5.00,0.70
2008.02.07 18:04:11.242,1.6146,1.615,1.00,0.60
2008.02.07 18:04:11.383,1.6146,1.6147,1.80,0.20
2008.02.07 18:04:11.654,1.6146,1.6147,0.80,0.70
2008.02.07 18:04:12.047,1.61455,1.6147,4.00,0.70
2008.02.07 18:04:12.371,1.61435,1.6146,4.00,0.60
2008.02.07 18:04:12.570,1.61425,1.61465,4.00,0.20
2008.02.07 18:04:12.771,1.6142,1.61465,5.00,0.20
2008.02.07 18:04:13.048,1.6144,1.61485,0.05,0.20
2008.02.07 18:04:13.371,1.61445,1.61485,0.05,0.50
2008.02.07 18:04:13.780,1.6143,1.6147,0.80,0.20
2008.02.07 18:04:14.193,1.61435,1.6148,0.05,0.20
2008.02.07 18:04:14.281,1.61435,1.6148,0.05,0.20
2008.02.07 18:04:14.561,1.6145,1.61485,1.00,0.20
2008.02.07 18:04:14.907,1.61445,1.6148,4.00,0.20
2008.02.07 18:04:15.250,1.61445,1.61485,4.00,0.20
2008.02.07 18:04:15.517,1.6144,1.61485,1.00,0.20
2008.02.07 18:04:15.786,1.6146,1.61505,0.05,0.50
2008.02.07 18:04:16.059,1.61455,1.615,2.40,0.70
2008.02.07 18:04:16.452,1.6146,1.615,0.05,0.60
2008.02.07 18:04:16.821,1.61505,1.6151,0.90,0.70
2008.02.07 18:04:17.191,1.61505,1.6151,0.90,0.70
2008.02.07 18:04:17.520,1.61505,1.6151,0.90,0.70
2008.02.07 18:04:17.822,1.61505,1.6151,0.90,0.70
2008.02.07 18:04:17.875,1.61505,1.6151,0.90,0.70
2008.02.07 18:04:18.155,1.61505,1.61525,0.90,2.50
2008.02.07 18:04:18.334,1.61505,1.61525,0.90,0.20
2008.02.07 18:04:18.667,1.61505,1.61525,0.90,0.20
2008.02.07 18:04:19.001,1.61505,1.61515,0.90,0.20
2008.02.07 18:04:19.414,1.61505,1.61515,0.90,0.20
2008.02.07 18:04:19.738,1.61505,1.61515,0.90,0.20
2008.02.07 18:04:20.056,1.61505,1.6151,0.90,0.70
2008.02.07 18:04:20.249,1.61505,1.6151,0.90,0.60
2008.02.07 18:04:20.441,1.61505,1.6152,0.90,0.70
2008.02.07 18:04:20.807,1.61505,1.6152,0.90,0.60
2008.02.07 18:04:21.085,1.61505,1.6152,0.90,0.60
2008.02.07 18:04:21.364,1.61505,1.6152,0.90,0.60
2008.02.07 18:04:21.643,1.61505,1.6152,0.90,0.60
2008.02.07 18:04:21.872,1.61505,1.6152,0.90,0.60
2008.02.07 18:04:22.099,1.61505,1.6152,0.90,0.60
2008.02.07 18:04:22.400,1.61505,1.6152,0.90,0.60
2008.02.07 18:04:22.751,1.61505,1.61535,0.90,0.20
2008.02.07 18:04:23.153,1.61505,1.61535,0.90,0.20
2008.02.07 18:04:23.554,1.61505,1.6153,0.90,0.20
2008.02.07 18:04:23.709,1.61505,1.6153,0.90,0.20
2008.02.07 18:04:23.923,1.61505,1.6153,0.90,0.20
2008.02.07 18:04:24.136,1.61505,1.6153,0.90,0.20
2008.02.07 18:04:24.352,1.61505,1.6153,0.90,0.20
2008.02.07 18:04:24.630,1.61505,1.6153,0.90,0.20
2008.02.07 18:04:24.920,1.61505,1.6153,0.90,0.20
2008.02.07 18:04:25.206,1.61505,1.6153,0.90,0.20
2008.02.07 18:04:25.549,1.61505,1.6153,0.90,0.20
2008.02.07 18:04:25.963,1.61505,1.61525,0.90,0.20
2008.02.07 18:04:26.066,1.61505,1.61525,0.90,0.20
2008.02.07 18:04:26.340,1.61505,1.6152,0.90,0.20
2008.02.07 18:04:26.692,1.61505,1.6152,0.90,0.20
2008.02.07 18:04:27.078,1.61505,1.6153,0.90,0.20
2008.02.07 18:04:27.209,1.61505,1.61525,0.90,0.20
2008.02.07 18:04:27.492,1.61505,1.61525,0.90,0.20
2008.02.07 18:04:27.750,1.61505,1.6153,0.90,0.20
2008.02.07 18:04:28.002,1.61505,1.6153,0.90,0.20
2008.02.07 18:04:28.236,1.61505,1.61525,0.90,0.20
2008.02.07 18:04:28.469,1.61505,1.61525,0.90,0.20
2008.02.07 18:04:28.751,1.61505,1.61515,0.90,0.20
2008.02.07 18:04:28.989,1.61505,1.61515,0.90,0.20
2008.02.07 18:04:29.227,1.61505,1.61515,0.90,0.20
2008.02.07 18:04:29.511,1.61505,1.61515,0.90,0.20
2008.02.07 18:04:29.750,1.61505,1.6151,0.90,0.20
2008.02.07 18:04:29.990,1.61505,1.6151,0.90,0.20
2008.02.07 18:04:30.136,1.61505,1.6151,0.90,0.20
2008.02.07 18:04:30.259,1.61505,1.6151,0.90,0.20
2008.02.07 18:04:30.528,1.61505,1.61515,0.90,0.20
2008.02.07 18:04:30.810,1.61505,1.61515,0.90,0.20
2008.02.07 18:04:31.148,1.6147,1.61505,1.00,0.20
2008.02.07 18:04:31.227,1.6147,1.61505,1.80,0.20
2008.02.07 18:04:31.505,1.61505,1.6151,0.90,0.20
2008.02.07 18:04:31.711,1.61505,1.6151,0.90,0.20
2008.02.07 18:04:31.919,1.61505,1.6151,0.90,0.20
2008.02.07 18:04:32.297,1.61505,1.61515,0.90,0.20
2008.02.07 18:04:32.578,1.61505,1.6152,0.90,0.60
2008.02.07 18:04:32.861,1.61505,1.6152,0.90,0.60
2008.02.07 18:04:33.141,1.61505,1.6152,0.90,0.60
2008.02.07 18:04:33.361,1.61505,1.6152,0.90,0.60
2008.02.07 18:04:33.583,1.61505,1.6152,0.90,0.60
2008.02.07 18:04:33.807,1.61505,1.6152,0.90,0.60
2008.02.07 18:04:34.029,1.61505,1.6152,0.90,0.60
2008.02.07 18:04:34.267,1.61505,1.61545,0.80,0.20
2008.02.07 18:04:34.506,1.61505,1.61545,0.80,0.20
2008.02.07 18:04:34.810,1.61505,1.6154,0.90,0.20
2008.02.07 18:04:35.049,1.61505,1.61515,0.90,0.20
2008.02.07 18:04:35.284,1.61505,1.61525,2.70,0.20
2008.02.07 18:04:35.603,1.6151,1.61555,0.05,6.50
2008.02.07 18:04:35.961,1.6151,1.61545,0.05,4.00
2008.02.07 18:04:36.068,1.6151,1.61555,0.05,4.10
2008.02.07 18:04:36.346,1.6151,1.61555,0.05,4.10
2008.02.07 18:04:36.599,1.6151,1.61555,0.05,0.20
2008.02.07 18:04:36.851,1.6151,1.61555,0.05,0.20
2008.02.07 18:04:37.207,1.6151,1.61555,0.05,0.20
2008.02.07 18:04:37.434,1.6151,1.61555,0.05,0.20
2008.02.07 18:04:37.663,1.61515,1.6156,0.05,0.20
2008.02.07 18:04:37.968,1.61515,1.6156,0.05,0.20
2008.02.07 18:04:38.324,1.61515,1.6156,0.05,0.20
2008.02.07 18:04:38.467,1.61515,1.6156,0.05,0.20
2008.02.07 18:04:38.736,1.61515,1.6156,0.05,0.20
2008.02.07 18:04:39.002,1.61515,1.6156,0.05,0.20
2008.02.07 18:04:39.271,1.61515,1.6156,0.05,0.20
2008.02.07 18:04:39.630,1.61515,1.6156,0.05,0.20
2008.02.07 18:04:39.867,1.61515,1.6156,0.05,0.20
2008.02.07 18:04:40.105,1.6151,1.61555,2.40,0.20
2008.02.07 18:04:40.444,1.6151,1.61555,1.20,0.20
2008.02.07 18:04:40.692,1.6151,1.61555,1.90,0.20
2008.02.07 18:04:40.940,1.6151,1.61555,1.20,0.20
2008.02.07 18:04:41.188,1.6151,1.61555,1.40,0.20
2008.02.07 18:04:41.437,1.6151,1.61555,0.05,0.20
2008.02.07 18:04:41.685,1.6151,1.61555,0.05,0.20
2008.02.07 18:04:41.888,1.6151,1.61555,0.05,0.20
2008.02.07 18:04:42.090,1.6151,1.61555,0.05,0.20
2008.02.07 18:04:42.293,1.6151,1.61555,0.05,0.20
2008.02.07 18:04:42.497,1.6151,1.61555,0.05,0.20
2008.02.07 18:04:42.889,1.6151,1.61555,0.05,0.20
2008.02.07 18:04:43.161,1.6151,1.61555,0.05,0.20
2008.02.07 18:04:43.434,1.6151,1.61555,0.05,0.20
2008.02.07 18:04:43.652,1.6151,1.61555,0.05,0.20
2008.02.07 18:04:43.870,1.6151,1.61555,0.05,0.20
2008.02.07 18:04:44.168,1.6151,1.61555,0.05,0.20
2008.02.07 18:04:44.387,1.6151,1.61555,0.05,0.20
2008.02.07 18:04:44.605,1.6151,1.61555,0.05,0.20
2008.02.07 18:04:44.853,1.6151,1.61555,0.05,0.20
2008.02.07 18:04:45.101,1.6151,1.61555,0.05,0.20
2008.02.07 18:04:45.474,1.6151,1.61555,0.05,0.20
2008.02.07 18:04:45.598,1.6151,1.61555,0.05,0.20
2008.02.07 18:04:45.917,1.6151,1.61555,0.05,0.20
2008.02.07 18:04:46.129,1.61505,1.6154,1.70,0.20
2008.02.07 18:04:46.344,1.61505,1.6154,1.20,0.20
2008.02.07 18:04:46.681,1.61505,1.6154,0.90,0.70
2008.02.07 18:04:46.954,1.61505,1.6154,0.90,0.70
2008.02.07 18:04:47.227,1.61505,1.6154,0.90,0.70
2008.02.07 18:04:47.500,1.61505,1.6154,0.90,0.70
2008.02.07 18:04:47.689,1.61505,1.6154,0.90,0.70
2008.02.07 18:04:47.876,1.61505,1.6154,0.90,0.70
2008.02.07 18:04:48.064,1.61505,1.6154,0.90,0.70
2008.02.07 18:04:48.251,1.61505,1.6154,0.90,0.70
2008.02.07 18:04:48.440,1.61505,1.6154,0.90,0.70
2008.02.07 18:04:48.747,1.61505,1.6154,0.90,0.20
2008.02.07 18:04:49.148,1.61505,1.6154,0.90,0.20
2008.02.07 18:04:49.426,1.61505,1.61535,0.90,0.20
2008.02.07 18:04:49.704,1.61505,1.61535,0.90,0.20
2008.02.07 18:04:49.981,1.61505,1.6154,0.90,0.20
2008.02.07 18:04:50.219,1.61505,1.6155,0.60,0.70
2008.02.07 18:04:50.457,1.61505,1.6155,0.70,0.70
2008.02.07 18:04:50.743,1.6151,1.6155,0.80,0.70
2008.02.07 18:04:50.992,1.6151,1.6155,0.70,0.70
2008.02.07 18:04:51.241,1.6151,1.6155,0.60,0.70
2008.02.07 18:04:51.603,1.6151,1.6155,0.80,0.70
2008.02.07 18:04:51.836,1.6151,1.61545,0.50,0.20
2008.02.07 18:04:52.070,1.6151,1.61545,0.50,0.20
2008.02.07 18:04:52.355,1.6151,1.61545,0.50,0.20
2008.02.07 18:04:52.587,1.6151,1.61545,0.90,0.20
2008.02.07 18:04:52.820,1.6151,1.61545,0.50,0.20
2008.02.07 18:04:53.145,1.6151,1.61545,0.70,0.20
2008.02.07 18:04:53.545,1.6151,1.61545,0.70,0.20
2008.02.07 18:04:53.945,1.6151,1.61545,0.80,0.20
2008.02.07 18:04:54.182,1.61505,1.6154,0.90,0.60
2008.02.07 18:04:54.421,1.6151,1.61545,0.90,0.20
2008.02.07 18:04:54.709,1.6151,1.6155,0.70,0.70
2008.02.07 18:04:55.071,1.6151,1.61545,0.70,0.20
2008.02.07 18:04:55.320,1.6151,1.61545,0.90,0.20
2008.02.07 18:04:55.570,1.6151,1.61545,0.50,0.20
2008.02.07 18:04:55.854,1.6151,1.6155,0.50,0.70
2008.02.07 18:04:56.224,1.6151,1.6154,0.50,0.20
2008.02.07 18:04:56.363,1.6151,1.6154,0.70,0.20
2008.02.07 18:04:56.634,1.61505,1.6154,0.90,0.20
2008.02.07 18:04:57.026,1.61505,1.6154,0.90,0.20
2008.02.07 18:04:57.234,1.61505,1.61535,0.90,0.20
2008.02.07 18:04:57.442,1.61505,1.61535,0.90,0.20
2008.02.07 18:04:57.745,1.61505,1.6154,0.90,0.20
2008.02.07 18:04:57.952,1.61505,1.6154,0.90,0.20
2008.02.07 18:04:58.160,1.61505,1.6154,0.90,0.20
2008.02.07 18:04:58.432,1.61505,1.6154,0.90,0.20
2008.02.07 18:04:58.704,1.61505,1.6154,0.90,0.20
2008.02.07 18:04:59.091,1.61505,1.6154,0.90,0.20
2008.02.07 18:04:59.362,1.61505,1.6154,0.90,0.20
2008.02.07 18:04:59.621,1.61505,1.6154,0.90,0.20
2008.02.07 18:04:59.853,1.61505,1.6154,0.90,0.20
2008.02.07 18:04:59.878,1.61505,1.6154,0.90,0.20
2008.02.07 18:05:00.137,1.61505,1.6154,0.90,0.20
2008.02.07 18:05:00.447,1.61505,1.6154,0.90,0.20
2008.02.07 18:05:00.629,1.61505,1.6154,0.90,0.20
2008.02.07 18:05:00.813,1.61505,1.6154,0.90,0.20
2008.02.07 18:05:00.996,1.61505,1.6154,0.90,0.20
2008.02.07 18:05:01.218,1.61505,1.6154,0.90,0.20
2008.02.07 18:05:01.400,1.61505,1.61535,0.90,0.20
2008.02.07 18:05:01.708,1.61505,1.61545,0.90,0.20
2008.02.07 18:05:02.017,1.61505,1.6155,1.00,0.20
2008.02.07 18:05:02.324,1.61505,1.6155,1.00,0.20
2008.02.07 18:05:02.633,1.61505,1.61545,0.90,0.20
2008.02.07 18:05:02.873,1.61505,1.6154,0.90,0.20
2008.02.07 18:05:03.219,1.61505,1.6154,0.90,0.20
2008.02.07 18:05:03.436,1.61505,1.61545,1.00,0.20
2008.02.07 18:05:03.696,1.6151,1.61545,1.00,0.20
2008.02.07 18:05:04.043,1.61505,1.61545,1.00,0.20
2008.02.07 18:05:04.299,1.61505,1.61545,1.00,0.20
2008.02.07 18:05:04.558,1.61505,1.61545,1.00,0.20
2008.02.07 18:05:04.761,1.6151,1.6155,0.05,0.60
2008.02.07 18:05:04.989,1.61515,1.6155,0.05,0.60
2008.02.07 18:05:05.191,1.61515,1.6155,0.05,0.60
2008.02.07 18:05:05.488,1.61515,1.6155,0.05,0.60
2008.02.07 18:05:05.691,1.61515,1.6155,0.05,0.60
2008.02.07 18:05:06.022,1.61515,1.6155,0.05,0.60
2008.02.07 18:05:06.239,1.61525,1.6155,0.05,0.60
2008.02.07 18:05:07.802,1.6153,1.61565,1.00,0.50
2008.02.07 18:05:08.001,1.6155,1.61595,1.80,0.20
2008.02.07 18:05:08.080,1.61555,1.616,4.00,0.70
2008.02.07 18:05:08.247,1.6156,1.6158,1.00,0.20
2008.02.07 18:05:08.443,1.6156,1.6158,1.00,0.20
2008.02.07 18:05:08.645,1.61545,1.6158,0.05,0.60
2008.02.07 18:05:08.723,1.6154,1.6158,4.00,0.70
2008.02.07 18:05:08.877,1.6154,1.6158,4.00,0.70
2008.02.07 18:05:09.337,1.61535,1.6157,1.60,0.70
2008.02.07 18:05:09.789,1.6153,1.6157,1.00,0.70
2008.02.07 18:05:10.244,1.6153,1.6157,1.00,0.70
2008.02.07 18:05:10.472,1.6153,1.6157,1.00,0.70
2008.02.07 18:05:10.700,1.6153,1.61565,1.00,0.20
2008.02.07 18:05:10.981,1.61515,1.6156,1.00,0.70
2008.02.07 18:05:11.304,1.61515,1.6153,0.90,0.20
2008.02.07 18:05:11.503,1.61515,1.6153,0.90,0.20
2008.02.07 18:05:11.702,1.61515,1.6154,1.00,0.60
2008.02.07 18:05:11.993,1.61525,1.6154,0.05,0.60
2008.02.07 18:05:12.394,1.61515,1.6155,0.90,0.20
2008.02.07 18:05:12.672,1.61515,1.6155,0.90,0.20
2008.02.07 18:05:12.952,1.61515,1.6154,0.90,0.20
2008.02.07 18:05:13.234,1.61515,1.6155,0.90,0.70
2008.02.07 18:05:13.583,1.61515,1.6155,0.90,0.70
2008.02.07 18:05:13.933,1.61515,1.61545,0.90,0.20
2008.02.07 18:05:14.277,1.61515,1.61545,0.90,0.20
2008.02.07 18:05:14.545,1.61515,1.6154,0.90,0.60
2008.02.07 18:05:14.813,1.6152,1.6154,0.05,0.60
2008.02.07 18:05:15.111,1.6152,1.6154,0.05,0.60
2008.02.07 18:05:15.313,1.6153,1.6156,1.00,0.60
2008.02.07 18:05:15.515,1.6153,1.6156,1.00,0.60
2008.02.07 18:05:15.718,1.6153,1.6156,1.00,0.60
2008.02.07 18:05:15.921,1.6153,1.6156,1.00,0.60
2008.02.07 18:05:16.236,1.6153,1.6156,1.00,0.70
2008.02.07 18:05:16.504,1.6152,1.6155,1.00,0.60
2008.02.07 18:05:16.771,1.6152,1.6155,1.00,0.60
2008.02.07 18:05:17.066,1.6152,1.6155,1.00,0.60
2008.02.07 18:05:17.334,1.6152,1.6155,1.00,0.60
2008.02.07 18:05:17.571,1.6152,1.6154,1.00,0.60
2008.02.07 18:05:17.810,1.6152,1.6156,1.00,0.70
2008.02.07 18:05:18.048,1.6152,1.6156,1.00,0.70
2008.02.07 18:05:18.340,1.6152,1.6156,1.00,0.70
2008.02.07 18:05:18.558,1.6152,1.6156,1.00,0.70
2008.02.07 18:05:18.785,1.6152,1.6156,1.00,0.70
2008.02.07 18:05:19.002,1.6152,1.6156,1.00,0.70
2008.02.07 18:05:19.220,1.61515,1.61555,0.90,0.20
2008.02.07 18:05:19.438,1.61515,1.61555,0.90,0.20
2008.02.07 18:05:19.707,1.61515,1.61555,0.90,0.20
2008.02.07 18:05:20.005,1.6152,1.61565,0.05,0.60
2008.02.07 18:05:20.401,1.6152,1.61565,0.05,0.20
2008.02.07 18:05:20.406,1.6152,1.61565,0.05,0.20
2008.02.07 18:05:20.543,1.6152,1.61565,0.05,0.20
2008.02.07 18:05:20.772,1.6152,1.61565,0.05,0.20
2008.02.07 18:05:20.994,1.6152,1.61565,0.05,0.20
2008.02.07 18:05:21.223,1.6154,1.6157,0.05,0.60
2008.02.07 18:05:21.523,1.6153,1.6157,0.05,0.60
2008.02.07 18:05:21.796,1.6153,1.6157,0.80,0.60
2008.02.07 18:05:22.071,1.6154,1.6157,0.60,0.70
2008.02.07 18:05:22.351,1.6154,1.6157,0.50,0.70
2008.02.07 18:05:22.753,1.6154,1.6156,0.60,0.60
2008.02.07 18:05:23.005,1.6154,1.6156,0.50,0.60
2008.02.07 18:05:23.260,1.61525,1.6155,0.90,0.60
2008.02.07 18:05:23.539,1.6153,1.6155,0.60,0.60
2008.02.07 18:05:23.882,1.6153,1.6155,0.60,0.60
2008.02.07 18:05:23.974,1.6153,1.6155,0.50,0.60
2008.02.07 18:05:24.319,1.6153,1.6155,0.60,0.60
2008.02.07 18:05:24.536,1.6153,1.6155,0.50,0.60
2008.02.07 18:05:24.884,1.6153,1.6155,0.50,0.60
2008.02.07 18:05:25.122,1.6153,1.6156,0.60,0.60
2008.02.07 18:05:25.360,1.6153,1.6156,0.60,0.60
2008.02.07 18:05:25.684,1.6153,1.6156,0.50,0.60
2008.02.07 18:05:25.927,1.6153,1.6156,0.60,0.60
2008.02.07 18:05:26.171,1.6153,1.6156,0.50,0.60
2008.02.07 18:05:26.416,1.6153,1.6156,0.60,0.60
2008.02.07 18:05:26.662,1.6153,1.6156,0.50,0.60
2008.02.07 18:05:26.858,1.6153,1.6156,0.60,0.60
2008.02.07 18:05:27.085,1.6153,1.6156,0.50,0.60
2008.02.07 18:05:27.286,1.6154,1.6156,0.50,0.60
2008.02.07 18:05:27.482,1.6154,1.6156,0.60,0.60
2008.02.07 18:05:27.773,1.6154,1.6156,0.50,0.60
2008.02.07 18:05:28.178,1.6155,1.6157,0.60,0.60
2008.02.07 18:05:28.584,1.61525,1.61565,0.50,0.20
2008.02.07 18:05:28.735,1.61525,1.61565,0.50,0.20
2008.02.07 18:05:29.016,1.61525,1.61565,0.90,0.20
2008.02.07 18:05:29.254,1.61525,1.61565,0.90,0.20
2008.02.07 18:05:29.492,1.61525,1.61565,0.90,0.20
2008.02.07 18:05:29.856,1.61525,1.61565,0.90,0.20
2008.02.07 18:05:30.068,1.61525,1.61565,0.90,0.20
2008.02.07 18:05:30.280,1.61525,1.6156,0.90,0.70
2008.02.07 18:05:30.493,1.61525,1.61555,0.90,0.20
2008.02.07 18:05:30.706,1.61525,1.61545,0.90,0.20
2008.02.07 18:05:31.037,1.61525,1.61545,0.90,0.20
2008.02.07 18:05:31.462,1.61525,1.61545,0.90,0.20
2008.02.07 18:05:31.634,1.61525,1.61555,0.90,0.20
2008.02.07 18:05:31.931,1.61525,1.6156,0.90,0.70
2008.02.07 18:05:32.238,1.61525,1.6156,0.90,0.70
2008.02.07 18:05:32.432,1.61515,1.6156,0.60,0.70
2008.02.07 18:05:32.625,1.61515,1.6156,0.90,0.70
2008.02.07 18:05:32.945,1.61515,1.6156,0.70,0.70
2008.02.07 18:05:33.360,1.61515,1.6156,0.70,0.70
2008.02.07 18:05:33.522,1.61515,1.6156,0.70,0.70
2008.02.07 18:05:33.809,1.61515,1.6156,0.50,0.70
2008.02.07 18:05:34.023,1.61515,1.6156,0.80,0.70
2008.02.07 18:05:34.291,1.61515,1.61555,0.90,0.20
2008.02.07 18:05:34.503,1.61515,1.61555,0.90,0.20
2008.02.07 18:05:34.717,1.61515,1.61555,0.90,0.20
2008.02.07 18:05:34.931,1.61515,1.61555,0.90,0.20
2008.02.07 18:05:35.183,1.61515,1.61555,0.90,0.20
2008.02.07 18:05:35.437,1.61515,1.61555,0.90,0.20
2008.02.07 18:05:35.689,1.61515,1.61555,0.90,0.20
2008.02.07 18:05:36.067,1.61515,1.61555,0.90,0.20
2008.02.07 18:05:36.135,1.61515,1.61555,0.90,0.20
2008.02.07 18:05:36.416,1.61515,1.61555,0.90,0.20
2008.02.07 18:05:36.606,1.61515,1.61555,0.90,0.20
2008.02.07 18:05:36.800,1.6152,1.6156,0.05,0.70
2008.02.07 18:05:37.116,1.6152,1.6156,0.05,0.70
2008.02.07 18:05:37.418,1.6152,1.6156,0.90,0.70
2008.02.07 18:05:37.721,1.6152,1.6156,0.60,0.70
2008.02.07 18:05:38.023,1.6152,1.6156,0.50,0.70
2008.02.07 18:05:38.227,1.6152,1.61555,0.50,0.20
2008.02.07 18:05:38.430,1.6152,1.6156,0.90,0.70
2008.02.07 18:05:38.760,1.61515,1.6156,0.90,0.70
2008.02.07 18:05:38.963,1.6152,1.6156,0.05,0.70
2008.02.07 18:05:39.231,1.6152,1.6156,0.05,0.70
2008.02.07 18:05:39.556,1.6152,1.6156,0.70,0.70
2008.02.07 18:05:39.825,1.61525,1.6156,0.05,0.60
2008.02.07 18:05:40.092,1.61525,1.6156,0.05,0.60
2008.02.07 18:05:40.425,1.6153,1.6156,0.50,0.60
2008.02.07 18:05:40.653,1.6153,1.6156,0.70,0.60
2008.02.07 18:05:40.879,1.6153,1.6156,0.50,0.60
2008.02.07 18:05:41.106,1.6153,1.6156,0.50,0.60
2008.02.07 18:05:41.345,1.6153,1.6156,0.60,0.60
2008.02.07 18:05:41.638,1.6153,1.6156,0.90,0.60
2008.02.07 18:05:41.875,1.6153,1.6156,0.70,0.60
2008.02.07 18:05:42.114,1.6153,1.6156,0.70,0.60
2008.02.07 18:05:42.331,1.6153,1.6156,0.50,0.60
2008.02.07 18:05:42.550,1.6154,1.6156,0.80,0.60
2008.02.07 18:05:42.768,1.6154,1.6156,0.90,0.60
2008.02.07 18:05:42.986,1.6154,1.6156,0.60,0.60
2008.02.07 18:05:43.268,1.6154,1.6156,0.70,0.60
2008.02.07 18:05:43.671,1.6155,1.6157,0.50,0.60
2008.02.07 18:05:43.950,1.61535,1.6157,1.10,0.60
2008.02.07 18:05:44.229,1.6154,1.6157,0.05,0.60
2008.02.07 18:05:44.508,1.6154,1.6157,0.05,0.60
2008.02.07 18:05:44.868,1.6154,1.6157,0.05,0.60
2008.02.07 18:05:45.111,1.6155,1.6157,0.70,0.60
2008.02.07 18:05:45.355,1.6155,1.6157,0.60,0.60
2008.02.07 18:05:45.584,1.6155,1.6157,0.90,0.60
2008.02.07 18:05:45.812,1.6155,1.6157,0.80,0.60
2008.02.07 18:05:46.163,1.6155,1.6157,0.60,0.60
2008.02.07 18:05:46.392,1.6155,1.6157,0.60,0.60
2008.02.07 18:05:46.629,1.6155,1.6157,0.90,0.60
2008.02.07 18:05:46.996,1.6155,1.6157,0.60,0.60
2008.02.07 18:05:47.106,1.6155,1.6157,0.60,0.60
2008.02.07 18:05:47.382,1.6155,1.6157,0.80,0.60
2008.02.07 18:05:47.624,1.6155,1.6157,0.90,0.60
2008.02.07 18:05:47.867,1.6155,1.6157,0.90,0.60
2008.02.07 18:05:48.155,1.6155,1.6157,0.50,0.60
2008.02.07 18:05:48.399,1.6155,1.6157,0.70,0.60
2008.02.07 18:05:48.652,1.6155,1.6157,0.90,0.60
2008.02.07 18:05:48.906,1.6155,1.6157,0.70,0.60
2008.02.07 18:05:49.159,1.6155,1.6157,1.00,0.60
2008.02.07 18:05:49.530,1.6155,1.6157,1.00,0.60
2008.02.07 18:05:49.762,1.6155,1.6157,1.00,0.60
2008.02.07 18:05:50.002,1.6155,1.6157,1.00,0.60
2008.02.07 18:05:50.234,1.6155,1.6157,1.00,0.60
2008.02.07 18:05:50.472,1.6155,1.6157,1.00,0.60
2008.02.07 18:05:50.669,1.6155,1.6157,1.00,0.60
2008.02.07 18:05:50.867,1.6155,1.6157,1.00,0.60
2008.02.07 18:05:51.065,1.6155,1.6157,1.00,0.60
2008.02.07 18:05:51.263,1.6155,1.6157,1.00,0.60
2008.02.07 18:05:51.460,1.6155,1.6157,1.00,0.60
2008.02.07 18:05:51.658,1.6155,1.6157,1.00,0.60
2008.02.07 18:05:52.076,1.6155,1.6157,1.00,0.60
2008.02.07 18:05:52.245,1.6155,1.6157,1.00,0.60
2008.02.07 18:05:52.625,1.6155,1.6157,1.00,0.60
2008.02.07 18:05:52.810,1.6155,1.6157,1.00,0.60
2008.02.07 18:05:53.043,1.6155,1.6157,1.00,0.60
2008.02.07 18:05:53.232,1.6154,1.6157,1.00,0.60
2008.02.07 18:05:53.425,1.6154,1.6157,1.00,0.60
2008.02.07 18:05:53.610,1.6154,1.6157,1.00,0.60
2008.02.07 18:05:53.791,1.6154,1.6157,1.00,0.60
2008.02.07 18:05:54.094,1.6154,1.6157,1.00,0.60
2008.02.07 18:05:54.400,1.6154,1.61565,1.00,0.20
2008.02.07 18:05:54.777,1.6153,1.6156,1.00,0.60
2008.02.07 18:05:54.946,1.6153,1.6156,1.00,0.60
2008.02.07 18:05:55.113,1.6153,1.6156,1.00,0.70
2008.02.07 18:05:55.282,1.61525,1.6156,1.70,0.70
2008.02.07 18:05:55.449,1.61525,1.6156,1.70,0.70
2008.02.07 18:05:55.737,1.61525,1.6156,0.90,0.70
2008.02.07 18:05:55.905,1.61535,1.61575,0.05,2.40
2008.02.07 18:05:56.238,1.61535,1.6158,0.05,0.20
2008.02.07 18:05:56.698,1.61535,1.6158,0.05,0.20
2008.02.07 18:05:56.905,1.61535,1.61575,0.90,0.20
2008.02.07 18:05:57.175,1.61535,1.61575,0.90,0.20
2008.02.07 18:05:57.474,1.61535,1.61575,0.90,0.20
2008.02.07 18:05:57.511,1.61535,1.61575,0.90,0.20
2008.02.07 18:05:57.801,1.61535,1.61575,0.90,0.20
2008.02.07 18:05:57.969,1.61535,1.61575,0.90,0.20
2008.02.07 18:05:58.247,1.61535,1.61575,0.90,0.20
2008.02.07 18:05:58.587,1.61535,1.61575,0.90,0.20
2008.02.07 18:05:58.864,1.61535,1.61575,0.90,0.20
2008.02.07 18:05:59.144,1.61535,1.6156,0.90,0.60
2008.02.07 18:05:59.419,1.61535,1.6156,0.90,0.60
2008.02.07 18:05:59.643,1.61535,1.6156,0.90,0.60
2008.02.07 18:05:59.867,1.61535,1.6156,0.90,0.70
2008.02.07 18:06:00.175,1.61535,1.6156,0.90,0.70
2008.02.07 18:06:00.561,1.61535,1.6156,0.90,0.70
2008.02.07 18:06:00.816,1.61535,1.6156,0.90,0.70
2008.02.07 18:06:01.073,1.61535,1.6156,0.90,0.70
2008.02.07 18:06:01.350,1.61535,1.61555,0.90,0.20
2008.02.07 18:06:01.589,1.61535,1.61555,0.90,0.20
2008.02.07 18:06:01.827,1.61535,1.6155,0.90,0.60
2008.02.07 18:06:02.109,1.61535,1.6155,0.90,0.60
2008.02.07 18:06:02.469,1.61535,1.6155,0.90,0.60
2008.02.07 18:06:02.585,1.61535,1.6156,0.90,0.60
2008.02.07 18:06:02.858,1.61535,1.6156,0.90,0.60
2008.02.07 18:06:03.096,1.61535,1.6156,0.90,0.60
2008.02.07 18:06:03.333,1.61535,1.6156,0.90,0.60
2008.02.07 18:06:03.675,1.61535,1.6157,0.90,0.70
2008.02.07 18:06:03.935,1.61535,1.6157,0.90,0.70
2008.02.07 18:06:04.198,1.61535,1.61565,0.90,0.20
2008.02.07 18:06:04.461,1.61535,1.6156,0.90,0.60
2008.02.07 18:06:04.703,1.61535,1.6156,0.90,0.60
2008.02.07 18:06:05.008,1.61535,1.6156,0.90,0.60
2008.02.07 18:06:05.253,1.61535,1.6157,1.00,0.60
2008.02.07 18:06:05.456,1.6154,1.6158,0.05,4.00
2008.02.07 18:06:05.777,1.6154,1.61585,0.05,0.20
2008.02.07 18:06:05.973,1.6154,1.61585,0.05,0.20
2008.02.07 18:06:06.174,1.6154,1.61585,0.05,0.20
2008.02.07 18:06:06.371,1.6154,1.61585,0.05,0.20
2008.02.07 18:06:06.645,1.61535,1.6157,0.90,0.20
2008.02.07 18:06:06.919,1.61535,1.61575,0.80,0.20
2008.02.07 18:06:07.192,1.61535,1.6157,0.80,0.20
2008.02.07 18:06:07.515,1.61535,1.6157,1.70,0.20
2008.02.07 18:06:07.729,1.61535,1.61555,1.70,0.20
2008.02.07 18:06:07.942,1.61535,1.61555,1.70,0.20
2008.02.07 18:06:08.277,1.61535,1.6155,0.90,0.60
2008.02.07 18:06:08.490,1.61535,1.6155,0.90,0.60
2008.02.07 18:06:08.708,1.61535,1.6155,0.90,0.60
2008.02.07 18:06:08.987,1.61535,1.6155,0.90,0.60
2008.02.07 18:06:09.205,1.61535,1.6155,0.90,0.60
2008.02.07 18:06:09.424,1.61535,1.6155,0.90,0.60
2008.02.07 18:06:09.708,1.61535,1.6155,0.90,0.60
2008.02.07 18:06:09.990,1.61535,1.6155,0.90,0.60
2008.02.07 18:06:10.274,1.61515,1.6153,0.80,0.60
2008.02.07 18:06:10.557,1.61535,1.6154,0.90,0.20
2008.02.07 18:06:10.862,1.61535,1.6155,0.90,4.70
2008.02.07 18:06:11.056,1.61535,1.6155,0.90,4.70
2008.02.07 18:06:11.249,1.61535,1.6155,0.90,0.70
2008.02.07 18:06:11.441,1.61535,1.6155,0.90,0.70
2008.02.07 18:06:11.722,1.61535,1.6155,0.90,0.70
2008.02.07 18:06:12.114,1.61535,1.6155,0.90,0.60
2008.02.07 18:06:12.390,1.61535,1.6155,0.90,0.60
2008.02.07 18:06:12.668,1.61535,1.6155,0.90,0.60
2008.02.07 18:06:12.872,1.61535,1.6155,0.90,0.60
2008.02.07 18:06:13.075,1.61535,1.6155,0.90,0.60
2008.02.07 18:06:13.348,1.61535,1.6155,0.90,0.60
2008.02.07 18:06:13.552,1.61535,1.6155,0.90,0.60
2008.02.07 18:06:13.820,1.61535,1.6155,0.90,0.60
2008.02.07 18:06:14.093,1.61535,1.6155,0.90,0.60
2008.02.07 18:06:14.360,1.61535,1.6155,0.90,0.60
2008.02.07 18:06:14.629,1.61535,1.6155,0.90,0.60
2008.02.07 18:06:14.843,1.61535,1.61565,0.90,0.20
2008.02.07 18:06:15.055,1.61535,1.61565,0.90,0.20
2008.02.07 18:06:15.393,1.61535,1.61565,0.90,0.20
2008.02.07 18:06:15.607,1.61535,1.61565,0.90,0.20
2008.02.07 18:06:15.819,1.61535,1.6157,1.00,0.60
2008.02.07 18:06:16.167,1.61535,1.6157,1.00,0.60
2008.02.07 18:06:16.570,1.6154,1.6157,1.00,0.60
2008.02.07 18:06:16.723,1.6154,1.6157,1.00,0.60
2008.02.07 18:06:16.998,1.6154,1.6157,1.00,0.60
2008.02.07 18:06:17.231,1.6154,1.6157,1.00,0.60
2008.02.07 18:06:17.464,1.6154,1.6157,1.00,0.60
2008.02.07 18:06:17.699,1.6154,1.6157,1.00,0.60
2008.02.07 18:06:17.933,1.6154,1.6157,1.00,0.60
2008.02.07 18:06:18.277,1.6154,1.6157,1.00,0.60
2008.02.07 18:06:18.369,1.6154,1.6157,1.00,0.60
2008.02.07 18:06:18.586,1.6154,1.6157,1.00,0.60
2008.02.07 18:06:18.805,1.6154,1.6157,1.00,0.60
2008.02.07 18:06:19.126,1.6153,1.6155,0.80,0.60
2008.02.07 18:06:19.388,1.61525,1.6155,1.70,0.70
2008.02.07 18:06:19.651,1.61525,1.6155,1.70,0.70
2008.02.07 18:06:19.738,1.61525,1.6155,1.70,0.70
2008.02.07 18:06:19.970,1.61525,1.6155,1.70,0.70
2008.02.07 18:06:20.305,1.61525,1.6155,1.70,0.70
2008.02.07 18:06:20.518,1.61525,1.6155,1.70,0.70
2008.02.07 18:06:20.731,1.61525,1.6155,1.70,0.70
2008.02.07 18:06:21.016,1.61525,1.6155,0.90,0.70
2008.02.07 18:06:21.298,1.61525,1.6155,0.90,0.70
2008.02.07 18:06:21.581,1.61525,1.6155,0.90,0.70
2008.02.07 18:06:21.878,1.61525,1.6155,0.90,0.70
2008.02.07 18:06:22.159,1.61525,1.6155,0.90,0.70
2008.02.07 18:06:22.382,1.61525,1.6155,0.90,0.70
2008.02.07 18:06:22.664,1.61525,1.61545,0.90,0.20
2008.02.07 18:06:22.888,1.61525,1.61545,0.90,0.20
2008.02.07 18:06:23.111,1.61525,1.6154,0.90,0.60
2008.02.07 18:06:23.410,1.61525,1.6154,0.90,0.60
2008.02.07 18:06:23.654,1.61525,1.6153,0.90,0.60
2008.02.07 18:06:23.897,1.6153,1.61555,0.05,0.50
2008.02.07 18:06:24.186,1.6154,1.61575,4.00,0.20
2008.02.07 18:06:24.589,1.61555,1.6159,0.80,0.60
2008.02.07 18:06:24.988,1.61555,1.6159,1.60,0.60
2008.02.07 18:06:25.385,1.61565,1.61595,0.05,0.60
2008.02.07 18:06:25.758,1.6158,1.6161,1.00,0.20
2008.02.07 18:06:26.004,1.6158,1.6161,1.00,0.20
2008.02.07 18:06:26.253,1.6158,1.6161,1.00,0.20
2008.02.07 18:06:26.505,1.6158,1.6161,1.00,0.20
2008.02.07 18:06:26.727,1.6158,1.6161,1.00,0.20
2008.02.07 18:06:26.949,1.6157,1.616,1.00,0.60
2008.02.07 18:06:27.301,1.6157,1.616,1.00,0.70
2008.02.07 18:06:27.709,1.6157,1.616,1.00,0.60
2008.02.07 18:06:27.860,1.6157,1.61595,1.00,0.20
2008.02.07 18:06:28.141,1.6155,1.6159,5.00,0.70
2008.02.07 18:06:28.537,1.6155,1.6159,1.00,0.70
2008.02.07 18:06:28.904,1.6155,1.6159,1.00,0.70
2008.02.07 18:06:29.015,1.6155,1.6159,1.00,0.70
2008.02.07 18:06:29.289,1.6155,1.6159,1.00,0.70
2008.02.07 18:06:29.511,1.6155,1.6159,1.00,0.70
2008.02.07 18:06:29.758,1.6155,1.61585,1.00,0.20
2008.02.07 18:06:30.106,1.6155,1.61585,1.00,0.20
2008.02.07 18:06:30.329,1.6155,1.6159,1.00,0.70
2008.02.07 18:06:30.577,1.6155,1.6159,1.00,0.70
2008.02.07 18:06:30.919,1.6154,1.6158,1.80,0.70
2008.02.07 18:06:31.164,1.6154,1.6158,1.00,0.70
2008.02.07 18:06:31.412,1.6154,1.6158,1.00,0.70
2008.02.07 18:06:31.687,1.6154,1.6158,1.00,0.70
2008.02.07 18:06:31.939,1.6154,1.6158,1.00,0.70
2008.02.07 18:06:32.193,1.6154,1.6158,1.00,0.70
2008.02.07 18:06:32.499,1.6155,1.61585,1.00,0.20
2008.02.07 18:06:32.740,1.6155,1.61585,1.00,0.20
2008.02.07 18:06:32.981,1.6155,1.61585,1.00,0.20
2008.02.07 18:06:33.264,1.6156,1.61585,1.00,0.20
2008.02.07 18:06:33.507,1.6156,1.61585,1.00,0.20
2008.02.07 18:06:33.745,1.6157,1.6158,1.00,0.20
2008.02.07 18:06:34.056,1.6157,1.6159,1.00,0.20
2008.02.07 18:06:34.295,1.6157,1.6159,1.00,0.20
2008.02.07 18:06:34.530,1.6157,1.6159,1.00,0.20
2008.02.07 18:06:34.797,1.6155,1.61575,1.00,0.20
2008.02.07 18:06:35.020,1.6155,1.61575,1.00,0.20
2008.02.07 18:06:35.243,1.6155,1.6158,1.00,0.20
2008.02.07 18:06:35.527,1.6155,1.61585,1.00,0.20
2008.02.07 18:06:35.902,1.6155,1.61575,1.00,0.20
2008.02.07 18:06:36.154,1.61545,1.6157,0.90,0.70
2008.02.07 18:06:36.408,1.61545,1.61565,0.90,0.20
2008.02.07 18:06:36.690,1.61545,1.61565,0.90,0.20
2008.02.07 18:06:37.058,1.61545,1.61565,0.90,0.20
2008.02.07 18:06:37.433,1.61545,1.61565,0.90,0.20
2008.02.07 18:06:37.681,1.61545,1.61565,0.90,0.20
2008.02.07 18:06:37.944,1.61545,1.61555,0.90,0.20
2008.02.07 18:06:38.230,1.61545,1.61555,0.90,0.20
2008.02.07 18:06:38.614,1.61545,1.61565,0.90,0.20
2008.02.07 18:06:38.945,1.61545,1.6157,0.90,0.20
2008.02.07 18:06:39.273,1.61545,1.6157,0.90,0.20
2008.02.07 18:06:39.354,1.61545,1.6157,0.90,0.20
2008.02.07 18:06:39.637,1.61545,1.61575,0.90,0.20
2008.02.07 18:06:40.047,1.6155,1.61575,1.00,0.20
2008.02.07 18:06:40.335,1.6155,1.61575,1.00,0.20
2008.02.07 18:06:40.623,1.6155,1.61575,1.00,0.20
2008.02.07 18:06:40.903,1.6155,1.61575,1.00,0.20
2008.02.07 18:06:41.145,1.61545,1.6156,0.90,0.20
2008.02.07 18:06:43.074,1.61545,1.6156,0.90,0.20
2008.02.07 18:06:43.245,1.6156,1.61565,1.00,0.10
2008.02.07 18:06:43.303,1.6156,1.61585,1.00,0.20
2008.02.07 18:06:43.454,1.6156,1.61585,1.00,0.20
2008.02.07 18:06:43.635,1.6156,1.61585,1.00,0.20
2008.02.07 18:06:43.686,1.6156,1.61585,1.00,0.20
2008.02.07 18:06:43.860,1.6156,1.61585,1.00,0.20
2008.02.07 18:06:43.912,1.6156,1.61585,1.00,0.20
2008.02.07 18:06:44.078,1.6156,1.61585,1.00,0.20
2008.02.07 18:06:44.537,1.6156,1.6157,1.00,0.20
2008.02.07 18:06:44.744,1.6156,1.6157,1.00,0.20
2008.02.07 18:06:45.076,1.6156,1.6159,1.00,0.50
2008.02.07 18:06:45.475,1.6156,1.61585,1.00,0.20
2008.02.07 18:06:45.692,1.6156,1.61585,1.00,0.20
2008.02.07 18:06:45.912,1.6155,1.61565,1.00,0.20
2008.02.07 18:06:46.257,1.6155,1.61565,1.00,0.20
2008.02.07 18:06:46.464,1.6154,1.61565,1.00,0.20
2008.02.07 18:06:46.674,1.6154,1.61565,1.00,0.20
2008.02.07 18:06:46.883,1.6154,1.61565,1.00,0.20
2008.02.07 18:06:47.091,1.6154,1.61565,1.00,0.20
2008.02.07 18:06:47.420,1.6154,1.61565,1.00,0.20
2008.02.07 18:06:47.703,1.61535,1.61555,0.90,0.20
2008.02.07 18:06:47.987,1.61535,1.61555,0.90,0.20
2008.02.07 18:06:48.102,1.61535,1.61555,0.90,0.20
2008.02.07 18:06:48.392,1.61535,1.61555,0.90,0.20
2008.02.07 18:06:48.458,1.61535,1.61555,0.90,0.20
2008.02.07 18:06:48.737,1.61535,1.61555,0.90,0.20
2008.02.07 18:06:48.924,1.61535,1.61555,0.90,0.20
2008.02.07 18:06:49.112,1.61535,1.61555,0.90,0.20
2008.02.07 18:06:49.431,1.61535,1.61555,0.90,0.20
2008.02.07 18:06:49.732,1.61535,1.61555,0.90,0.20
2008.02.07 18:06:50.036,1.61535,1.61565,0.90,4.10
2008.02.07 18:06:50.339,1.61535,1.6156,0.90,0.20
2008.02.07 18:06:50.667,1.61535,1.6157,0.90,4.70
2008.02.07 18:06:50.881,1.61535,1.6154,0.90,0.60
2008.02.07 18:06:51.095,1.61535,1.6154,0.90,0.60
2008.02.07 18:06:51.373,1.61535,1.6154,0.90,0.60
2008.02.07 18:06:51.747,1.61535,1.6154,0.90,0.60
2008.02.07 18:06:51.994,1.61505,1.6153,2.20,0.20
2008.02.07 18:06:52.242,1.615,1.6153,0.60,0.20
2008.02.07 18:06:52.523,1.6151,1.6154,0.90,0.20
2008.02.07 18:06:52.791,1.6151,1.6154,0.60,0.20
2008.02.07 18:06:53.060,1.6151,1.6154,0.90,0.20
2008.02.07 18:06:53.449,1.6151,1.6154,0.90,0.20
2008.02.07 18:06:53.646,1.6151,1.6154,0.60,0.20
2008.02.07 18:06:53.844,1.6151,1.6154,0.70,0.20
2008.02.07 18:06:54.043,1.6151,1.61535,0.90,0.20
2008.02.07 18:06:54.241,1.6151,1.61535,0.70,0.20
2008.02.07 18:06:54.524,1.6151,1.61535,0.60,0.20
2008.02.07 18:06:54.802,1.6151,1.61535,0.60,0.20
2008.02.07 18:06:55.080,1.6151,1.61535,0.50,0.20
2008.02.07 18:06:55.420,1.6151,1.61535,0.90,0.20
2008.02.07 18:06:55.696,1.6151,1.61535,0.70,0.20
2008.02.07 18:06:55.934,1.6151,1.61535,0.70,0.20
2008.02.07 18:06:56.229,1.6151,1.61535,0.90,0.20
2008.02.07 18:06:56.466,1.6151,1.61535,0.50,0.20
2008.02.07 18:06:56.705,1.6151,1.6153,0.80,0.20
2008.02.07 18:06:56.923,1.61495,1.6152,1.40,0.60
2008.02.07 18:06:57.142,1.6149,1.6152,2.60,0.20
2008.02.07 18:06:57.487,1.6149,1.6152,1.70,0.70
2008.02.07 18:06:57.705,1.6149,1.6152,0.90,0.70
2008.02.07 18:06:57.963,1.6149,1.6152,0.50,0.70
2008.02.07 18:06:58.326,1.6149,1.6152,0.60,0.70
2008.02.07 18:06:58.584,1.6148,1.6151,0.90,0.20
2008.02.07 18:06:58.845,1.6148,1.6151,0.60,0.20
2008.02.07 18:06:59.080,1.6148,1.6151,0.50,0.20
2008.02.07 18:06:59.298,1.6148,1.6151,0.80,0.20
2008.02.07 18:06:59.516,1.6148,1.6151,0.70,0.70
2008.02.07 18:06:59.855,1.6148,1.6151,0.70,0.70
2008.02.07 18:07:00.110,1.6148,1.6151,0.80,0.70
2008.02.07 18:07:00.362,1.6148,1.6151,0.90,0.70
2008.02.07 18:07:00.616,1.6148,1.6151,0.80,0.70
2008.02.07 18:07:00.869,1.6148,1.6151,0.80,0.70
2008.02.07 18:07:01.160,1.6149,1.6152,0.50,0.70
2008.02.07 18:07:01.534,1.6149,1.6152,0.70,0.70
2008.02.07 18:07:01.901,1.6149,1.6152,0.60,0.70
2008.02.07 18:07:02.272,1.6149,1.6152,0.90,0.60
2008.02.07 18:07:02.608,1.615,1.6153,0.70,0.20
2008.02.07 18:07:02.822,1.615,1.6153,0.70,0.20
2008.02.07 18:07:03.036,1.615,1.6153,0.80,0.20
2008.02.07 18:07:03.374,1.6151,1.61535,0.90,0.20
2008.02.07 18:07:03.779,1.6151,1.61535,0.80,0.20
2008.02.07 18:07:04.175,1.6151,1.61535,0.90,0.20
2008.02.07 18:07:04.537,1.6151,1.61535,0.80,0.20
2008.02.07 18:07:04.649,1.6151,1.61535,0.70,0.20
2008.02.07 18:07:04.920,1.6151,1.61535,0.60,0.20
2008.02.07 18:07:05.158,1.6151,1.61535,0.70,0.20
2008.02.07 18:07:05.418,1.6151,1.61545,0.50,0.20
2008.02.07 18:07:05.700,1.6151,1.61545,0.90,0.20
2008.02.07 18:07:06.085,1.6151,1.61545,0.90,0.20
2008.02.07 18:07:06.214,1.6151,1.61545,0.60,0.20
2008.02.07 18:07:06.572,1.6151,1.61545,0.70,0.20
2008.02.07 18:07:06.812,1.6151,1.61545,0.90,0.20
2008.02.07 18:07:07.049,1.6151,1.61545,0.80,0.20
2008.02.07 18:07:07.287,1.6151,1.61545,0.70,0.20
2008.02.07 18:07:07.603,1.6151,1.61545,0.70,0.20
2008.02.07 18:07:07.826,1.6151,1.61545,0.50,0.20
2008.02.07 18:07:08.180,1.6151,1.61545,0.70,0.20
2008.02.07 18:07:08.281,1.6151,1.61545,0.90,0.20
2008.02.07 18:07:08.419,1.6151,1.61545,0.60,0.20
2008.02.07 18:07:08.593,1.6151,1.61545,0.60,0.20
2008.02.07 18:07:08.732,1.6151,1.61545,0.90,0.20
2008.02.07 18:07:08.969,1.6152,1.61545,0.80,0.20
2008.02.07 18:07:09.231,1.6152,1.61555,0.60,0.20
2008.02.07 18:07:09.369,1.6152,1.61545,0.70,0.20
2008.02.07 18:07:09.679,1.6151,1.61535,1.30,0.20
2008.02.07 18:07:10.109,1.6151,1.61545,1.30,2.50
2008.02.07 18:07:10.546,1.6153,1.6156,0.60,4.10
2008.02.07 18:07:10.754,1.6153,1.6156,0.50,0.20
2008.02.07 18:07:10.964,1.6153,1.6156,0.80,0.20
2008.02.07 18:07:11.241,1.6153,1.6156,0.60,0.20
2008.02.07 18:07:11.574,1.6153,1.6156,0.70,0.20
2008.02.07 18:07:11.841,1.6153,1.6156,0.70,0.20
2008.02.07 18:07:12.109,1.6153,1.6156,0.50,0.20
2008.02.07 18:07:12.378,1.6153,1.6156,0.60,0.20
2008.02.07 18:07:12.773,1.6153,1.61555,0.60,0.20
2008.02.07 18:07:13.025,1.6152,1.61555,0.70,0.20
2008.02.07 18:07:13.278,1.6152,1.61555,0.60,0.20
2008.02.07 18:07:13.555,1.6152,1.61555,0.50,0.20
2008.02.07 18:07:13.763,1.6152,1.61555,0.60,0.20
2008.02.07 18:07:13.972,1.6152,1.61545,0.90,0.20
2008.02.07 18:07:14.251,1.6152,1.6155,0.90,0.20
2008.02.07 18:07:14.587,1.6152,1.61545,0.70,0.20
2008.02.07 18:07:14.993,1.6151,1.61545,0.70,0.20
2008.02.07 18:07:15.392,1.6151,1.61545,0.90,0.20
2008.02.07 18:07:15.671,1.6151,1.61545,0.90,0.20
2008.02.07 18:07:15.898,1.6151,1.6153,0.80,0.20
2008.02.07 18:07:16.176,1.6151,1.6153,0.50,0.20
2008.02.07 18:07:16.403,1.615,1.6153,0.70,0.20
2008.02.07 18:07:16.633,1.615,1.6153,0.60,0.20
2008.02.07 18:07:16.862,1.6151,1.6153,0.80,0.20
2008.02.07 18:07:17.117,1.6151,1.61535,1.00,0.20
2008.02.07 18:07:17.495,1.6151,1.61535,1.00,0.20
2008.02.07 18:07:17.749,1.6151,1.61535,1.00,0.20
2008.02.07 18:07:17.956,1.6151,1.61535,1.00,0.20
2008.02.07 18:07:18.290,1.6151,1.61535,1.00,0.20
2008.02.07 18:07:18.371,1.6151,1.61535,1.00,0.20
2008.02.07 18:07:18.658,1.6151,1.61545,1.00,0.20
2008.02.07 18:07:18.867,1.6151,1.61535,1.00,0.20
2008.02.07 18:07:19.145,1.6151,1.61535,1.00,2.50
2008.02.07 18:07:19.440,1.6151,1.61535,1.00,2.50
2008.02.07 18:07:19.717,1.615,1.61535,1.00,2.50
2008.02.07 18:07:19.994,1.615,1.61535,1.00,2.50
2008.02.07 18:07:20.229,1.615,1.61535,1.00,0.20
2008.02.07 18:07:20.446,1.615,1.6153,1.00,4.00
2008.02.07 18:07:20.664,1.615,1.6153,1.00,4.00
2008.02.07 18:07:20.950,1.615,1.6153,1.00,4.00
2008.02.07 18:07:21.233,1.615,1.6153,1.00,4.00
2008.02.07 18:07:21.516,1.615,1.6153,1.00,4.00
2008.02.07 18:07:21.801,1.615,1.6153,1.00,4.00
2008.02.07 18:07:22.084,1.615,1.6153,1.00,4.00
2008.02.07 18:07:22.312,1.615,1.6153,1.00,4.00
2008.02.07 18:07:22.662,1.615,1.6153,1.00,4.00
2008.02.07 18:07:22.767,1.615,1.6153,1.00,4.00
2008.02.07 18:07:23.121,1.615,1.6153,1.00,4.00
2008.02.07 18:07:23.352,1.6151,1.6153,1.00,4.00
2008.02.07 18:07:23.554,1.6151,1.6153,1.00,4.00
2008.02.07 18:07:23.755,1.61495,1.6153,0.05,4.00
2008.02.07 18:07:23.959,1.615,1.61535,0.05,4.00
2008.02.07 18:07:24.273,1.61495,1.61535,5.60,4.00
2008.02.07 18:07:24.532,1.6151,1.61535,1.00,4.00
2008.02.07 18:07:24.793,1.615,1.61535,1.80,4.00
2008.02.07 18:07:25.075,1.615,1.61535,1.80,4.00
2008.02.07 18:07:25.335,1.615,1.6154,1.80,0.60
2008.02.07 18:07:25.583,1.615,1.6154,1.80,0.60
2008.02.07 18:07:25.957,1.615,1.6154,1.80,0.60
2008.02.07 18:07:26.204,1.615,1.6154,1.80,0.60
2008.02.07 18:07:26.451,1.61505,1.61545,0.05,4.00
2008.02.07 18:07:26.727,1.61505,1.61545,1.60,4.00
2008.02.07 18:07:26.972,1.61505,1.61545,1.60,4.00
2008.02.07 18:07:27.209,1.61505,1.61545,1.60,4.00
2008.02.07 18:07:27.497,1.61505,1.61535,1.60,0.20
2008.02.07 18:07:27.769,1.615,1.6153,0.05,0.60
2008.02.07 18:07:28.043,1.6149,1.6153,1.80,0.60
2008.02.07 18:07:28.314,1.6149,1.6153,1.80,0.60
2008.02.07 18:07:28.587,1.6149,1.6153,1.80,0.60
2008.02.07 18:07:28.817,1.61495,1.61535,0.05,4.00
2008.02.07 18:07:29.170,1.61495,1.61535,0.80,4.00
2008.02.07 18:07:29.399,1.61495,1.61535,0.80,4.00
2008.02.07 18:07:29.626,1.61495,1.61535,0.80,4.00
2008.02.07 18:07:29.929,1.615,1.61535,0.80,4.00
2008.02.07 18:07:30.161,1.615,1.61535,1.80,4.00
2008.02.07 18:07:30.394,1.6149,1.6153,1.00,0.60
2008.02.07 18:07:30.678,1.61495,1.6153,0.05,0.60
2008.02.07 18:07:30.929,1.61495,1.6154,0.05,4.70
2008.02.07 18:07:31.182,1.61495,1.6154,0.05,4.70
2008.02.07 18:07:31.516,1.615,1.6153,0.05,4.00
2008.02.07 18:07:31.768,1.615,1.6153,0.05,4.00
2008.02.07 18:07:31.995,1.615,1.6154,1.00,4.60
2008.02.07 18:07:32.317,1.615,1.6154,1.00,4.60
2008.02.07 18:07:32.324,1.615,1.6154,1.00,0.50
2008.02.07 18:07:32.544,1.615,1.6154,1.00,0.60
2008.02.07 18:07:32.773,1.615,1.6154,1.00,0.60
2008.02.07 18:07:33.066,1.615,1.6154,1.00,0.60
2008.02.07 18:07:33.312,1.615,1.6154,1.00,0.60
2008.02.07 18:07:33.562,1.615,1.6154,1.00,0.50
2008.02.07 18:07:33.926,1.615,1.6153,1.00,0.60
2008.02.07 18:07:34.196,1.61495,1.6152,0.80,0.60
2008.02.07 18:07:34.463,1.6149,1.6152,0.80,0.60
2008.02.07 18:07:34.772,1.61505,1.6153,0.05,0.60
2008.02.07 18:07:35.087,1.61505,1.6153,0.05,0.60
2008.02.07 18:07:35.278,1.61505,1.6153,0.05,0.60
2008.02.07 18:07:35.471,1.61505,1.6153,0.05,0.60
2008.02.07 18:07:35.751,1.61505,1.6153,0.05,0.60
2008.02.07 18:07:35.947,1.61505,1.6153,0.05,0.60
2008.02.07 18:07:36.263,1.61505,1.6153,0.05,0.60
2008.02.07 18:07:36.636,1.615,1.6153,0.05,0.60
2008.02.07 18:07:36.949,1.61505,1.6153,0.05,0.60
2008.02.07 18:07:37.151,1.61505,1.6153,0.05,0.60
2008.02.07 18:07:37.440,1.61495,1.6153,0.80,0.60
2008.02.07 18:07:37.643,1.61495,1.6153,0.05,0.60
2008.02.07 18:07:37.846,1.61495,1.6153,0.05,0.60
2008.02.07 18:07:38.050,1.61495,1.6152,0.05,0.60
2008.02.07 18:07:38.318,1.61495,1.6152,0.05,0.60
2008.02.07 18:07:38.589,1.615,1.6153,1.00,0.60
2008.02.07 18:07:38.983,1.615,1.6154,1.00,0.60
2008.02.07 18:07:39.127,1.615,1.6154,1.00,0.60
2008.02.07 18:07:39.398,1.615,1.6154,1.00,0.70
2008.02.07 18:07:39.791,1.615,1.6154,1.00,0.70
2008.02.07 18:07:40.056,1.615,1.6154,1.00,0.70
2008.02.07 18:07:40.327,1.615,1.6154,1.00,0.70
2008.02.07 18:07:40.539,1.615,1.61535,1.00,0.20
2008.02.07 18:07:40.750,1.615,1.61535,1.00,0.20
2008.02.07 18:07:40.960,1.615,1.61535,1.00,0.20
2008.02.07 18:07:43.525,1.615,1.61545,1.80,0.50
2008.02.07 18:07:43.700,1.6149,1.6153,0.80,0.70
2008.02.07 18:07:43.912,1.6149,1.6153,0.80,0.70
2008.02.07 18:07:44.006,1.6149,1.6153,0.80,0.70
2008.02.07 18:07:44.160,1.6149,1.6153,0.80,0.60
2008.02.07 18:07:44.251,1.6149,1.6153,0.80,0.60
2008.02.07 18:07:44.402,1.6149,1.6153,0.80,0.60
2008.02.07 18:07:44.494,1.6149,1.6153,0.80,0.60
2008.02.07 18:07:44.653,1.6149,1.6153,0.80,0.60
2008.02.07 18:07:44.985,1.6149,1.6153,1.80,0.60
2008.02.07 18:07:45.442,1.6149,1.6153,1.80,0.60
2008.02.07 18:07:45.774,1.6149,1.6153,1.80,0.60
2008.02.07 18:07:46.016,1.6149,1.6153,1.80,0.60
2008.02.07 18:07:46.328,1.6149,1.6153,1.80,0.60
2008.02.07 18:07:46.568,1.6149,1.6153,1.80,0.60
2008.02.07 18:07:46.812,1.6149,1.6153,1.80,0.60
2008.02.07 18:07:47.170,1.6149,1.6153,1.80,0.60
2008.02.07 18:07:47.278,1.6149,1.6153,1.80,0.60
2008.02.07 18:07:47.552,1.6149,1.6153,1.80,0.60
2008.02.07 18:07:47.783,1.6149,1.6153,1.80,0.60
2008.02.07 18:07:48.033,1.6149,1.6153,1.80,0.70
2008.02.07 18:07:48.281,1.6149,1.6153,1.00,0.60
2008.02.07 18:07:48.530,1.6149,1.6153,1.00,0.60
2008.02.07 18:07:48.893,1.6149,1.6153,1.00,0.60
2008.02.07 18:07:49.109,1.6149,1.6153,1.00,0.60
2008.02.07 18:07:49.328,1.6149,1.6153,1.00,0.60
2008.02.07 18:07:49.610,1.6149,1.6153,1.00,0.60
2008.02.07 18:07:49.830,1.6149,1.6153,1.00,0.60
2008.02.07 18:07:50.108,1.6149,1.6153,1.80,0.60
2008.02.07 18:07:50.384,1.6149,1.6153,1.80,0.60
2008.02.07 18:07:50.662,1.6149,1.6153,1.80,0.60
2008.02.07 18:07:50.939,1.6149,1.6153,1.80,0.60
2008.02.07 18:07:51.141,1.6149,1.6153,1.80,0.60
2008.02.07 18:07:51.312,1.6149,1.6153,1.80,0.60
2008.02.07 18:07:51.505,1.615,1.6153,0.05,0.60
2008.02.07 18:07:51.678,1.615,1.61545,0.05,0.60
2008.02.07 18:07:51.851,1.615,1.61545,0.80,0.60
2008.02.07 18:07:52.150,1.615,1.61545,0.80,0.50
2008.02.07 18:07:52.450,1.615,1.61545,0.80,0.60
2008.02.07 18:07:52.748,1.615,1.61545,0.80,0.60
2008.02.07 18:07:53.047,1.615,1.61545,0.80,0.60
2008.02.07 18:07:53.213,1.615,1.61545,0.80,0.60
2008.02.07 18:07:53.407,1.615,1.61545,0.80,0.50
2008.02.07 18:07:53.573,1.615,1.61545,0.80,0.50
2008.02.07 18:07:53.743,1.615,1.61545,0.80,0.60
2008.02.07 18:07:53.911,1.615,1.61545,0.80,0.60
2008.02.07 18:07:54.087,1.615,1.61545,0.80,0.60
2008.02.07 18:07:54.391,1.615,1.61545,0.80,0.60
2008.02.07 18:07:54.764,1.615,1.6154,0.80,0.20
2008.02.07 18:07:55.068,1.61495,1.6154,0.05,0.20
2008.02.07 18:07:55.284,1.61495,1.6154,0.05,0.20
2008.02.07 18:07:55.428,1.61495,1.6154,0.05,0.20
2008.02.07 18:07:55.580,1.61495,1.6154,0.05,0.20
2008.02.07 18:07:55.722,1.61495,1.6154,0.05,0.20
2008.02.07 18:07:55.865,1.61495,1.6154,0.05,0.20
2008.02.07 18:07:56.016,1.61495,1.6154,0.05,0.70
2008.02.07 18:07:56.159,1.6149,1.6153,0.80,0.20
2008.02.07 18:07:56.493,1.61485,1.6153,0.80,0.20
2008.02.07 18:07:56.853,1.61485,1.6153,0.80,0.20
2008.02.07 18:07:57.185,1.61485,1.6153,0.80,0.20
2008.02.07 18:07:57.390,1.61485,1.6153,0.80,0.20
2008.02.07 18:07:57.567,1.61485,1.6153,0.80,0.20
2008.02.07 18:07:57.741,1.61485,1.6153,0.80,0.20
2008.02.07 18:07:57.916,1.61485,1.6153,0.80,0.20
2008.02.07 18:07:58.148,1.61485,1.6153,0.80,0.20
2008.02.07 18:07:58.412,1.61485,1.6153,0.80,0.20
2008.02.07 18:07:58.674,1.61485,1.6153,0.80,0.20
2008.02.07 18:07:58.937,1.61485,1.6153,0.80,0.20
2008.02.07 18:07:59.326,1.61485,1.6153,0.80,0.20
2008.02.07 18:07:59.510,1.61485,1.6153,0.80,0.20
2008.02.07 18:07:59.693,1.61485,1.6153,0.80,0.20
2008.02.07 18:07:59.875,1.61485,1.6153,0.80,0.20
2008.02.07 18:08:00.059,1.61485,1.6153,0.80,0.20
2008.02.07 18:08:00.241,1.61485,1.6153,0.80,0.20
2008.02.07 18:08:00.514,1.61485,1.6153,0.80,0.20
2008.02.07 18:08:00.786,1.61485,1.6153,0.80,0.20
2008.02.07 18:08:01.060,1.61485,1.6153,0.80,0.20
2008.02.07 18:08:01.362,1.61485,1.6153,0.80,0.20
2008.02.07 18:08:01.592,1.61485,1.6153,0.80,0.20
2008.02.07 18:08:01.820,1.61485,1.6153,0.80,0.20
2008.02.07 18:08:02.174,1.61485,1.6153,0.80,0.20
2008.02.07 18:08:02.276,1.61485,1.6153,0.80,0.20
2008.02.07 18:08:02.647,1.61485,1.6153,0.80,0.20
2008.02.07 18:08:02.895,1.61485,1.6153,0.80,0.20
2008.02.07 18:08:03.192,1.61485,1.6153,0.80,0.20
2008.02.07 18:08:03.437,1.61485,1.6153,0.80,0.20
2008.02.07 18:08:03.656,1.61485,1.6153,0.80,0.20
2008.02.07 18:08:03.935,1.61485,1.61525,0.80,0.20
2008.02.07 18:08:04.033,1.61485,1.61525,0.80,0.20
2008.02.07 18:08:04.153,1.6148,1.61525,0.05,0.20
2008.02.07 18:08:04.369,1.6148,1.61525,0.05,0.20
2008.02.07 18:08:04.677,1.61475,1.61515,1.10,0.20
2008.02.07 18:08:05.051,1.6147,1.6151,1.30,0.20
2008.02.07 18:08:05.299,1.6147,1.6151,0.70,0.20
2008.02.07 18:08:05.546,1.6147,1.6151,0.80,0.20
2008.02.07 18:08:05.835,1.6147,1.6151,0.80,0.20
2008.02.07 18:08:06.215,1.6147,1.6151,0.80,0.20
2008.02.07 18:08:06.474,1.6147,1.6151,0.80,0.20
2008.02.07 18:08:06.720,1.6147,1.6151,0.80,0.20
2008.02.07 18:08:07.094,1.6147,1.6151,0.80,0.20
2008.02.07 18:08:07.341,1.6147,1.6151,0.05,0.20
2008.02.07 18:08:07.677,1.6147,1.6151,0.05,0.20
2008.02.07 18:08:07.869,1.6147,1.6151,0.05,0.20
2008.02.07 18:08:08.114,1.6147,1.6151,0.05,0.20
2008.02.07 18:08:08.308,1.6147,1.6151,0.05,0.20
2008.02.07 18:08:08.624,1.6147,1.6151,0.05,0.20
2008.02.07 18:08:08.869,1.6147,1.6151,0.05,0.20
2008.02.07 18:08:09.112,1.6147,1.6151,0.05,0.20
2008.02.07 18:08:09.356,1.6147,1.6151,0.05,0.20
2008.02.07 18:08:09.600,1.6147,1.6151,0.05,0.20
2008.02.07 18:08:09.793,1.6147,1.6151,0.05,0.20
2008.02.07 18:08:09.985,1.6147,1.6151,0.05,0.20
2008.02.07 18:08:10.177,1.6147,1.6151,0.05,0.20
2008.02.07 18:08:10.370,1.6147,1.6151,0.05,0.20
2008.02.07 18:08:10.675,1.6147,1.6151,0.05,0.20
2008.02.07 18:08:10.949,1.61465,1.615,0.80,0.20
2008.02.07 18:08:11.222,1.6146,1.61505,0.05,0.20
2008.02.07 18:08:11.497,1.61455,1.615,2.30,0.20
2008.02.07 18:08:11.770,1.61455,1.61495,0.90,0.20
2008.02.07 18:08:12.039,1.61455,1.6148,0.80,0.60
2008.02.07 18:08:12.313,1.6145,1.61495,0.80,0.20
2008.02.07 18:08:12.576,1.6145,1.61495,0.80,0.20
2008.02.07 18:08:12.842,1.6145,1.61495,0.80,0.20
2008.02.07 18:08:13.040,1.6145,1.61495,0.80,0.20
2008.02.07 18:08:13.240,1.6145,1.61495,0.80,0.20
2008.02.07 18:08:13.564,1.6145,1.61495,0.80,0.20
2008.02.07 18:08:13.762,1.6145,1.61495,0.80,0.20
2008.02.07 18:08:14.041,1.6145,1.61495,0.80,0.20
2008.02.07 18:08:14.320,1.6145,1.61495,0.80,0.20
2008.02.07 18:08:14.597,1.6145,1.61495,0.80,0.20
2008.02.07 18:08:14.877,1.6145,1.61495,0.80,0.20
2008.02.07 18:08:15.087,1.61455,1.615,0.80,0.70
2008.02.07 18:08:15.294,1.61455,1.615,1.10,0.70
2008.02.07 18:08:15.630,1.61455,1.615,0.60,0.70
2008.02.07 18:08:15.863,1.61455,1.615,0.70,0.70
2008.02.07 18:08:16.097,1.61455,1.615,0.90,0.70
2008.02.07 18:08:16.329,1.61455,1.615,1.00,0.70
2008.02.07 18:08:16.564,1.61455,1.615,0.60,0.70
2008.02.07 18:08:16.796,1.61455,1.615,0.50,0.70
2008.02.07 18:08:16.984,1.61455,1.615,0.80,0.70
2008.02.07 18:08:17.221,1.61455,1.615,0.60,0.70
2008.02.07 18:08:17.409,1.61455,1.615,0.70,0.70
2008.02.07 18:08:17.598,1.61455,1.615,0.90,0.70
2008.02.07 18:08:17.787,1.61455,1.615,0.70,0.70
2008.02.07 18:08:17.986,1.61455,1.615,0.70,0.70
2008.02.07 18:08:18.187,1.61455,1.615,0.60,0.70
2008.02.07 18:08:18.385,1.61455,1.615,1.10,0.70
2008.02.07 18:08:18.707,1.61455,1.615,0.90,0.70
2008.02.07 18:08:18.781,1.61455,1.615,0.90,0.70
2008.02.07 18:08:19.014,1.61455,1.615,0.60,0.70
2008.02.07 18:08:19.275,1.61455,1.615,0.60,0.70
2008.02.07 18:08:19.507,1.61455,1.615,0.90,0.70
2008.02.07 18:08:19.803,1.61455,1.6149,0.80,0.20
2008.02.07 18:08:19.982,1.61445,1.6149,0.80,0.20
2008.02.07 18:08:20.162,1.61445,1.6149,0.80,0.20
2008.02.07 18:08:20.341,1.61445,1.6149,0.80,0.20
2008.02.07 18:08:20.518,1.61445,1.6148,0.80,0.20
2008.02.07 18:08:20.821,1.61445,1.6148,0.80,0.20
2008.02.07 18:08:20.998,1.61435,1.6148,0.80,0.20
2008.02.07 18:08:21.306,1.61435,1.6148,0.80,0.70
2008.02.07 18:08:21.739,1.61435,1.6148,0.80,0.70
2008.02.07 18:08:21.922,1.61435,1.6148,0.80,0.70
2008.02.07 18:08:22.239,1.61435,1.6148,0.80,0.70
2008.02.07 18:08:22.451,1.61435,1.6148,0.80,0.70
2008.02.07 18:08:22.663,1.61435,1.6148,0.80,0.70
2008.02.07 18:08:22.998,1.61435,1.6148,0.80,0.70
2008.02.07 18:08:23.240,1.61435,1.6148,0.80,0.70
2008.02.07 18:08:23.484,1.61435,1.61475,0.80,0.20
2008.02.07 18:08:23.726,1.61435,1.61475,0.80,0.20
2008.02.07 18:08:23.970,1.61435,1.61475,0.80,0.20
2008.02.07 18:08:24.287,1.61435,1.61475,0.80,0.20
2008.02.07 18:08:24.553,1.61435,1.61475,0.80,0.20
2008.02.07 18:08:24.818,1.61435,1.61475,0.80,0.20
2008.02.07 18:08:25.081,1.61435,1.61475,0.80,0.20
2008.02.07 18:08:25.273,1.61435,1.61475,0.80,0.20
2008.02.07 18:08:25.595,1.61435,1.61475,0.80,0.20
2008.02.07 18:08:25.661,1.61435,1.61475,0.80,0.20
2008.02.07 18:08:25.979,1.61435,1.61475,0.80,0.20
2008.02.07 18:08:26.047,1.61435,1.61475,0.80,0.20
2008.02.07 18:08:26.330,1.6144,1.6148,0.05,0.70
2008.02.07 18:08:26.610,1.6144,1.6148,0.05,0.70
2008.02.07 18:08:26.893,1.6144,1.6148,0.05,0.70
2008.02.07 18:08:27.270,1.6144,1.6148,0.05,0.70
2008.02.07 18:08:27.664,1.6145,1.61495,0.50,4.10
2008.02.07 18:08:27.872,1.6145,1.61495,0.80,0.20
2008.02.07 18:08:28.082,1.6145,1.61495,0.70,0.20
2008.02.07 18:08:28.361,1.6145,1.61495,0.80,0.20
2008.02.07 18:08:28.638,1.6145,1.61495,0.60,0.20
2008.02.07 18:08:28.917,1.6145,1.61495,0.50,0.20
2008.02.07 18:08:29.218,1.6145,1.61495,0.50,0.20
2008.02.07 18:08:29.497,1.6145,1.61485,0.80,0.20
2008.02.07 18:08:29.749,1.6145,1.61485,0.90,0.20
2008.02.07 18:08:29.997,1.6145,1.61485,0.50,0.20
2008.02.07 18:08:30.245,1.61445,1.61485,0.80,0.20
2008.02.07 18:08:30.493,1.61445,1.61485,0.80,0.20
2008.02.07 18:08:30.687,1.6145,1.6149,0.80,0.20
2008.02.07 18:08:30.880,1.6145,1.6149,0.50,0.20
2008.02.07 18:08:31.140,1.6145,1.6149,0.60,0.20
2008.02.07 18:08:31.332,1.6145,1.6149,0.60,0.20
2008.02.07 18:08:31.646,1.61455,1.61495,0.05,0.20
2008.02.07 18:08:32.004,1.61455,1.61495,0.05,0.20
2008.02.07 18:08:32.237,1.61455,1.61495,0.05,0.20
2008.02.07 18:08:32.476,1.6145,1.6149,1.80,0.20
2008.02.07 18:08:32.669,1.6145,1.6149,1.00,0.20
2008.02.07 18:08:32.988,1.6145,1.61485,1.00,0.20
2008.02.07 18:08:33.180,1.6144,1.6148,5.00,0.20
2008.02.07 18:08:33.373,1.6144,1.6148,1.80,0.70
2008.02.07 18:08:33.565,1.6144,1.61455,1.80,0.20
2008.02.07 18:08:33.759,1.61435,1.6144,4.00,0.60
2008.02.07 18:08:33.987,1.6143,1.6144,4.00,0.60
2008.02.07 18:08:34.215,1.61425,1.6144,1.60,0.60
2008.02.07 18:08:34.443,1.61425,1.6144,1.60,0.60
2008.02.07 18:08:34.475,1.61425,1.6144,0.70,0.60
2008.02.07 18:08:34.672,1.61425,1.6144,0.60,0.60
2008.02.07 18:08:34.899,1.61425,1.6144,1.10,0.60
2008.02.07 18:08:35.127,1.61425,1.6144,1.10,0.60
2008.02.07 18:08:35.356,1.61425,1.6144,0.80,0.60
2008.02.07 18:08:35.681,1.61425,1.6144,1.60,0.60
2008.02.07 18:08:35.878,1.61425,1.6144,1.60,0.60
2008.02.07 18:08:36.077,1.61425,1.6144,1.60,0.60
2008.02.07 18:08:36.398,1.61425,1.6144,1.60,0.60
2008.02.07 18:08:36.595,1.6145,1.6146,1.00,4.00
2008.02.07 18:08:36.793,1.6145,1.6146,1.00,4.00
2008.02.07 18:08:37.076,1.6144,1.61465,0.80,4.00
2008.02.07 18:08:37.359,1.61425,1.61465,1.60,4.00
2008.02.07 18:08:37.642,1.61425,1.6147,1.60,0.20
2008.02.07 18:08:37.925,1.61425,1.6147,1.60,0.20
2008.02.07 18:08:38.196,1.61425,1.6147,1.60,0.20
2008.02.07 18:08:38.379,1.61425,1.6147,1.60,0.20
2008.02.07 18:08:38.562,1.61425,1.6147,1.60,0.20
2008.02.07 18:08:38.744,1.61425,1.6147,1.60,0.20
2008.02.07 18:08:38.928,1.61425,1.6147,1.60,0.20
2008.02.07 18:08:39.223,1.6143,1.6147,0.05,0.60
2008.02.07 18:08:39.516,1.6143,1.6147,0.05,0.60
2008.02.07 18:08:39.934,1.61425,1.61465,2.40,0.20
2008.02.07 18:08:40.333,1.61425,1.6146,1.60,0.20
