2007.08.10 05:00:01.186,1.6205,1.6208,3.60,4.80
2007.08.10 05:00:01.243,1.6205,1.6209,13.60,1.60
2007.08.10 05:00:01.269,1.6205,1.621,12.00,4.80
2007.08.10 05:00:08.184,1.6204,1.6211,13.60,4.10
2007.08.10 05:00:08.231,1.6204,1.6209,13.60,4.80
2007.08.10 05:00:08.551,1.6204,1.6209,13.60,7.30
2007.08.10 05:00:08.677,1.6206,1.6209,2.30,2.50
2007.08.10 05:00:08.765,1.6206,1.6209,2.80,4.10
2007.08.10 05:00:09.454,1.6205,1.6209,13.60,2.50
2007.08.10 05:00:09.738,1.6203,1.6209,1.70,7.30
2007.08.10 05:00:09.806,1.6204,1.6209,13.60,7.30
2007.08.10 05:00:10.636,1.6205,1.6209,0.90,4.80
2007.08.10 05:00:10.735,1.6206,1.621,2.00,4.80
2007.08.10 05:00:12.167,1.6204,1.621,0.90,4.80
2007.08.10 05:00:12.262,1.6203,1.621,2.50,4.80
2007.08.10 05:00:12.267,1.6201,1.6211,11.50,2.50
2007.08.10 05:00:13.215,1.6201,1.6209,11.50,4.80
2007.08.10 05:00:15.591,1.6201,1.6209,11.50,4.80
2007.08.10 05:00:15.726,1.6204,1.6209,6.40,4.80
2007.08.10 05:00:15.823,1.6203,1.621,8.80,12.00
2007.08.10 05:00:16.579,1.6205,1.6209,4.80,4.80
2007.08.10 05:00:17.077,1.6204,1.621,1.60,12.00
2007.08.10 05:00:17.169,1.6204,1.6209,1.60,2.50
2007.08.10 05:00:17.263,1.6203,1.6209,9.80,2.50
2007.08.10 05:00:20.924,1.62065,1.6209,4.80,2.50
2007.08.10 05:00:20.996,1.6207,1.6209,1.60,2.50
2007.08.10 05:00:21.300,1.62065,1.6209,4.80,2.50
2007.08.10 05:00:25.637,1.62065,1.621,4.80,1.60
2007.08.10 05:00:25.743,1.62065,1.62105,4.80,4.80
2007.08.10 05:00:25.767,1.62075,1.6211,4.80,4.10
2007.08.10 05:00:29.604,1.62075,1.6211,4.80,11.40
2007.08.10 05:00:29.819,1.6207,1.621,1.60,1.60
2007.08.10 05:00:31.101,1.62075,1.621,4.80,1.60
2007.08.10 05:00:31.226,1.62075,1.6211,4.80,4.10
2007.08.10 05:00:34.146,1.62075,1.6211,4.80,1.60
2007.08.10 05:00:34.165,1.6206,1.6211,1.60,1.60
2007.08.10 05:00:34.272,1.6205,1.62085,1.60,4.80
2007.08.10 05:00:35.199,1.62055,1.6209,4.80,4.10
2007.08.10 05:00:35.308,1.62055,1.6209,4.80,2.50
2007.08.10 05:00:44.322,1.62055,1.6209,4.80,4.10
2007.08.10 05:00:46.036,1.62055,1.62095,4.80,8.90
2007.08.10 05:00:48.267,1.62055,1.62095,4.80,7.30
2007.08.10 05:00:55.701,1.62055,1.62095,4.80,14.60
2007.08.10 05:00:55.828,1.6205,1.62085,1.60,6.40
2007.08.10 05:00:56.957,1.62045,1.62085,4.80,6.40
2007.08.10 05:00:59.769,1.62045,1.6207,4.80,0.90
2007.08.10 05:00:59.856,1.6201,1.6208,11.40,11.50
2007.08.10 05:00:59.962,1.62025,1.62065,4.80,0.60
2007.08.10 05:01:00.694,1.62025,1.6206,4.80,0.90
2007.08.10 05:01:00.737,1.62015,1.62055,4.80,0.70
2007.08.10 05:01:03.792,1.62025,1.62065,4.80,0.50
2007.08.10 05:01:09.190,1.62025,1.62065,4.80,12.00
2007.08.10 05:01:09.313,1.62025,1.62065,4.80,13.60
2007.08.10 05:01:09.410,1.6202,1.6206,1.60,13.60
2007.08.10 05:01:09.818,1.6203,1.62055,1.60,0.50
2007.08.10 05:01:09.957,1.62035,1.6207,4.80,0.50
2007.08.10 05:01:11.263,1.6203,1.6207,1.60,8.90
2007.08.10 05:01:11.895,1.62015,1.6206,4.80,13.60
2007.08.10 05:01:12.025,1.6202,1.62055,1.60,6.40
2007.08.10 05:01:17.393,1.62015,1.6205,4.80,1.60
2007.08.10 05:01:20.817,1.6202,1.6205,1.60,1.60
2007.08.10 05:01:23.843,1.6202,1.62055,1.60,4.80
2007.08.10 05:01:25.402,1.6202,1.6205,1.60,1.60
2007.08.10 05:01:33.896,1.62015,1.6205,4.80,1.60
2007.08.10 05:01:33.968,1.6201,1.62045,1.60,4.80
2007.08.10 05:01:34.299,1.6201,1.6204,1.60,1.60
2007.08.10 05:01:34.714,1.6201,1.6204,1.60,8.80
2007.08.10 05:01:34.750,1.6201,1.62035,1.60,4.80
2007.08.10 05:01:34.935,1.62,1.62035,1.60,4.80
2007.08.10 05:01:35.962,1.6201,1.62035,1.60,4.80
2007.08.10 05:01:36.893,1.62,1.62035,1.60,4.80
2007.08.10 05:01:37.820,1.62005,1.6204,4.80,8.80
2007.08.10 05:01:37.924,1.62005,1.62045,4.80,4.80
2007.08.10 05:01:45.267,1.62005,1.62045,4.80,0.50
2007.08.10 05:02:08.001,1.6201,1.6206,1.60,13.80
2007.08.10 05:02:09.044,1.62005,1.62045,4.80,0.70
2007.08.10 05:02:11.491,1.6201,1.6206,4.80,13.60
2007.08.10 05:02:12.248,1.6201,1.6206,12.00,6.40
2007.08.10 05:02:12.305,1.62015,1.6206,4.80,6.40
2007.08.10 05:02:24.379,1.6202,1.62055,7.20,4.80
2007.08.10 05:02:24.470,1.6202,1.6208,7.20,1.70
2007.08.10 05:02:24.502,1.62045,1.6208,4.80,1.70
2007.08.10 05:02:24.591,1.62045,1.6208,4.80,1.60
2007.08.10 05:02:24.882,1.6205,1.6208,1.60,1.60
2007.08.10 05:02:27.803,1.62055,1.6208,4.80,1.60
2007.08.10 05:02:27.907,1.62055,1.6209,4.80,1.60
2007.08.10 05:02:28.827,1.62045,1.62085,4.80,4.80
2007.08.10 05:02:28.925,1.6205,1.62085,1.60,4.80
2007.08.10 05:02:31.376,1.62055,1.6209,4.80,1.60
2007.08.10 05:02:31.540,1.62055,1.62095,4.80,4.80
2007.08.10 05:02:31.880,1.6204,1.621,8.80,1.60
2007.08.10 05:02:31.962,1.62065,1.621,4.80,1.60
2007.08.10 05:02:34.934,1.62055,1.62095,4.80,4.80
2007.08.10 05:02:34.950,1.62055,1.6208,4.80,1.60
2007.08.10 05:02:35.464,1.62045,1.6208,4.80,1.60
2007.08.10 05:02:37.940,1.6205,1.6208,1.60,1.60
2007.08.10 05:02:40.535,1.6205,1.62085,1.60,4.80
2007.08.10 05:02:42.055,1.62065,1.621,4.80,1.70
2007.08.10 05:02:42.105,1.62065,1.621,4.80,1.60
2007.08.10 05:02:43.582,1.6205,1.621,6.40,1.60
2007.08.10 05:02:45.878,1.62055,1.62095,6.40,4.80
2007.08.10 05:02:46.013,1.62055,1.62095,1.70,4.80
2007.08.10 05:02:47.414,1.6206,1.621,1.60,4.80
2007.08.10 05:02:47.469,1.6204,1.621,1.00,6.40
2007.08.10 05:02:47.685,1.6207,1.621,1.80,1.60
2007.08.10 05:02:48.925,1.6206,1.6211,6.40,12.00
2007.08.10 05:02:48.973,1.6206,1.6209,6.40,1.60
2007.08.10 05:02:50.980,1.6206,1.62115,13.60,4.80
2007.08.10 05:02:55.338,1.6207,1.6212,6.40,6.40
2007.08.10 05:02:55.796,1.6207,1.6214,13.60,0.20
2007.08.10 05:02:55.858,1.62085,1.6212,1.60,1.60
2007.08.10 05:02:55.890,1.6208,1.62125,13.60,4.80
2007.08.10 05:02:56.303,1.6208,1.6212,6.40,1.60
2007.08.10 05:02:56.377,1.62075,1.62115,6.40,4.80
2007.08.10 05:02:56.411,1.62075,1.62115,0.50,4.80
2007.08.10 05:02:56.905,1.6207,1.6212,6.40,6.40
2007.08.10 05:02:56.928,1.6208,1.6212,2.20,4.80
2007.08.10 05:02:57.405,1.6207,1.62115,6.40,4.80
2007.08.10 05:03:03.042,1.62075,1.6211,0.90,1.60
2007.08.10 05:03:05.310,1.6206,1.62105,13.60,4.80
2007.08.10 05:03:05.408,1.62065,1.621,1.60,8.80
2007.08.10 05:03:05.523,1.6205,1.6209,6.40,1.60
2007.08.10 05:03:05.865,1.6205,1.6209,6.40,1.60
2007.08.10 05:03:06.033,1.62055,1.62095,2.60,4.80
2007.08.10 05:03:06.239,1.62055,1.62095,6.40,4.80
2007.08.10 05:03:06.358,1.6206,1.621,6.40,1.60
2007.08.10 05:03:10.373,1.62065,1.62105,2.30,4.80
2007.08.10 05:03:11.324,1.62065,1.6209,4.80,1.60
2007.08.10 05:03:11.421,1.6204,1.6209,1.60,1.60
2007.08.10 05:03:11.555,1.6204,1.6208,6.40,4.80
2007.08.10 05:03:12.152,1.6205,1.621,1.60,7.40
2007.08.10 05:03:13.190,1.6204,1.6208,6.40,4.80
2007.08.10 05:03:14.415,1.62055,1.6209,4.80,1.60
2007.08.10 05:03:14.437,1.62055,1.62095,4.80,4.80
2007.08.10 05:03:16.938,1.62055,1.6209,4.80,1.60
2007.08.10 05:03:16.954,1.6205,1.62085,1.60,4.80
2007.08.10 05:03:18.480,1.62055,1.6209,4.80,1.60
2007.08.10 05:03:18.591,1.62055,1.62095,4.80,4.80
2007.08.10 05:03:25.858,1.62065,1.62105,4.80,4.80
2007.08.10 05:03:26.059,1.62065,1.621,4.80,1.60
2007.08.10 05:03:28.113,1.62065,1.62105,4.80,4.80
2007.08.10 05:03:28.661,1.6207,1.6211,4.80,4.80
2007.08.10 05:03:29.265,1.6207,1.6213,4.80,1.70
2007.08.10 05:03:29.373,1.6205,1.6213,1.60,1.70
2007.08.10 05:03:29.445,1.62065,1.62105,4.80,4.80
2007.08.10 05:03:30.964,1.62055,1.62095,4.80,4.80
2007.08.10 05:03:31.460,1.6206,1.62095,1.60,4.80
2007.08.10 05:03:31.486,1.62065,1.62105,4.80,4.80
2007.08.10 05:03:32.998,1.6207,1.6211,4.80,6.40
2007.08.10 05:03:33.014,1.6205,1.621,7.20,1.60
2007.08.10 05:03:34.442,1.6204,1.621,1.30,8.80
2007.08.10 05:03:34.536,1.6207,1.6209,4.80,1.60
2007.08.10 05:03:34.550,1.6206,1.6209,1.60,1.60
2007.08.10 05:03:36.562,1.62065,1.6209,4.80,1.60
2007.08.10 05:03:36.619,1.62065,1.62105,4.80,4.80
2007.08.10 05:03:37.143,1.6205,1.6211,8.80,6.40
2007.08.10 05:03:37.152,1.6205,1.621,7.20,1.60
2007.08.10 05:03:37.366,1.6205,1.6211,7.20,4.80
2007.08.10 05:03:38.092,1.6204,1.6211,7.40,4.80
2007.08.10 05:03:38.408,1.6204,1.6211,7.40,6.40
2007.08.10 05:03:38.621,1.6205,1.6211,1.50,4.80
2007.08.10 05:03:40.490,1.6205,1.6212,8.80,8.80
2007.08.10 05:03:40.558,1.621,1.6213,0.90,4.90
2007.08.10 05:03:40.773,1.6209,1.6213,6.40,4.80
2007.08.10 05:03:42.520,1.6206,1.6214,12.20,1.60
2007.08.10 05:03:42.640,1.6205,1.6214,0.50,1.70
2007.08.10 05:03:44.526,1.6205,1.6214,2.20,1.70
2007.08.10 05:03:44.576,1.6208,1.6211,1.00,4.80
2007.08.10 05:03:47.005,1.6208,1.6211,4.80,4.80
2007.08.10 05:03:47.098,1.6207,1.6213,12.00,0.20
2007.08.10 05:03:47.120,1.6209,1.6213,6.40,4.90
2007.08.10 05:03:47.193,1.6209,1.6213,6.40,4.80
2007.08.10 05:03:52.491,1.621,1.6214,6.40,1.60
2007.08.10 05:03:52.801,1.621,1.6214,6.40,1.60
2007.08.10 05:03:53.438,1.62115,1.62155,6.40,4.80
2007.08.10 05:03:54.058,1.6212,1.62145,1.00,4.80
2007.08.10 05:03:54.172,1.62105,1.62145,6.40,4.80
2007.08.10 05:03:56.505,1.621,1.6216,6.40,9.00
2007.08.10 05:03:59.042,1.6211,1.6214,0.60,4.80
2007.08.10 05:03:59.129,1.6208,1.6215,12.00,7.20
2007.08.10 05:03:59.244,1.6208,1.6215,13.60,7.40
2007.08.10 05:03:59.565,1.6209,1.6215,1.40,0.20
2007.08.10 05:03:59.644,1.6208,1.6215,8.80,4.90
2007.08.10 05:03:59.664,1.6209,1.6215,3.80,4.80
2007.08.10 05:03:59.876,1.6212,1.6215,0.70,4.80
2007.08.10 05:04:00.176,1.6212,1.62155,0.80,4.80
2007.08.10 05:04:00.453,1.6212,1.6216,6.40,1.60
2007.08.10 05:04:01.231,1.62125,1.62165,0.50,4.80
2007.08.10 05:04:05.386,1.6213,1.62165,0.50,4.80
2007.08.10 05:04:07.372,1.62125,1.62165,2.70,4.80
2007.08.10 05:04:10.573,1.6212,1.6215,6.40,7.20
2007.08.10 05:04:10.626,1.6212,1.62145,1.20,4.80
2007.08.10 05:04:10.782,1.62105,1.62145,1.30,4.80
2007.08.10 05:04:15.158,1.6207,1.62145,9.00,4.80
2007.08.10 05:04:15.208,1.62095,1.62135,1.00,4.80
2007.08.10 05:04:16.261,1.62095,1.62135,12.00,4.80
2007.08.10 05:04:20.043,1.621,1.6214,12.00,1.60
2007.08.10 05:04:21.079,1.62095,1.62135,13.60,4.80
2007.08.10 05:04:21.160,1.62095,1.62135,12.00,4.80
2007.08.10 05:04:21.585,1.62085,1.62125,1.20,4.80
2007.08.10 05:04:22.091,1.6207,1.62115,6.40,4.80
2007.08.10 05:04:22.211,1.6203,1.62115,9.00,4.80
2007.08.10 05:04:22.408,1.6204,1.62115,8.80,4.80
2007.08.10 05:04:22.626,1.6205,1.62095,6.40,4.80
2007.08.10 05:04:29.246,1.6201,1.62095,8.90,4.80
2007.08.10 05:04:29.353,1.6201,1.62095,8.80,4.80
2007.08.10 05:04:29.753,1.62035,1.621,4.80,7.40
2007.08.10 05:04:29.863,1.6201,1.621,8.80,9.00
2007.08.10 05:04:30.001,1.62025,1.621,4.80,9.00
2007.08.10 05:04:30.068,1.62025,1.62065,4.80,4.80
2007.08.10 05:04:32.826,1.62015,1.6208,4.80,7.20
2007.08.10 05:04:32.896,1.62015,1.62055,4.80,4.80
2007.08.10 05:04:33.389,1.6201,1.62045,1.60,4.80
2007.08.10 05:04:37.691,1.62015,1.62055,4.80,4.80
2007.08.10 05:04:41.721,1.62015,1.6204,4.80,7.20
2007.08.10 05:04:41.759,1.62,1.62035,1.60,4.80
2007.08.10 05:04:41.817,1.61995,1.62035,4.80,4.80
2007.08.10 05:04:45.573,1.6199,1.62025,1.60,4.80
2007.08.10 05:04:47.619,1.6199,1.62025,1.60,0.90
2007.08.10 05:04:52.291,1.61985,1.62025,4.80,0.80
2007.08.10 05:04:52.517,1.6199,1.6203,4.80,0.70
2007.08.10 05:04:58.301,1.6197,1.6203,7.20,0.60
2007.08.10 05:05:00.151,1.62,1.6205,4.80,12.20
2007.08.10 05:05:00.292,1.6197,1.6204,8.60,0.80
2007.08.10 05:05:01.790,1.62,1.6206,6.40,0.70
2007.08.10 05:05:01.992,1.62005,1.62045,4.80,0.60
2007.08.10 05:05:02.009,1.6201,1.6206,1.60,13.60
2007.08.10 05:05:06.708,1.6202,1.62045,1.60,0.70
2007.08.10 05:05:10.209,1.62025,1.6206,4.80,0.60
2007.08.10 05:05:10.318,1.62025,1.6207,4.80,6.50
2007.08.10 05:05:11.312,1.6203,1.6207,1.60,6.40
2007.08.10 05:05:13.261,1.62025,1.6207,4.80,6.40
2007.08.10 05:05:15.241,1.6203,1.62065,1.60,0.80
2007.08.10 05:05:17.433,1.62025,1.62065,4.80,4.80
2007.08.10 05:05:18.813,1.62015,1.62055,4.80,4.80
2007.08.10 05:05:22.307,1.6202,1.62055,1.60,4.80
2007.08.10 05:05:22.381,1.62025,1.62065,4.80,4.80
2007.08.10 05:05:30.472,1.6203,1.62065,1.60,4.80
2007.08.10 05:05:32.712,1.6203,1.62065,0.70,4.80
2007.08.10 05:05:38.670,1.6203,1.62055,0.80,4.80
2007.08.10 05:05:38.789,1.62015,1.62055,6.40,4.80
2007.08.10 05:05:38.932,1.6201,1.62055,13.60,4.80
2007.08.10 05:05:41.445,1.62015,1.62055,6.40,4.80
2007.08.10 05:05:45.243,1.6203,1.62055,1.10,4.80
2007.08.10 05:05:45.291,1.62025,1.62065,6.40,4.80
2007.08.10 05:05:48.299,1.6202,1.62065,6.40,4.80
2007.08.10 05:05:48.351,1.6202,1.62055,1.20,4.80
2007.08.10 05:05:49.869,1.62005,1.62045,6.40,4.80
2007.08.10 05:05:56.779,1.62,1.6206,0.80,8.80
2007.08.10 05:05:56.836,1.62,1.6206,1.50,9.00
2007.08.10 05:05:58.323,1.6197,1.6206,2.60,1.70
2007.08.10 05:05:58.443,1.6198,1.6204,1.10,12.00
2007.08.10 05:05:58.543,1.6198,1.6203,6.40,4.80
2007.08.10 05:05:58.759,1.6199,1.6202,1.40,7.20
2007.08.10 05:05:58.806,1.6197,1.6201,6.40,4.80
2007.08.10 05:05:58.865,1.6196,1.6201,6.50,4.80
2007.08.10 05:05:59.317,1.6196,1.6202,2.80,7.20
2007.08.10 05:05:59.410,1.6195,1.6202,6.40,7.20
2007.08.10 05:05:59.846,1.6193,1.6202,1.40,7.20
2007.08.10 05:06:00.264,1.6191,1.6199,8.80,4.80
2007.08.10 05:06:00.373,1.6193,1.62,6.40,7.20
2007.08.10 05:06:01.265,1.6193,1.6198,6.40,12.00
2007.08.10 05:06:01.385,1.619,1.6197,7.40,4.80
2007.08.10 05:06:01.941,1.619,1.6197,14.60,4.80
2007.08.10 05:06:02.336,1.6192,1.6199,14.80,0.20
2007.08.10 05:06:02.439,1.6193,1.6199,2.00,4.80
2007.08.10 05:06:02.988,1.6195,1.6199,6.40,4.80
2007.08.10 05:06:04.242,1.6195,1.6199,1.00,4.80
2007.08.10 05:06:04.510,1.6193,1.62,12.00,7.20
2007.08.10 05:06:04.580,1.6195,1.62,0.80,7.20
2007.08.10 05:06:04.595,1.6194,1.62,6.40,7.40
2007.08.10 05:06:05.225,1.6195,1.62,1.80,0.20
2007.08.10 05:06:05.277,1.6195,1.62,13.60,4.90
2007.08.10 05:06:05.444,1.6195,1.6202,13.60,8.80
2007.08.10 05:06:05.560,1.6196,1.6202,2.40,9.00
2007.08.10 05:06:06.011,1.6193,1.6203,1.40,9.00
2007.08.10 05:06:06.078,1.6196,1.6203,13.60,9.00
2007.08.10 05:06:06.941,1.6197,1.6203,2.20,9.00
2007.08.10 05:06:07.311,1.6196,1.6203,13.60,9.00
2007.08.10 05:06:07.400,1.6197,1.6203,1.70,9.00
2007.08.10 05:06:09.300,1.6196,1.6201,6.40,4.80
2007.08.10 05:06:09.397,1.6196,1.62005,6.40,4.80
2007.08.10 05:06:09.929,1.6195,1.6202,13.60,7.40
2007.08.10 05:06:10.051,1.6195,1.6202,13.60,9.00
2007.08.10 05:06:10.369,1.6196,1.6202,0.60,7.20
2007.08.10 05:06:10.468,1.6197,1.6201,0.80,4.80
2007.08.10 05:06:11.753,1.6196,1.6203,13.60,7.40
2007.08.10 05:06:11.767,1.6194,1.6202,9.00,4.80
2007.08.10 05:06:11.862,1.6197,1.6202,6.40,4.80
2007.08.10 05:06:13.025,1.61985,1.62025,2.10,4.80
2007.08.10 05:06:14.845,1.6196,1.6202,0.90,4.80
2007.08.10 05:06:15.022,1.6198,1.6202,0.50,4.80
2007.08.10 05:06:15.790,1.6197,1.6204,13.60,9.00
2007.08.10 05:06:15.871,1.6195,1.6203,9.00,4.80
2007.08.10 05:06:16.003,1.6195,1.6203,7.40,4.80
2007.08.10 05:06:16.307,1.6198,1.6203,13.60,4.80
2007.08.10 05:06:16.386,1.6199,1.6204,6.40,6.40
2007.08.10 05:06:16.412,1.62,1.6204,0.50,4.80
2007.08.10 05:06:16.919,1.6199,1.6205,3.10,6.40
2007.08.10 05:06:16.975,1.6198,1.6205,9.00,4.80
2007.08.10 05:06:18.737,1.6199,1.62045,13.60,4.80
2007.08.10 05:06:20.842,1.6199,1.6205,1.20,1.60
2007.08.10 05:06:20.902,1.62,1.62055,6.40,4.80
2007.08.10 05:06:21.395,1.6201,1.6206,6.40,6.40
2007.08.10 05:06:21.436,1.62,1.6206,3.30,6.40
2007.08.10 05:06:21.746,1.6198,1.6206,7.40,13.60
2007.08.10 05:06:21.873,1.6201,1.6206,6.40,13.60
2007.08.10 05:06:21.917,1.6201,1.62055,6.40,4.80
2007.08.10 05:06:22.936,1.6201,1.6205,6.40,1.60
2007.08.10 05:06:22.975,1.62005,1.62045,6.40,4.80
2007.08.10 05:06:50.774,1.62005,1.62045,13.60,4.80
2007.08.10 05:06:50.977,1.6201,1.6206,13.60,1.60
2007.08.10 05:06:50.999,1.62025,1.62065,6.40,4.80
2007.08.10 05:06:51.439,1.62025,1.62065,6.40,4.80
2007.08.10 05:06:51.969,1.62025,1.62065,2.70,4.80
2007.08.10 05:06:51.991,1.6202,1.62055,1.00,4.80
2007.08.10 05:06:52.496,1.6201,1.62055,13.60,4.80
2007.08.10 05:06:56.470,1.6201,1.6205,6.40,1.60
2007.08.10 05:06:56.564,1.6201,1.62045,1.20,4.80
2007.08.10 05:07:01.471,1.6201,1.6207,7.20,1.70
2007.08.10 05:07:01.480,1.62015,1.62055,4.80,4.80
2007.08.10 05:07:02.440,1.62025,1.62065,4.80,4.80
2007.08.10 05:07:02.899,1.6203,1.62065,1.60,4.80
2007.08.10 05:07:11.987,1.62025,1.62065,4.80,4.80
2007.08.10 05:07:14.077,1.6203,1.62065,1.60,4.80
2007.08.10 05:07:15.243,1.62025,1.62065,4.80,4.80
2007.08.10 05:07:18.938,1.6203,1.62065,1.60,4.80
2007.08.10 05:07:20.005,1.62025,1.62065,4.80,4.80
2007.08.10 05:07:20.756,1.62025,1.6206,4.80,7.20
2007.08.10 05:07:20.826,1.6199,1.6206,7.40,12.00
2007.08.10 05:07:22.244,1.6202,1.6206,6.40,4.80
2007.08.10 05:07:22.343,1.6203,1.6206,1.60,4.80
2007.08.10 05:07:22.374,1.6203,1.62065,1.60,4.80
2007.08.10 05:07:23.311,1.62025,1.62065,4.80,4.80
2007.08.10 05:07:24.245,1.6203,1.62065,1.60,4.80
2007.08.10 05:07:24.566,1.62025,1.62065,4.80,4.80
2007.08.10 05:07:25.405,1.62025,1.62065,0.60,4.80
2007.08.10 05:07:27.494,1.62035,1.62075,4.80,4.80
2007.08.10 05:07:29.806,1.62025,1.62065,4.80,4.80
2007.08.10 05:07:29.929,1.6203,1.6206,1.60,7.20
2007.08.10 05:07:30.016,1.62025,1.6206,4.80,8.80
2007.08.10 05:07:30.072,1.6202,1.62045,1.60,4.80
2007.08.10 05:07:33.887,1.6202,1.62055,1.60,4.80
2007.08.10 05:07:33.928,1.62015,1.62055,4.80,4.80
2007.08.10 05:07:35.970,1.6202,1.6206,4.80,4.80
2007.08.10 05:07:36.015,1.62,1.6206,7.20,4.80
2007.08.10 05:07:36.456,1.62,1.6206,7.20,6.40
2007.08.10 05:07:37.307,1.62,1.6206,7.20,4.80
2007.08.10 05:07:50.814,1.62025,1.62065,4.80,4.80
2007.08.10 05:07:52.890,1.62,1.6206,8.40,4.80
2007.08.10 05:07:52.938,1.6203,1.6206,1.60,4.80
2007.08.10 05:08:00.211,1.62,1.6206,7.20,4.80
2007.08.10 05:08:01.279,1.6203,1.6206,1.60,4.80
2007.08.10 05:08:01.804,1.6203,1.6206,1.60,12.00
2007.08.10 05:08:01.826,1.6203,1.62055,1.60,4.80
2007.08.10 05:08:02.019,1.6202,1.62055,1.60,4.80
2007.08.10 05:08:05.132,1.62015,1.62055,4.80,4.80
2007.08.10 05:08:13.189,1.6202,1.62055,1.60,4.80
2007.08.10 05:08:13.290,1.6199,1.6206,7.20,13.60
2007.08.10 05:08:13.298,1.62,1.6206,7.20,6.40
2007.08.10 05:08:21.171,1.6202,1.6206,4.80,4.80
2007.08.10 05:08:21.225,1.6199,1.6207,0.20,1.60
2007.08.10 05:08:21.466,1.6198,1.6207,0.20,1.70
2007.08.10 05:08:23.299,1.6198,1.6207,1.30,0.20
2007.08.10 05:08:24.371,1.6198,1.6207,1.30,1.70
2007.08.10 05:08:27.223,1.6201,1.6207,12.00,1.70
2007.08.10 05:08:27.634,1.6202,1.6206,4.80,4.80
2007.08.10 05:08:27.831,1.6202,1.6206,2.10,4.80
2007.08.10 05:08:28.267,1.6201,1.6208,13.60,7.40
2007.08.10 05:08:28.666,1.6201,1.6205,13.60,4.80
2007.08.10 05:08:28.684,1.62,1.6207,13.60,1.60
2007.08.10 05:08:28.884,1.62,1.6207,13.60,1.70
2007.08.10 05:08:29.100,1.62,1.6207,13.60,9.00
2007.08.10 05:08:30.026,1.6201,1.6207,2.70,1.70
2007.08.10 05:08:30.144,1.6198,1.6207,1.30,0.20
2007.08.10 05:08:30.197,1.62,1.6204,6.40,4.80
2007.08.10 05:08:33.298,1.6201,1.62045,0.60,4.80
2007.08.10 05:08:34.559,1.6198,1.6205,7.40,4.80
2007.08.10 05:08:39.299,1.6198,1.6205,4.00,12.00
2007.08.10 05:08:39.456,1.62005,1.62045,6.40,4.80
2007.08.10 05:08:41.770,1.62,1.6204,6.40,4.80
2007.08.10 05:08:45.214,1.6197,1.6204,7.40,4.80
2007.08.10 05:08:47.469,1.6201,1.6204,0.50,4.80
2007.08.10 05:09:02.625,1.6201,1.6206,1.60,1.70
2007.08.10 05:09:02.642,1.6201,1.6205,6.40,4.80
2007.08.10 05:09:02.741,1.6201,1.6207,6.40,7.40
2007.08.10 05:09:03.917,1.6202,1.6207,1.60,7.40
2007.08.10 05:09:04.936,1.6202,1.6207,1.60,0.50
2007.08.10 05:09:07.800,1.6201,1.6209,6.40,9.00
2007.08.10 05:09:07.856,1.6202,1.6207,4.80,12.20
2007.08.10 05:09:09.596,1.6202,1.6208,12.00,0.70
2007.08.10 05:09:09.802,1.6203,1.6213,1.60,9.60
2007.08.10 05:09:09.832,1.6203,1.6213,6.40,9.60
2007.08.10 05:09:11.889,1.62,1.621,0.20,8.90
2007.08.10 05:09:11.974,1.6204,1.621,1.60,0.80
2007.08.10 05:09:12.215,1.6204,1.6214,6.40,9.60
2007.08.10 05:09:15.788,1.6204,1.6214,1.60,9.60
2007.08.10 05:09:15.818,1.6204,1.6209,1.60,12.00
2007.08.10 05:09:15.930,1.62035,1.6209,4.80,12.00
2007.08.10 05:09:16.236,1.62035,1.6214,4.80,9.60
2007.08.10 05:09:16.311,1.6204,1.621,4.80,0.60
2007.08.10 05:09:16.352,1.6204,1.6214,6.40,9.60
2007.08.10 05:09:17.341,1.62035,1.62075,4.80,0.90
2007.08.10 05:09:18.383,1.6203,1.6213,6.40,9.60
2007.08.10 05:09:20.081,1.6203,1.6209,6.40,0.60
2007.08.10 05:09:21.319,1.6203,1.6209,6.40,0.60
2007.08.10 05:09:25.799,1.6204,1.6209,4.80,13.80
2007.08.10 05:09:25.860,1.6205,1.6208,1.60,0.60
2007.08.10 05:09:26.318,1.6203,1.621,4.80,8.90
2007.08.10 05:09:26.392,1.6204,1.621,1.60,9.00
2007.08.10 05:09:26.802,1.6203,1.621,6.40,7.40
2007.08.10 05:09:26.822,1.6204,1.6209,4.80,12.00
2007.08.10 05:09:27.748,1.6204,1.621,4.80,0.80
2007.08.10 05:09:27.894,1.6203,1.621,8.80,12.00
2007.08.10 05:09:27.953,1.6205,1.621,4.80,12.00
2007.08.10 05:09:29.700,1.6205,1.6212,12.00,7.40
2007.08.10 05:09:29.770,1.6206,1.6211,4.80,5.00
2007.08.10 05:09:29.902,1.6206,1.6212,4.80,0.60
2007.08.10 05:09:31.792,1.6207,1.6214,7.20,8.90
2007.08.10 05:09:31.897,1.6207,1.6213,7.20,5.00
2007.08.10 05:09:32.101,1.6207,1.6214,7.20,13.60
2007.08.10 05:09:32.228,1.6206,1.6214,0.20,6.40
2007.08.10 05:09:32.334,1.6209,1.6213,6.40,0.70
2007.08.10 05:09:32.445,1.6209,1.6216,6.40,9.00
2007.08.10 05:09:32.466,1.6209,1.6216,1.60,9.00
2007.08.10 05:09:33.812,1.6209,1.6216,6.40,9.00
2007.08.10 05:09:34.635,1.6206,1.6215,7.40,0.20
2007.08.10 05:09:34.811,1.6209,1.62125,1.60,4.80
2007.08.10 05:09:36.315,1.621,1.62125,1.60,4.80
2007.08.10 05:09:36.361,1.621,1.6213,1.60,4.80
2007.08.10 05:09:37.885,1.621,1.6216,1.60,9.00
2007.08.10 05:09:37.893,1.621,1.6216,6.40,9.00
2007.08.10 05:09:40.811,1.621,1.6216,4.80,7.40
2007.08.10 05:09:41.407,1.621,1.6216,4.80,9.00
2007.08.10 05:09:43.797,1.621,1.6216,4.80,7.40
2007.08.10 05:09:53.367,1.621,1.6216,4.80,9.00
2007.08.10 05:09:54.391,1.621,1.6216,6.40,9.00
2007.08.10 05:09:55.214,1.621,1.622,6.40,9.60
2007.08.10 05:10:02.255,1.621,1.622,4.80,9.60
2007.08.10 05:10:02.364,1.621,1.6216,4.80,0.70
2007.08.10 05:10:02.381,1.6212,1.6215,1.60,0.80
2007.08.10 05:10:04.344,1.6211,1.6216,4.80,13.60
2007.08.10 05:10:04.399,1.621,1.6217,6.40,9.00
2007.08.10 05:10:04.565,1.621,1.6216,6.40,0.70
2007.08.10 05:10:07.207,1.6211,1.6216,4.80,13.80
2007.08.10 05:10:07.334,1.6212,1.6215,1.60,0.80
2007.08.10 05:10:10.319,1.6211,1.6216,4.80,12.00
2007.08.10 05:10:13.363,1.6212,1.6215,1.60,0.50
2007.08.10 05:10:13.835,1.621,1.6217,4.80,9.00
2007.08.10 05:10:13.874,1.621,1.6217,6.40,8.90
2007.08.10 05:10:13.995,1.621,1.6217,6.40,9.00
2007.08.10 05:10:14.352,1.6211,1.6216,4.80,12.20
2007.08.10 05:10:17.320,1.6211,1.6215,4.80,12.00
2007.08.10 05:10:17.413,1.621,1.6214,1.60,13.60
2007.08.10 05:10:17.825,1.621,1.6216,1.60,7.40
2007.08.10 05:10:17.905,1.621,1.6215,6.40,5.00
2007.08.10 05:10:18.003,1.621,1.6217,6.40,9.00
2007.08.10 05:10:18.454,1.6211,1.6217,1.60,9.00
2007.08.10 05:10:21.871,1.621,1.622,6.40,9.60
2007.08.10 05:10:22.910,1.6211,1.6216,1.60,7.40
2007.08.10 05:10:25.811,1.6209,1.6213,4.80,4.80
2007.08.10 05:10:25.908,1.6207,1.6213,7.40,4.80
2007.08.10 05:10:26.331,1.6206,1.6214,0.20,7.20
2007.08.10 05:10:30.780,1.6205,1.6215,7.20,0.20
2007.08.10 05:10:30.971,1.6208,1.6211,1.60,4.80
2007.08.10 05:10:32.789,1.6208,1.6213,1.60,0.20
2007.08.10 05:10:32.975,1.6207,1.6213,12.00,0.20
2007.08.10 05:10:33.013,1.6209,1.6213,4.80,4.90
2007.08.10 05:10:33.086,1.6209,1.6213,4.80,4.80
2007.08.10 05:10:37.677,1.6209,1.6214,4.80,12.00
2007.08.10 05:10:37.846,1.6207,1.6211,4.80,0.90
2007.08.10 05:10:37.940,1.6208,1.6211,1.60,0.70
2007.08.10 05:10:39.301,1.6208,1.6214,1.60,7.40
2007.08.10 05:10:39.371,1.6209,1.6214,4.80,12.10
2007.08.10 05:10:39.394,1.621,1.6214,1.60,13.70
2007.08.10 05:10:39.513,1.621,1.6214,1.60,13.60
2007.08.10 05:10:43.352,1.621,1.6213,1.60,12.00
2007.08.10 05:10:43.448,1.6207,1.6212,1.60,0.50
2007.08.10 05:10:43.650,1.6207,1.6212,1.60,0.60
2007.08.10 05:10:43.977,1.6206,1.6212,6.40,0.50
2007.08.10 05:10:47.914,1.6207,1.6213,1.60,9.00
2007.08.10 05:10:50.302,1.6207,1.6211,1.60,12.00
2007.08.10 05:10:50.400,1.6206,1.6211,1.60,12.00
2007.08.10 05:10:50.914,1.6206,1.6213,1.60,9.00
2007.08.10 05:10:51.334,1.6206,1.6213,1.60,1.80
2007.08.10 05:10:51.499,1.6204,1.6208,4.80,0.80
2007.08.10 05:10:52.797,1.6204,1.6211,12.00,9.00
2007.08.10 05:10:52.933,1.6206,1.621,1.60,5.00
2007.08.10 05:10:52.998,1.6205,1.6215,4.80,9.60
2007.08.10 05:10:54.956,1.6205,1.6212,4.80,7.40
2007.08.10 05:10:54.998,1.6206,1.6211,4.80,12.00
2007.08.10 05:10:56.328,1.6208,1.6211,1.60,12.00
2007.08.10 05:10:56.413,1.6208,1.6217,1.60,9.60
2007.08.10 05:10:56.590,1.6208,1.62115,1.60,0.60
2007.08.10 05:10:56.878,1.6208,1.6213,6.40,6.40
2007.08.10 05:10:56.938,1.6209,1.6213,1.60,6.40
2007.08.10 05:10:59.334,1.6206,1.6212,9.80,0.90
2007.08.10 05:10:59.430,1.6209,1.6213,1.60,13.80
2007.08.10 05:10:59.467,1.62065,1.6217,4.80,9.60
2007.08.10 05:11:00.467,1.6208,1.6217,1.60,9.60
2007.08.10 05:11:01.491,1.6208,1.62105,1.60,0.80
2007.08.10 05:11:02.548,1.6208,1.6217,1.60,9.60
2007.08.10 05:11:03.812,1.6208,1.6211,1.60,12.00
2007.08.10 05:11:03.879,1.6206,1.6211,7.30,12.00
2007.08.10 05:11:03.926,1.6207,1.6211,1.60,12.00
2007.08.10 05:11:07.460,1.6207,1.62105,1.60,4.80
2007.08.10 05:11:07.930,1.6208,1.62105,1.60,4.80
2007.08.10 05:11:08.012,1.6208,1.6211,1.60,4.80
2007.08.10 05:11:12.308,1.6207,1.6211,6.40,4.80
2007.08.10 05:11:14.862,1.6204,1.621,2.70,7.20
2007.08.10 05:11:14.903,1.6205,1.6209,4.80,4.80
2007.08.10 05:11:15.279,1.6206,1.6209,1.60,4.80
2007.08.10 05:11:16.761,1.6206,1.6209,0.70,4.80
2007.08.10 05:11:24.396,1.6207,1.621,2.00,8.80
2007.08.10 05:11:24.445,1.6207,1.621,1.40,1.60
2007.08.10 05:11:24.537,1.6208,1.6211,1.00,4.90
2007.08.10 05:11:24.646,1.6207,1.6211,6.40,4.80
2007.08.10 05:11:27.447,1.6208,1.621,0.90,7.20
2007.08.10 05:11:27.468,1.6205,1.6209,1.30,4.80
2007.08.10 05:11:27.525,1.6206,1.6209,0.90,4.80
2007.08.10 05:11:28.883,1.6205,1.6209,2.20,4.80
2007.08.10 05:11:31.983,1.6204,1.6211,14.50,1.70
2007.08.10 05:11:32.034,1.6204,1.6211,9.70,6.50
2007.08.10 05:11:32.102,1.6207,1.6211,6.40,4.80
2007.08.10 05:11:34.483,1.6207,1.621,6.40,7.20
2007.08.10 05:11:34.590,1.6203,1.621,9.90,7.20
2007.08.10 05:11:34.597,1.6204,1.6209,7.50,4.80
2007.08.10 05:11:36.353,1.6205,1.6209,6.40,4.80
2007.08.10 05:11:36.396,1.62055,1.62095,6.40,4.80
2007.08.10 05:11:37.953,1.6205,1.6209,6.40,4.80
2007.08.10 05:11:38.012,1.6203,1.6209,14.50,4.80
2007.08.10 05:11:40.744,1.62045,1.62085,7.30,4.80
2007.08.10 05:11:40.813,1.6204,1.62085,7.30,4.80
2007.08.10 05:11:40.908,1.62045,1.62085,6.40,4.80
2007.08.10 05:11:41.456,1.62045,1.6211,6.40,7.40
2007.08.10 05:11:41.522,1.62055,1.62095,6.40,4.80
2007.08.10 05:11:41.555,1.62055,1.62095,6.40,4.80
2007.08.10 05:11:44.579,1.6207,1.62105,1.60,4.80
2007.08.10 05:11:47.338,1.6208,1.62105,1.60,4.80
2007.08.10 05:11:47.419,1.6208,1.6211,1.60,4.80
2007.08.10 05:11:54.272,1.6208,1.62105,1.60,4.80
2007.08.10 05:11:54.497,1.6208,1.6213,1.60,9.00
2007.08.10 05:11:54.532,1.62085,1.62125,4.80,4.80
2007.08.10 05:11:54.607,1.6209,1.62125,1.60,4.80
2007.08.10 05:12:01.245,1.621,1.62125,1.60,4.80
2007.08.10 05:12:04.560,1.6209,1.62125,1.60,4.80
2007.08.10 05:12:09.951,1.6209,1.6211,1.60,7.20
2007.08.10 05:12:10.054,1.62085,1.6211,4.80,7.20
2007.08.10 05:12:10.076,1.6208,1.62105,1.60,4.80
2007.08.10 05:12:12.904,1.6206,1.621,7.30,4.80
2007.08.10 05:12:12.970,1.6207,1.621,1.60,4.80
2007.08.10 05:12:13.305,1.6206,1.621,7.30,4.80
2007.08.10 05:12:15.281,1.6206,1.621,7.30,0.50
2007.08.10 05:12:19.508,1.6208,1.6212,1.60,6.50
2007.08.10 05:12:19.604,1.6208,1.6213,1.60,0.90
2007.08.10 05:12:26.751,1.6208,1.6214,1.60,8.90
2007.08.10 05:12:26.957,1.6208,1.62115,1.60,0.70
2007.08.10 05:12:27.736,1.6208,1.6213,1.60,0.90
2007.08.10 05:12:27.796,1.6208,1.6215,1.60,9.00
2007.08.10 05:12:34.545,1.6208,1.6211,1.60,12.00
2007.08.10 05:12:34.609,1.6206,1.621,7.30,0.50
2007.08.10 05:12:34.642,1.6207,1.621,1.60,0.70
2007.08.10 05:12:38.286,1.6206,1.621,7.30,0.50
2007.08.10 05:12:38.484,1.6206,1.6212,14.60,0.60
2007.08.10 05:12:38.687,1.6208,1.62105,1.60,0.50
2007.08.10 05:12:39.300,1.6208,1.6214,1.60,9.00
2007.08.10 05:12:40.135,1.6208,1.6214,1.60,8.90
2007.08.10 05:12:40.240,1.6208,1.6213,1.60,12.00
2007.08.10 05:12:40.252,1.6209,1.6213,1.60,12.00
2007.08.10 05:12:41.378,1.62075,1.6213,4.80,12.00
2007.08.10 05:12:41.506,1.62065,1.6213,4.80,0.90
2007.08.10 05:12:41.704,1.6208,1.6214,1.60,8.90
2007.08.10 05:12:41.911,1.6208,1.6213,1.60,0.80
2007.08.10 05:12:43.157,1.6207,1.6213,1.60,0.90
2007.08.10 05:12:49.167,1.6207,1.6213,1.60,7.40
2007.08.10 05:12:49.370,1.6206,1.6213,14.60,7.40
2007.08.10 05:12:51.122,1.6206,1.621,7.30,4.80
2007.08.10 05:12:51.171,1.6206,1.6211,2.50,7.20
2007.08.10 05:12:59.114,1.6204,1.6209,2.50,7.20
2007.08.10 05:12:59.739,1.6205,1.6209,1.60,7.20
2007.08.10 05:13:04.612,1.6205,1.621,1.60,1.70
2007.08.10 05:13:04.731,1.6205,1.6211,1.60,7.40
2007.08.10 05:13:05.242,1.6204,1.6211,14.60,9.00
2007.08.10 05:13:05.443,1.6205,1.6211,1.60,7.40
2007.08.10 05:13:07.316,1.6204,1.6211,14.60,7.40
2007.08.10 05:13:12.303,1.6206,1.6211,1.60,7.40
2007.08.10 05:13:12.409,1.6206,1.6212,1.60,9.00
2007.08.10 05:13:12.954,1.6206,1.6212,1.60,7.40
2007.08.10 05:13:20.791,1.6205,1.6212,13.60,7.40
2007.08.10 05:13:29.833,1.6206,1.6212,1.20,7.20
2007.08.10 05:13:30.752,1.62055,1.6212,6.40,7.40
2007.08.10 05:13:31.286,1.6203,1.6212,14.80,7.40
2007.08.10 05:13:31.794,1.6205,1.6213,4.00,1.70
2007.08.10 05:13:31.981,1.6207,1.6213,2.50,1.70
2007.08.10 05:13:32.318,1.6206,1.6213,13.60,0.20
2007.08.10 05:13:32.855,1.6207,1.6213,8.80,0.20
2007.08.10 05:13:33.374,1.6207,1.6213,4.70,0.20
2007.08.10 05:13:37.322,1.6207,1.6213,8.80,0.20
2007.08.10 05:13:38.245,1.6206,1.6213,13.60,1.70
2007.08.10 05:13:38.657,1.6206,1.621,6.40,4.80
2007.08.10 05:13:38.715,1.6207,1.62095,1.20,4.80
2007.08.10 05:13:41.516,1.6204,1.621,7.30,7.20
2007.08.10 05:13:42.278,1.6204,1.6208,1.90,4.80
2007.08.10 05:13:42.305,1.62035,1.62075,7.30,4.80
2007.08.10 05:13:42.688,1.6204,1.6211,3.10,9.00
2007.08.10 05:13:42.783,1.62035,1.6211,14.60,8.80
2007.08.10 05:13:42.848,1.6206,1.6211,0.60,8.80
2007.08.10 05:13:42.900,1.62045,1.6211,6.40,7.20
2007.08.10 05:13:43.202,1.62045,1.6211,6.40,7.20
2007.08.10 05:13:43.308,1.6204,1.6211,14.60,7.20
2007.08.10 05:13:43.337,1.62055,1.62095,6.40,4.80
2007.08.10 05:13:44.775,1.6207,1.6212,0.90,7.20
2007.08.10 05:13:44.984,1.6205,1.6212,12.00,8.80
2007.08.10 05:13:46.102,1.6206,1.6212,2.80,7.20
2007.08.10 05:13:48.281,1.6206,1.621,12.00,4.80
2007.08.10 05:13:48.443,1.6207,1.6213,5.30,1.70
2007.08.10 05:13:51.262,1.6207,1.62105,7.20,4.80
2007.08.10 05:13:51.404,1.6208,1.62105,1.60,4.80
2007.08.10 05:13:51.835,1.6208,1.6214,1.60,1.70
2007.08.10 05:13:51.928,1.6207,1.6214,12.00,1.70
2007.08.10 05:14:09.359,1.6207,1.6213,12.00,1.60
2007.08.10 05:14:16.192,1.6205,1.6213,14.70,1.60
2007.08.10 05:14:24.389,1.6208,1.6214,1.60,1.70
2007.08.10 05:14:27.411,1.6205,1.6213,2.50,0.20
2007.08.10 05:14:27.438,1.6207,1.621,8.80,4.80
2007.08.10 05:14:28.249,1.6208,1.621,1.60,4.80
2007.08.10 05:14:42.226,1.6208,1.6213,1.60,1.70
2007.08.10 05:14:42.334,1.6208,1.6211,1.60,4.80
2007.08.10 05:14:43.360,1.6208,1.62115,1.60,4.80
2007.08.10 05:14:47.335,1.6208,1.6214,6.40,1.70
2007.08.10 05:14:47.715,1.6208,1.6212,6.40,4.80
2007.08.10 05:14:48.395,1.6208,1.62115,1.60,4.80
2007.08.10 05:14:56.244,1.6208,1.6212,6.40,4.80
2007.08.10 05:14:57.596,1.6207,1.6212,16.20,4.80
2007.08.10 05:14:59.746,1.6207,1.6212,16.10,4.80
2007.08.10 05:14:59.839,1.62085,1.62125,1.40,4.80
2007.08.10 05:15:00.041,1.62085,1.62125,6.40,4.80
2007.08.10 05:15:00.863,1.6208,1.6212,13.60,4.80
2007.08.10 05:15:01.915,1.6208,1.62115,8.80,4.80
2007.08.10 05:15:02.046,1.62075,1.62115,6.40,4.80
2007.08.10 05:15:03.300,1.6209,1.62115,1.00,4.80
2007.08.10 05:15:05.356,1.6208,1.62115,0.50,4.80
2007.08.10 05:15:06.289,1.6209,1.62115,1.20,4.80
2007.08.10 05:15:07.431,1.6208,1.62115,0.80,4.80
2007.08.10 05:15:10.358,1.6208,1.6212,2.50,4.80
2007.08.10 05:15:14.281,1.6209,1.6212,0.60,4.80
2007.08.10 05:15:14.382,1.6207,1.6212,16.20,4.80
2007.08.10 05:15:16.486,1.62075,1.62115,6.40,4.80
2007.08.10 05:15:21.322,1.6208,1.62115,4.80,4.80
2007.08.10 05:15:21.339,1.62085,1.62125,1.30,4.80
2007.08.10 05:15:21.437,1.6209,1.62125,0.90,4.80
2007.08.10 05:15:35.954,1.62085,1.62125,4.80,4.80
2007.08.10 05:15:36.439,1.6209,1.62125,1.60,4.80
2007.08.10 05:15:44.254,1.62085,1.62125,4.80,4.80
2007.08.10 05:15:44.826,1.6208,1.62115,1.60,4.80
2007.08.10 05:15:45.691,1.62075,1.62115,6.40,4.80
2007.08.10 05:15:53.327,1.6208,1.6212,1.60,4.80
2007.08.10 05:15:53.370,1.6208,1.6212,2.60,4.80
2007.08.10 05:15:54.328,1.6207,1.6212,16.20,4.80
2007.08.10 05:15:59.964,1.6208,1.62115,0.60,4.80
2007.08.10 05:16:00.239,1.62075,1.62115,6.40,4.80
2007.08.10 05:16:02.020,1.6208,1.62115,0.80,4.80
2007.08.10 05:16:02.030,1.6208,1.6213,1.10,2.50
2007.08.10 05:16:02.093,1.6207,1.6213,4.10,4.10
2007.08.10 05:16:02.207,1.6208,1.6213,1.00,4.30
2007.08.10 05:16:03.023,1.62075,1.62115,6.40,4.80
2007.08.10 05:16:06.073,1.6208,1.62105,0.70,4.80
2007.08.10 05:16:06.570,1.6207,1.6213,4.10,4.30
2007.08.10 05:16:07.074,1.6208,1.62105,0.80,4.80
2007.08.10 05:16:10.423,1.62055,1.62095,1.50,4.80
2007.08.10 05:16:10.599,1.6207,1.62095,0.50,4.80
2007.08.10 05:16:11.028,1.62055,1.62095,6.40,4.80
2007.08.10 05:16:11.982,1.62055,1.62095,2.00,4.80
2007.08.10 05:16:12.062,1.62045,1.62085,6.40,4.80
2007.08.10 05:16:12.284,1.62045,1.62085,6.40,4.80
2007.08.10 05:16:13.600,1.6206,1.6209,1.60,4.80
2007.08.10 05:16:15.654,1.6204,1.621,9.80,7.30
2007.08.10 05:16:16.091,1.6207,1.6212,1.60,1.60
2007.08.10 05:16:16.958,1.6206,1.6212,6.40,1.60
2007.08.10 05:16:18.992,1.6204,1.6209,14.70,4.80
2007.08.10 05:16:19.294,1.6205,1.6209,13.60,4.80
2007.08.10 05:16:20.559,1.6205,1.6209,1.80,4.80
2007.08.10 05:16:24.316,1.6206,1.6209,1.20,4.80
2007.08.10 05:16:24.574,1.6205,1.6212,13.60,1.70
2007.08.10 05:16:24.618,1.6206,1.6212,6.40,1.60
2007.08.10 05:16:27.315,1.6206,1.6212,1.70,1.60
2007.08.10 05:16:27.429,1.62065,1.621,6.40,2.50
2007.08.10 05:16:28.014,1.6205,1.621,12.00,2.50
2007.08.10 05:16:28.335,1.62065,1.621,6.40,2.50
2007.08.10 05:16:48.046,1.6208,1.62115,1.60,4.80
2007.08.10 05:16:48.168,1.6209,1.62115,1.60,4.80
2007.08.10 05:16:48.677,1.6208,1.62115,1.60,4.80
2007.08.10 05:17:05.778,1.6208,1.62105,1.60,4.80
2007.08.10 05:17:25.595,1.6206,1.6212,2.50,4.10
2007.08.10 05:17:25.702,1.6207,1.62095,1.60,4.80
2007.08.10 05:17:26.099,1.6207,1.621,1.60,2.50
2007.08.10 05:17:26.212,1.6208,1.621,1.60,2.50
2007.08.10 05:17:31.917,1.6207,1.621,1.60,2.50
2007.08.10 05:17:31.966,1.6207,1.6213,1.60,1.70
2007.08.10 05:17:36.329,1.6207,1.621,1.60,2.50
2007.08.10 05:17:36.819,1.6207,1.6213,1.60,1.70
2007.08.10 05:17:37.208,1.6206,1.6212,4.80,1.60
2007.08.10 05:17:38.243,1.6207,1.6212,1.60,1.60
2007.08.10 05:17:38.901,1.6207,1.621,1.60,2.50
2007.08.10 05:17:38.959,1.6208,1.621,1.60,2.50
2007.08.10 05:17:39.297,1.6207,1.621,1.60,2.50
2007.08.10 05:17:40.325,1.6208,1.621,1.60,2.50
2007.08.10 05:17:42.735,1.6208,1.62115,1.60,4.80
2007.08.10 05:17:44.219,1.62075,1.62115,6.40,4.80
2007.08.10 05:17:48.914,1.6208,1.62115,8.80,4.80
2007.08.10 05:17:49.227,1.62075,1.62115,13.60,4.80
2007.08.10 05:18:14.941,1.6209,1.62115,7.20,4.80
2007.08.10 05:18:16.055,1.6209,1.62115,8.80,4.80
2007.08.10 05:18:18.259,1.6209,1.62115,7.20,4.80
2007.08.10 05:18:19.431,1.6209,1.62115,8.80,4.80
2007.08.10 05:18:20.238,1.6209,1.62115,7.20,4.80
2007.08.10 05:18:30.386,1.6209,1.62115,8.80,4.80
2007.08.10 05:18:33.292,1.6209,1.62115,7.20,4.80
2007.08.10 05:18:36.293,1.6209,1.62115,8.80,4.80
2007.08.10 05:18:39.810,1.6209,1.62115,1.60,4.80
2007.08.10 05:18:39.911,1.6208,1.62115,8.80,4.80
2007.08.10 05:18:40.048,1.6208,1.6211,8.80,4.80
2007.08.10 05:18:40.988,1.6206,1.6212,7.30,2.50
2007.08.10 05:18:41.285,1.6209,1.6212,7.20,2.50
2007.08.10 05:18:41.372,1.6206,1.6212,7.30,2.50
2007.08.10 05:18:41.568,1.6209,1.62115,8.80,4.80
2007.08.10 05:18:42.822,1.6209,1.62115,1.60,4.80
2007.08.10 05:18:42.838,1.6209,1.6212,1.60,2.50
2007.08.10 05:18:43.029,1.6206,1.6212,7.30,2.50
2007.08.10 05:18:46.234,1.6209,1.6212,7.20,2.50
2007.08.10 05:18:46.347,1.6206,1.6212,7.30,2.50
2007.08.10 05:18:46.487,1.6209,1.62115,8.80,4.80
2007.08.10 05:18:52.773,1.6209,1.62115,1.60,4.80
2007.08.10 05:18:52.860,1.6207,1.6212,7.20,2.50
2007.08.10 05:18:52.895,1.6208,1.6212,1.60,4.30
2007.08.10 05:18:55.689,1.6208,1.62095,1.60,4.80
2007.08.10 05:19:15.296,1.6208,1.6212,1.60,4.10
2007.08.10 05:19:16.946,1.6208,1.6212,1.60,2.50
2007.08.10 05:19:16.963,1.6208,1.62105,1.60,4.80
2007.08.10 05:19:17.490,1.6208,1.6212,1.60,4.10
2007.08.10 05:19:18.282,1.6208,1.6212,1.60,4.30
2007.08.10 05:19:18.402,1.6207,1.6212,8.80,4.30
2007.08.10 05:19:19.327,1.6208,1.6212,1.60,4.30
2007.08.10 05:19:19.847,1.6206,1.6212,7.30,4.10
2007.08.10 05:19:19.952,1.6206,1.6212,7.30,2.50
2007.08.10 05:19:22.338,1.6209,1.6212,1.60,2.50
2007.08.10 05:19:22.369,1.6209,1.6211,1.60,4.80
2007.08.10 05:19:24.399,1.6208,1.6211,7.20,4.80
2007.08.10 05:19:24.899,1.6208,1.6212,7.20,2.50
2007.08.10 05:19:24.932,1.6206,1.6212,7.30,2.50
2007.08.10 05:19:27.465,1.6208,1.6211,8.80,4.80
2007.08.10 05:19:27.729,1.6209,1.6211,7.20,4.80
2007.08.10 05:19:27.846,1.621,1.6211,1.60,4.80
2007.08.10 05:19:28.021,1.621,1.62115,1.60,4.80
2007.08.10 05:19:28.286,1.621,1.6212,1.60,2.50
2007.08.10 05:19:29.910,1.621,1.62125,1.60,7.30
2007.08.10 05:19:30.329,1.621,1.62105,1.60,0.90
2007.08.10 05:19:30.425,1.6207,1.6212,7.20,7.30
2007.08.10 05:19:35.798,1.62065,1.6212,4.80,7.30
2007.08.10 05:19:35.938,1.6209,1.6212,8.80,7.30
2007.08.10 05:19:39.004,1.6209,1.6212,8.80,0.60
2007.08.10 05:19:39.037,1.621,1.62125,1.60,7.30
2007.08.10 05:19:41.822,1.621,1.62115,1.60,0.50
2007.08.10 05:19:41.906,1.6209,1.6212,1.60,7.30
2007.08.10 05:19:45.897,1.62065,1.6212,4.80,14.60
2007.08.10 05:19:45.977,1.6208,1.62105,1.60,0.80
2007.08.10 05:19:49.453,1.6208,1.62115,1.60,0.80
2007.08.10 05:19:49.919,1.62075,1.62115,4.80,0.70
2007.08.10 05:19:49.979,1.6207,1.6212,1.60,14.60
2007.08.10 05:19:53.950,1.62065,1.6212,6.40,19.40
2007.08.10 05:19:57.474,1.6206,1.6212,6.40,14.60
2007.08.10 05:20:10.863,1.6206,1.6212,0.90,9.80
2007.08.10 05:20:10.970,1.62055,1.6212,6.40,11.40
2007.08.10 05:20:11.078,1.6206,1.6212,0.80,11.50
2007.08.10 05:20:11.389,1.62055,1.6212,6.40,9.90
2007.08.10 05:20:11.988,1.62055,1.62095,6.40,4.80
2007.08.10 05:20:19.035,1.6205,1.62095,13.60,4.80
2007.08.10 05:20:20.493,1.6207,1.62095,0.80,4.80
2007.08.10 05:20:20.561,1.62065,1.621,6.40,2.50
2007.08.10 05:20:22.989,1.6207,1.62105,4.20,4.80
2007.08.10 05:20:23.121,1.62075,1.62115,1.50,4.80
2007.08.10 05:20:23.304,1.6208,1.62115,0.70,4.80
2007.08.10 05:20:27.442,1.6208,1.62105,1.60,4.80
2007.08.10 05:20:30.335,1.6207,1.62105,1.60,4.80
2007.08.10 05:20:32.927,1.6208,1.62105,1.60,4.80
2007.08.10 05:20:33.016,1.6208,1.62115,1.60,4.80
2007.08.10 05:20:33.037,1.62075,1.62115,4.80,4.80
2007.08.10 05:20:34.028,1.6207,1.62105,1.60,4.80
2007.08.10 05:20:37.592,1.62065,1.62105,4.80,4.80
2007.08.10 05:20:38.642,1.62065,1.62105,1.10,4.80
2007.08.10 05:20:41.679,1.6206,1.6212,1.00,11.50
2007.08.10 05:20:41.961,1.62055,1.62095,6.40,4.80
2007.08.10 05:20:55.843,1.6206,1.62095,8.80,4.80
2007.08.10 05:21:02.564,1.62085,1.6211,0.80,1.60
2007.08.10 05:21:02.586,1.62085,1.6212,13.60,2.70
2007.08.10 05:21:02.679,1.62085,1.6212,13.60,2.50
2007.08.10 05:21:02.890,1.6209,1.6212,8.80,2.50
2007.08.10 05:21:05.696,1.621,1.6212,0.70,2.50
2007.08.10 05:21:11.073,1.6207,1.6212,12.00,2.50
2007.08.10 05:21:11.218,1.6207,1.62105,3.90,4.80
2007.08.10 05:21:14.002,1.6207,1.62115,12.00,4.80
2007.08.10 05:21:14.082,1.62075,1.62115,12.00,4.80
2007.08.10 05:21:28.186,1.6209,1.62115,3.50,4.80
2007.08.10 05:21:28.258,1.6209,1.6212,4.00,2.50
2007.08.10 05:21:31.556,1.62075,1.62115,13.60,4.80
2007.08.10 05:21:31.595,1.62075,1.62115,12.00,4.80
2007.08.10 05:21:32.162,1.62085,1.6212,13.60,2.50
2007.08.10 05:21:32.584,1.62075,1.62115,13.60,4.80
2007.08.10 05:21:32.635,1.62075,1.62115,12.00,4.80
2007.08.10 05:21:33.096,1.62085,1.6212,12.00,2.50
2007.08.10 05:21:33.168,1.6209,1.6212,4.50,2.50
2007.08.10 05:21:35.654,1.62075,1.62115,12.00,4.80
2007.08.10 05:21:36.141,1.62085,1.6212,12.00,2.50
2007.08.10 05:21:36.163,1.62085,1.6212,13.60,2.50
2007.08.10 05:21:58.181,1.621,1.6212,1.60,2.50
2007.08.10 05:22:01.106,1.621,1.62125,1.60,4.80
2007.08.10 05:22:01.302,1.621,1.62135,1.60,4.80
2007.08.10 05:22:01.551,1.621,1.62125,1.60,4.80
2007.08.10 05:22:08.673,1.6212,1.6214,7.20,4.10
2007.08.10 05:22:08.749,1.6212,1.6214,7.20,2.50
2007.08.10 05:22:12.782,1.6212,1.6214,8.80,2.50
2007.08.10 05:22:13.321,1.6212,1.6214,7.20,2.50
2007.08.10 05:22:14.340,1.6212,1.6214,8.80,2.50
2007.08.10 05:22:14.757,1.6212,1.6214,7.20,2.50
2007.08.10 05:22:21.145,1.6212,1.6214,7.20,0.70
2007.08.10 05:22:26.751,1.6212,1.6214,7.20,7.30
2007.08.10 05:22:30.583,1.621,1.62135,1.60,0.90
2007.08.10 05:22:30.817,1.621,1.6214,1.60,8.90
2007.08.10 05:22:31.212,1.6209,1.6214,8.80,8.90
2007.08.10 05:22:34.636,1.62105,1.62145,4.80,8.90
2007.08.10 05:22:34.693,1.6212,1.62145,7.20,8.90
2007.08.10 05:22:34.796,1.6212,1.6214,7.20,0.50
2007.08.10 05:22:37.691,1.6212,1.62125,7.20,0.90
2007.08.10 05:22:37.732,1.621,1.6214,1.60,8.90
2007.08.10 05:22:38.268,1.6209,1.6214,1.60,8.90
2007.08.10 05:22:43.815,1.6209,1.6215,1.60,11.60
2007.08.10 05:22:47.280,1.6209,1.6214,1.60,0.50
2007.08.10 05:22:47.364,1.6209,1.6214,1.60,8.90
2007.08.10 05:22:48.415,1.6209,1.6213,1.60,6.40
2007.08.10 05:22:51.233,1.6209,1.62125,1.60,4.80
2007.08.10 05:22:51.287,1.621,1.62125,1.60,4.80
2007.08.10 05:22:52.283,1.621,1.62135,1.60,4.80
2007.08.10 05:22:53.814,1.621,1.62125,1.60,4.80
2007.08.10 05:22:53.940,1.6209,1.62125,1.60,4.80
2007.08.10 05:22:57.322,1.621,1.62125,1.60,4.80
2007.08.10 05:22:57.893,1.621,1.62135,1.60,4.80
2007.08.10 05:22:58.258,1.62095,1.62135,4.80,4.80
2007.08.10 05:22:59.345,1.621,1.62135,1.60,4.80
2007.08.10 05:23:01.754,1.621,1.62125,1.60,4.80
2007.08.10 05:23:02.292,1.6208,1.6214,7.30,11.40
2007.08.10 05:23:04.319,1.6209,1.6214,1.60,11.40
2007.08.10 05:23:06.929,1.6209,1.6214,1.60,9.80
2007.08.10 05:23:11.390,1.6208,1.6214,7.30,11.40
2007.08.10 05:23:11.493,1.621,1.62125,1.60,4.80
2007.08.10 05:23:13.276,1.621,1.62135,1.60,4.80
2007.08.10 05:23:14.837,1.621,1.6214,1.60,2.50
2007.08.10 05:23:14.868,1.6209,1.6214,1.60,2.50
2007.08.10 05:23:16.873,1.6209,1.6214,8.80,2.50
2007.08.10 05:23:17.317,1.621,1.6214,1.60,2.50
2007.08.10 05:23:17.408,1.6209,1.6214,8.80,2.50
2007.08.10 05:23:17.443,1.6209,1.62125,8.80,4.80
2007.08.10 05:23:18.538,1.6209,1.6214,8.80,2.50
2007.08.10 05:23:18.575,1.6209,1.6214,1.60,2.50
2007.08.10 05:23:19.296,1.6209,1.62125,1.60,4.80
2007.08.10 05:23:19.346,1.621,1.62125,1.60,4.80
2007.08.10 05:23:19.486,1.6209,1.62125,1.60,4.80
2007.08.10 05:23:19.821,1.6209,1.6214,1.60,2.50
2007.08.10 05:23:19.985,1.6208,1.6214,14.60,2.50
2007.08.10 05:23:20.306,1.6209,1.6214,1.60,2.50
2007.08.10 05:23:21.298,1.6209,1.6214,1.60,9.80
2007.08.10 05:23:21.397,1.6209,1.6214,1.60,11.40
2007.08.10 05:23:21.516,1.6209,1.6214,1.60,11.50
2007.08.10 05:23:24.440,1.6209,1.6214,1.60,0.60
2007.08.10 05:23:28.413,1.6209,1.6213,1.60,0.60
2007.08.10 05:23:29.762,1.6209,1.6212,1.60,0.90
2007.08.10 05:23:29.933,1.6209,1.6214,1.60,0.70
2007.08.10 05:23:49.300,1.6208,1.6215,14.60,11.50
2007.08.10 05:23:49.331,1.621,1.62125,1.60,0.60
2007.08.10 05:23:59.475,1.6209,1.62125,1.60,4.80
2007.08.10 05:24:00.407,1.621,1.62125,1.60,4.80
2007.08.10 05:24:12.429,1.6209,1.62125,1.60,4.80
2007.08.10 05:24:16.463,1.621,1.62125,1.60,4.80
2007.08.10 05:24:18.975,1.6209,1.62125,1.60,4.80
2007.08.10 05:24:20.047,1.621,1.62125,1.60,4.80
2007.08.10 05:24:22.259,1.6209,1.62125,1.60,4.80
2007.08.10 05:24:26.232,1.6209,1.6214,1.60,11.40
2007.08.10 05:24:26.851,1.6208,1.6214,8.90,11.40
2007.08.10 05:24:28.929,1.6208,1.6214,4.10,11.50
2007.08.10 05:24:29.035,1.6208,1.6213,4.10,1.60
2007.08.10 05:24:29.896,1.6209,1.6212,0.50,4.80
2007.08.10 05:24:30.103,1.6208,1.6214,16.20,2.50
2007.08.10 05:24:55.028,1.6209,1.6213,6.40,4.80
2007.08.10 05:24:55.053,1.6209,1.6213,4.80,4.80
2007.08.10 05:25:00.040,1.6209,1.6213,6.40,4.80
2007.08.10 05:25:00.209,1.6209,1.6214,1.60,11.50
2007.08.10 05:25:00.363,1.6209,1.6211,1.60,4.80
2007.08.10 05:25:02.911,1.6209,1.6214,1.60,11.40
2007.08.10 05:25:03.062,1.6209,1.6212,1.60,4.80
2007.08.10 05:25:10.536,1.6209,1.6213,1.60,0.80
2007.08.10 05:25:10.636,1.6209,1.6211,1.60,4.80
2007.08.10 05:25:13.515,1.6209,1.6213,1.60,0.80
2007.08.10 05:25:13.590,1.6209,1.6212,1.60,4.80
2007.08.10 05:25:19.919,1.6209,1.6213,1.60,0.80
2007.08.10 05:25:20.081,1.6209,1.6213,1.60,2.40
2007.08.10 05:25:20.282,1.6209,1.6211,1.60,4.80
2007.08.10 05:25:22.257,1.6209,1.6211,1.10,4.80
2007.08.10 05:25:45.070,1.6209,1.6213,1.00,1.60
2007.08.10 05:25:45.175,1.6208,1.6215,12.20,8.00
2007.08.10 05:25:45.188,1.6209,1.6215,1.90,8.00
2007.08.10 05:25:46.968,1.6208,1.6215,12.20,8.00
2007.08.10 05:25:47.052,1.6209,1.62095,0.50,4.80
2007.08.10 05:25:47.145,1.6207,1.62095,2.40,4.80
2007.08.10 05:25:47.276,1.6206,1.62095,4.10,4.80
2007.08.10 05:25:47.477,1.6206,1.62095,0.60,4.80
2007.08.10 05:25:47.574,1.6205,1.62085,2.40,4.80
2007.08.10 05:25:47.680,1.62045,1.62085,6.40,4.80
2007.08.10 05:25:50.186,1.6206,1.62085,1.00,4.80
2007.08.10 05:25:50.284,1.6205,1.62085,1.10,4.80
2007.08.10 05:25:51.427,1.6206,1.62085,1.60,4.80
2007.08.10 05:25:54.103,1.6204,1.6209,10.60,0.80
2007.08.10 05:25:54.404,1.6204,1.6213,10.60,8.00
2007.08.10 05:25:56.488,1.6204,1.621,10.60,4.80
2007.08.10 05:25:56.673,1.6206,1.62095,1.60,4.80
2007.08.10 05:25:58.147,1.6207,1.62095,7.20,4.80
2007.08.10 05:25:58.197,1.6207,1.621,7.20,4.80
2007.08.10 05:26:01.507,1.6207,1.62095,7.20,4.80
2007.08.10 05:26:01.545,1.6206,1.62095,4.90,4.80
2007.08.10 05:26:01.666,1.6207,1.62095,1.60,4.80
2007.08.10 05:26:04.406,1.6206,1.62095,4.10,4.80
2007.08.10 05:26:11.426,1.6206,1.62095,0.50,4.80
2007.08.10 05:26:11.981,1.6205,1.62085,4.90,4.80
2007.08.10 05:26:15.814,1.6206,1.6208,1.00,4.80
2007.08.10 05:26:16.218,1.6205,1.6208,0.90,4.80
2007.08.10 05:26:17.168,1.6205,1.6208,4.10,4.80
2007.08.10 05:26:28.539,1.6204,1.6208,6.60,4.80
2007.08.10 05:26:28.559,1.6204,1.6209,2.30,3.30
2007.08.10 05:26:28.755,1.6203,1.6207,16.90,4.80
2007.08.10 05:26:31.856,1.6203,1.6207,17.00,4.80
2007.08.10 05:26:33.191,1.6204,1.6208,6.40,5.60
2007.08.10 05:26:33.225,1.6205,1.6208,1.60,5.60
2007.08.10 05:26:33.318,1.6205,1.6208,1.60,4.80
2007.08.10 05:26:36.236,1.6204,1.6209,9.60,3.30
2007.08.10 05:26:36.434,1.6204,1.6207,8.80,4.80
2007.08.10 05:26:51.964,1.6205,1.6207,1.60,4.80
2007.08.10 05:26:56.080,1.6205,1.6208,1.60,5.60
2007.08.10 05:26:56.431,1.6205,1.621,1.60,0.80
2007.08.10 05:27:00.156,1.6205,1.6209,6.40,4.80
2007.08.10 05:27:00.577,1.6206,1.6209,1.60,4.80
2007.08.10 05:27:00.792,1.6205,1.6209,6.40,4.80
2007.08.10 05:27:00.914,1.6205,1.621,1.60,0.80
2007.08.10 05:27:01.219,1.6205,1.621,1.60,0.80
2007.08.10 05:27:01.448,1.6205,1.621,6.40,5.60
2007.08.10 05:27:01.677,1.6205,1.621,1.60,0.80
2007.08.10 05:27:01.722,1.6206,1.6211,1.60,10.60
2007.08.10 05:27:01.830,1.6205,1.6211,1.60,10.60
2007.08.10 05:27:02.245,1.6204,1.6211,12.00,12.20
2007.08.10 05:27:02.343,1.6204,1.6209,12.80,5.60
2007.08.10 05:27:02.699,1.6204,1.621,8.00,4.90
2007.08.10 05:27:02.762,1.6205,1.6208,1.60,5.60
2007.08.10 05:27:11.366,1.6205,1.6209,1.60,8.10
2007.08.10 05:27:11.373,1.6205,1.6211,1.60,10.60
2007.08.10 05:27:12.948,1.6205,1.6211,1.60,10.50
2007.08.10 05:27:16.345,1.6204,1.6211,6.40,10.50
2007.08.10 05:27:16.467,1.62045,1.621,4.80,12.00
2007.08.10 05:27:17.292,1.6205,1.6212,2.50,11.20
2007.08.10 05:27:17.408,1.6205,1.6213,4.10,10.50
2007.08.10 05:27:17.540,1.62065,1.62105,4.80,0.60
2007.08.10 05:27:17.936,1.6207,1.6212,1.60,12.00
2007.08.10 05:27:18.356,1.6205,1.6212,9.80,12.00
2007.08.10 05:27:18.777,1.6207,1.6213,6.40,0.60
2007.08.10 05:27:19.141,1.62075,1.6213,4.80,15.40
2007.08.10 05:27:19.305,1.6208,1.62115,1.60,5.60
2007.08.10 05:27:19.705,1.6208,1.62105,1.60,0.90
2007.08.10 05:27:24.468,1.6208,1.62105,0.60,0.90
2007.08.10 05:27:24.987,1.6206,1.6211,12.80,8.10
2007.08.10 05:27:25.289,1.6208,1.62105,0.60,0.50
2007.08.10 05:27:25.809,1.62065,1.62105,0.90,0.70
2007.08.10 05:27:25.831,1.62055,1.6211,7.20,8.10
2007.08.10 05:27:25.912,1.62055,1.6211,6.40,8.10
2007.08.10 05:27:27.338,1.62055,1.62095,0.90,0.70
2007.08.10 05:27:27.363,1.62045,1.6211,0.70,0.50
2007.08.10 05:27:29.722,1.6206,1.6211,0.50,0.60
2007.08.10 05:27:29.840,1.6206,1.6212,8.80,6.50
2007.08.10 05:27:29.899,1.62065,1.6211,6.40,8.10
2007.08.10 05:27:31.308,1.62065,1.62105,6.40,4.80
2007.08.10 05:27:34.294,1.6203,1.62105,9.60,4.80
2007.08.10 05:27:34.369,1.6204,1.6211,6.40,3.30
2007.08.10 05:27:35.235,1.62045,1.6211,12.00,3.30
2007.08.10 05:27:35.265,1.62065,1.62105,1.00,4.80
2007.08.10 05:27:35.332,1.6207,1.62105,0.90,4.80
2007.08.10 05:27:38.304,1.6206,1.6207,9.00,4.80
2007.08.10 05:27:38.340,1.6204,1.6207,0.70,4.80
2007.08.10 05:27:38.812,1.6204,1.6208,0.90,10.60
2007.08.10 05:27:38.862,1.6203,1.6208,1.00,10.60
2007.08.10 05:27:38.956,1.6203,1.6208,0.90,10.60
2007.08.10 05:27:39.169,1.6202,1.6208,8.90,8.00
2007.08.10 05:27:39.273,1.6202,1.6208,7.30,0.80
2007.08.10 05:27:39.341,1.6205,1.6208,12.00,0.80
2007.08.10 05:27:39.373,1.6207,1.62095,0.70,4.80
2007.08.10 05:27:39.823,1.6206,1.62095,0.60,4.80
2007.08.10 05:27:39.834,1.6206,1.62105,13.60,4.80
2007.08.10 05:27:42.305,1.62065,1.62105,6.40,4.80
2007.08.10 05:27:42.503,1.6207,1.62105,0.50,0.90
2007.08.10 05:27:44.261,1.6206,1.62105,14.40,4.80
2007.08.10 05:27:45.278,1.62065,1.62105,6.40,4.80
2007.08.10 05:27:45.391,1.6206,1.62105,14.40,4.80
2007.08.10 05:27:46.878,1.62065,1.62105,6.40,4.80
2007.08.10 05:27:47.290,1.6206,1.62105,14.40,4.80
2007.08.10 05:27:51.287,1.62065,1.62105,6.40,4.80
2007.08.10 05:28:00.970,1.62065,1.62105,4.80,4.80
2007.08.10 05:28:01.881,1.62065,1.6213,4.80,10.60
2007.08.10 05:28:01.988,1.6208,1.6213,1.60,10.60
2007.08.10 05:28:02.021,1.6208,1.62115,1.60,4.80
2007.08.10 05:28:04.772,1.6209,1.62115,7.20,4.80
2007.08.10 05:28:04.852,1.6209,1.6213,12.00,5.60
2007.08.10 05:28:04.887,1.6209,1.6215,12.00,3.30
2007.08.10 05:28:09.356,1.6209,1.6213,4.80,4.80
2007.08.10 05:28:09.439,1.6208,1.6214,13.60,0.80
2007.08.10 05:28:09.885,1.6206,1.6212,3.30,4.80
2007.08.10 05:28:09.956,1.6208,1.62115,8.80,4.80
2007.08.10 05:28:10.003,1.6208,1.62115,7.20,4.80
2007.08.10 05:28:10.418,1.6208,1.62115,8.80,4.80
2007.08.10 05:28:14.792,1.6206,1.6213,3.30,0.80
2007.08.10 05:28:14.802,1.6206,1.6211,0.80,9.80
2007.08.10 05:28:15.156,1.6205,1.6208,1.60,4.80
2007.08.10 05:28:19.854,1.6205,1.6208,1.60,5.60
2007.08.10 05:28:19.915,1.6203,1.6207,15.40,4.80
2007.08.10 05:28:19.956,1.6204,1.6207,1.60,4.80
2007.08.10 05:28:20.377,1.6203,1.6207,15.40,4.80
2007.08.10 05:28:21.007,1.6204,1.6207,1.60,5.60
2007.08.10 05:28:21.219,1.6204,1.62065,1.60,4.80
2007.08.10 05:28:28.316,1.6204,1.6207,1.60,0.80
2007.08.10 05:28:28.337,1.6205,1.6207,1.60,0.80
2007.08.10 05:28:28.432,1.6205,1.62075,1.60,4.80
2007.08.10 05:28:31.865,1.6205,1.62075,8.80,4.80
2007.08.10 05:28:31.878,1.6205,1.6208,8.80,0.80
2007.08.10 05:28:31.974,1.6206,1.6208,1.60,0.80
2007.08.10 05:28:32.075,1.6206,1.62085,1.60,4.80
2007.08.10 05:28:34.355,1.6206,1.62085,8.80,4.80
2007.08.10 05:28:34.431,1.6206,1.6209,8.80,0.80
2007.08.10 05:28:34.464,1.6206,1.62095,8.80,4.80
2007.08.10 05:28:36.441,1.6207,1.62095,1.60,4.80
2007.08.10 05:28:36.967,1.62055,1.62095,4.80,4.80
2007.08.10 05:28:36.988,1.6205,1.621,9.60,3.30
2007.08.10 05:28:37.058,1.6205,1.62075,8.80,4.80
2007.08.10 05:28:37.931,1.6205,1.62075,1.60,4.80
2007.08.10 05:28:38.000,1.6204,1.62065,1.60,4.80
2007.08.10 05:28:39.852,1.6204,1.62065,8.80,4.80
2007.08.10 05:28:39.973,1.6205,1.62065,1.60,4.80
2007.08.10 05:28:40.055,1.6205,1.6207,1.60,0.80
2007.08.10 05:28:40.070,1.6205,1.62075,1.60,4.80
2007.08.10 05:28:40.791,1.6205,1.62075,8.80,4.80
2007.08.10 05:28:40.800,1.6205,1.6208,8.80,0.80
2007.08.10 05:28:40.886,1.6206,1.6208,1.60,0.80
2007.08.10 05:28:41.014,1.6206,1.62085,1.60,4.80
2007.08.10 05:28:42.331,1.6206,1.62075,1.60,4.80
2007.08.10 05:28:42.465,1.6205,1.62075,8.80,4.80
2007.08.10 05:28:44.322,1.6205,1.62075,1.60,4.80
2007.08.10 05:28:44.388,1.6203,1.62065,10.60,4.80
2007.08.10 05:28:44.538,1.6203,1.62065,9.80,4.80
2007.08.10 05:28:44.920,1.6203,1.62055,9.80,4.80
2007.08.10 05:28:44.955,1.6203,1.62055,1.60,4.80
2007.08.10 05:28:45.380,1.6202,1.62055,2.50,4.80
2007.08.10 05:28:46.283,1.6203,1.62055,1.60,4.80
2007.08.10 05:28:46.800,1.6203,1.62055,8.80,4.80
2007.08.10 05:28:46.921,1.6202,1.62055,11.30,4.80
2007.08.10 05:28:46.982,1.6203,1.62065,2.00,4.80
2007.08.10 05:28:48.003,1.6203,1.6206,1.70,4.80
2007.08.10 05:28:48.242,1.6202,1.6206,9.70,4.80
2007.08.10 05:28:50.311,1.6203,1.62055,1.00,4.80
2007.08.10 05:28:50.453,1.6202,1.62055,0.70,4.80
2007.08.10 05:28:50.571,1.6204,1.62075,0.80,4.80
2007.08.10 05:28:52.377,1.6204,1.62085,6.40,4.80
2007.08.10 05:28:52.502,1.62045,1.62085,6.40,4.80
2007.08.10 05:28:54.928,1.6205,1.62075,0.90,4.80
2007.08.10 05:28:54.994,1.6204,1.62075,1.90,4.80
2007.08.10 05:28:55.102,1.62035,1.62075,7.30,4.80
2007.08.10 05:28:58.009,1.6205,1.62075,0.50,4.80
2007.08.10 05:28:58.242,1.6204,1.62065,4.10,4.80
2007.08.10 05:28:59.038,1.6204,1.6208,4.10,8.00
2007.08.10 05:28:59.047,1.6203,1.6206,1.10,4.80
2007.08.10 05:29:00.511,1.6204,1.6206,0.50,4.80
2007.08.10 05:29:00.521,1.6203,1.6207,8.90,5.60
2007.08.10 05:29:00.604,1.6204,1.6207,0.90,4.80
2007.08.10 05:29:02.335,1.62035,1.62075,6.40,4.80
2007.08.10 05:29:03.436,1.6204,1.62085,6.40,4.80
2007.08.10 05:29:03.882,1.62055,1.62095,1.10,4.80
2007.08.10 05:29:04.018,1.62055,1.62095,6.40,4.80
2007.08.10 05:29:05.250,1.62055,1.62095,6.40,4.80
2007.08.10 05:29:06.976,1.6206,1.621,7.20,7.30
2007.08.10 05:29:07.334,1.6207,1.621,2.10,7.30
2007.08.10 05:29:07.491,1.6207,1.621,5.40,2.50
2007.08.10 05:29:07.743,1.6206,1.6211,16.90,4.80
2007.08.10 05:29:08.272,1.6206,1.6211,6.40,4.80
2007.08.10 05:29:08.528,1.6205,1.6212,17.00,3.30
2007.08.10 05:29:09.020,1.6205,1.6212,15.40,2.50
2007.08.10 05:29:09.049,1.6207,1.6211,6.40,4.80
2007.08.10 05:29:09.294,1.6205,1.6212,15.40,2.50
2007.08.10 05:29:09.336,1.6206,1.621,7.20,4.80
2007.08.10 05:29:10.140,1.6206,1.621,1.90,4.80
2007.08.10 05:29:10.239,1.6207,1.621,1.00,4.80
2007.08.10 05:29:11.269,1.6205,1.621,15.40,4.80
2007.08.10 05:29:11.902,1.6207,1.621,1.10,4.80
2007.08.10 05:29:12.385,1.62065,1.62105,6.40,4.80
2007.08.10 05:29:14.418,1.6207,1.62095,1.00,4.80
2007.08.10 05:29:14.488,1.6206,1.62095,0.80,4.80
2007.08.10 05:29:14.676,1.6206,1.62095,0.60,4.80
2007.08.10 05:29:14.935,1.6205,1.6209,17.00,4.80
2007.08.10 05:29:16.941,1.6205,1.621,17.00,5.60
2007.08.10 05:29:16.981,1.6207,1.621,1.10,5.60
2007.08.10 05:29:17.076,1.6206,1.621,7.20,4.80
2007.08.10 05:29:18.766,1.6207,1.62105,0.60,4.80
2007.08.10 05:29:20.313,1.6208,1.62105,0.80,4.80
2007.08.10 05:29:24.371,1.62065,1.62105,12.80,4.80
2007.08.10 05:29:24.398,1.6207,1.6211,4.40,7.30
2007.08.10 05:29:25.806,1.6207,1.6211,0.50,8.10
2007.08.10 05:29:25.960,1.6205,1.621,15.40,4.80
2007.08.10 05:29:26.946,1.6207,1.621,3.90,4.80
2007.08.10 05:29:27.087,1.6207,1.6213,10.60,3.30
2007.08.10 05:29:27.274,1.6208,1.6212,7.20,4.80
2007.08.10 05:29:27.589,1.6207,1.6212,15.40,4.80
2007.08.10 05:29:30.257,1.6209,1.6212,1.20,4.80
2007.08.10 05:29:32.916,1.6209,1.6213,0.80,3.30
2007.08.10 05:29:33.065,1.6207,1.6211,17.00,4.80
2007.08.10 05:29:41.399,1.6208,1.6212,6.40,5.60
2007.08.10 05:29:41.465,1.6208,1.6212,4.80,5.60
2007.08.10 05:29:41.572,1.6209,1.6212,1.60,4.80
2007.08.10 05:29:43.966,1.6209,1.6213,16.20,5.60
2007.08.10 05:29:44.077,1.621,1.6213,1.60,5.60
2007.08.10 05:29:44.168,1.621,1.6213,1.60,4.80
2007.08.10 05:29:46.031,1.6207,1.6213,10.60,4.80
2007.08.10 05:29:46.247,1.6209,1.6214,1.60,8.00
2007.08.10 05:29:48.349,1.6208,1.6214,6.40,8.00
2007.08.10 05:29:48.421,1.6209,1.6214,7.20,0.80
2007.08.10 05:29:48.562,1.6209,1.6213,12.00,4.80
2007.08.10 05:29:48.629,1.6207,1.6213,3.30,4.80
2007.08.10 05:29:48.749,1.6207,1.6213,2.50,4.80
2007.08.10 05:29:48.943,1.621,1.6213,1.60,4.80
2007.08.10 05:29:49.362,1.6207,1.6213,2.50,4.80
2007.08.10 05:29:52.456,1.621,1.6214,4.80,5.60
2007.08.10 05:29:52.580,1.6211,1.6214,1.60,4.80
2007.08.10 05:29:55.062,1.621,1.6214,6.40,5.60
2007.08.10 05:29:55.279,1.621,1.6213,1.60,4.80
2007.08.10 05:29:56.922,1.6207,1.6213,7.20,4.80
2007.08.10 05:29:57.030,1.621,1.6213,1.60,4.80
2007.08.10 05:29:57.039,1.621,1.6214,1.60,8.00
2007.08.10 05:29:57.129,1.621,1.6212,1.60,4.80
2007.08.10 05:29:58.257,1.621,1.6212,1.60,0.50
2007.08.10 05:29:59.400,1.6209,1.6213,4.10,5.60
2007.08.10 05:29:59.929,1.6209,1.6213,11.40,5.60
2007.08.10 05:30:00.027,1.6209,1.6214,12.20,0.80
2007.08.10 05:30:00.460,1.621,1.6214,1.60,5.60
2007.08.10 05:30:01.077,1.6209,1.6213,8.90,0.50
2007.08.10 05:30:01.225,1.6209,1.6213,4.10,5.60
2007.08.10 05:30:06.476,1.6209,1.6213,1.60,8.10
2007.08.10 05:30:06.559,1.6209,1.6213,1.60,0.50
2007.08.10 05:30:06.570,1.6208,1.6214,2.40,13.70
2007.08.10 05:30:06.733,1.6208,1.6212,1.60,5.60
2007.08.10 05:30:07.091,1.6207,1.6212,15.40,5.60
2007.08.10 05:30:07.108,1.6209,1.6212,1.60,0.60
2007.08.10 05:30:07.184,1.6209,1.6213,1.60,8.10
2007.08.10 05:30:10.630,1.6208,1.6213,7.20,8.10
2007.08.10 05:30:10.710,1.6208,1.6213,2.40,0.70
2007.08.10 05:30:10.724,1.6208,1.6211,1.60,0.90
2007.08.10 05:30:13.125,1.6207,1.6211,15.40,0.50
2007.08.10 05:30:13.214,1.6209,1.6213,1.60,0.60
2007.08.10 05:30:13.240,1.6209,1.6213,1.60,8.10
2007.08.10 05:30:16.127,1.6209,1.6212,9.80,0.80
2007.08.10 05:30:16.231,1.621,1.6215,2.40,0.80
2007.08.10 05:30:16.315,1.621,1.6214,7.20,0.50
2007.08.10 05:30:16.435,1.6211,1.6214,1.60,0.70
2007.08.10 05:30:17.583,1.6211,1.6216,1.60,13.70
2007.08.10 05:30:17.665,1.621,1.6214,8.80,5.60
2007.08.10 05:30:19.116,1.621,1.6219,7.20,13.80
2007.08.10 05:30:19.136,1.6211,1.6219,4.80,13.80
2007.08.10 05:30:20.562,1.6211,1.6219,7.30,6.50
2007.08.10 05:30:20.649,1.6214,1.6218,7.20,5.60
2007.08.10 05:30:21.488,1.6214,1.6218,2.50,5.60
2007.08.10 05:30:21.696,1.6216,1.6221,7.20,6.50
2007.08.10 05:30:21.707,1.6216,1.62195,7.20,0.80
2007.08.10 05:30:22.250,1.6216,1.622,8.80,5.60
2007.08.10 05:30:22.555,1.6216,1.622,1.60,5.60
2007.08.10 05:30:22.653,1.62155,1.622,4.80,5.60
2007.08.10 05:30:22.737,1.6215,1.622,0.80,0.80
2007.08.10 05:30:22.758,1.6214,1.6219,8.80,5.60
2007.08.10 05:30:23.986,1.6216,1.62175,7.20,0.80
2007.08.10 05:30:24.018,1.6216,1.6219,7.20,5.60
2007.08.10 05:30:24.190,1.6216,1.62185,8.80,0.90
2007.08.10 05:30:24.285,1.6216,1.6219,7.20,5.60
2007.08.10 05:30:24.541,1.6216,1.62195,7.20,5.60
2007.08.10 05:30:24.907,1.6216,1.6224,7.20,6.50
2007.08.10 05:30:25.094,1.6216,1.6224,1.60,6.50
2007.08.10 05:30:25.115,1.62155,1.6225,4.80,6.50
2007.08.10 05:30:25.138,1.62195,1.6224,4.80,8.10
2007.08.10 05:30:25.326,1.622,1.62235,7.20,4.80
2007.08.10 05:30:28.533,1.622,1.62225,7.20,4.80
2007.08.10 05:30:28.668,1.622,1.62225,8.80,4.80
2007.08.10 05:30:29.032,1.6218,1.62215,3.30,4.80
2007.08.10 05:30:29.073,1.6218,1.62215,10.60,4.80
2007.08.10 05:30:29.295,1.6218,1.62215,9.80,4.80
2007.08.10 05:30:30.838,1.6218,1.6224,9.80,3.30
2007.08.10 05:30:30.887,1.6218,1.6224,14.60,3.30
2007.08.10 05:30:31.044,1.6219,1.6224,1.60,3.30
2007.08.10 05:30:31.227,1.6218,1.6224,14.60,3.30
2007.08.10 05:30:31.449,1.622,1.62225,1.60,4.80
2007.08.10 05:30:31.960,1.622,1.62235,1.60,4.80
2007.08.10 05:30:32.392,1.6221,1.62235,1.60,4.80
2007.08.10 05:30:34.067,1.6221,1.62235,8.80,4.80
2007.08.10 05:30:34.179,1.6222,1.6226,1.60,3.30
2007.08.10 05:30:34.332,1.6222,1.62255,1.60,4.80
2007.08.10 05:30:35.607,1.6222,1.62245,1.60,4.80
2007.08.10 05:30:35.640,1.6221,1.62245,9.60,4.80
2007.08.10 05:30:35.877,1.6221,1.6226,9.60,3.30
2007.08.10 05:30:35.937,1.6221,1.62235,8.80,4.80
2007.08.10 05:30:36.553,1.6221,1.62235,1.60,4.80
2007.08.10 05:30:36.650,1.62195,1.62235,4.80,4.80
2007.08.10 05:30:36.686,1.6219,1.62225,9.80,4.80
2007.08.10 05:30:40.913,1.6219,1.62225,10.60,4.80
2007.08.10 05:30:40.930,1.6221,1.62235,1.60,4.80
2007.08.10 05:30:42.036,1.622,1.62235,8.00,4.80
2007.08.10 05:30:42.222,1.622,1.6224,12.80,4.80
2007.08.10 05:30:43.079,1.622,1.6224,5.60,7.30
2007.08.10 05:30:43.198,1.622,1.6224,7.20,7.30
2007.08.10 05:30:43.278,1.622,1.6224,2.40,2.50
2007.08.10 05:30:43.299,1.622,1.6222,1.60,4.80
2007.08.10 05:30:46.524,1.622,1.6222,1.60,7.30
2007.08.10 05:30:46.591,1.622,1.6221,1.60,4.80
2007.08.10 05:30:46.641,1.6219,1.6221,7.20,4.80
2007.08.10 05:30:47.055,1.6218,1.6221,1.60,4.80
2007.08.10 05:30:47.104,1.6218,1.6222,1.60,3.30
2007.08.10 05:30:47.269,1.6216,1.622,15.40,4.80
2007.08.10 05:30:51.174,1.6218,1.6221,1.60,5.60
2007.08.10 05:30:51.279,1.6218,1.6221,1.60,4.80
2007.08.10 05:30:52.100,1.6218,1.6221,4.10,4.80
2007.08.10 05:30:54.192,1.6218,1.6221,1.60,4.80
2007.08.10 05:30:54.251,1.6218,1.6222,1.60,8.00
2007.08.10 05:30:54.386,1.6216,1.622,8.10,4.80
2007.08.10 05:30:55.705,1.6216,1.622,0.60,4.80
2007.08.10 05:31:02.650,1.6216,1.6221,1.40,0.80
2007.08.10 05:31:02.809,1.6217,1.6224,14.40,10.60
2007.08.10 05:31:03.097,1.6217,1.6222,7.20,4.80
2007.08.10 05:31:03.149,1.6218,1.622,1.10,9.80
2007.08.10 05:31:03.215,1.6214,1.6218,9.70,4.80
2007.08.10 05:31:03.629,1.6214,1.6218,7.20,7.30
2007.08.10 05:31:03.684,1.6215,1.6217,0.90,4.80
2007.08.10 05:31:03.723,1.6213,1.6217,2.20,4.80
2007.08.10 05:31:04.354,1.6213,1.6217,14.40,4.80
2007.08.10 05:31:04.985,1.6213,1.6217,0.60,4.80
2007.08.10 05:31:07.248,1.6213,1.6217,12.80,4.80
2007.08.10 05:31:07.280,1.6214,1.6218,1.20,7.30
2007.08.10 05:31:08.071,1.6216,1.6218,0.70,4.80
2007.08.10 05:31:08.167,1.6215,1.6218,3.00,4.80
2007.08.10 05:31:08.263,1.6216,1.6219,1.50,0.80
2007.08.10 05:31:08.295,1.6215,1.622,12.80,7.30
2007.08.10 05:31:08.799,1.6216,1.62195,0.80,4.80
2007.08.10 05:31:08.812,1.62155,1.62195,0.70,4.80
2007.08.10 05:31:09.851,1.62155,1.62195,6.40,4.80
2007.08.10 05:31:10.468,1.62155,1.62195,1.80,4.80
2007.08.10 05:31:12.438,1.6214,1.622,14.60,7.30
2007.08.10 05:31:13.257,1.6215,1.6222,12.00,7.20
2007.08.10 05:31:13.692,1.6215,1.6219,4.10,4.80
2007.08.10 05:31:14.830,1.6215,1.6219,13.60,4.80
2007.08.10 05:31:17.741,1.6214,1.6219,14.60,4.80
2007.08.10 05:31:17.792,1.6213,1.622,15.40,2.50
2007.08.10 05:31:19.067,1.6214,1.622,8.90,2.50
2007.08.10 05:31:19.174,1.6212,1.6221,2.40,0.80
2007.08.10 05:31:19.288,1.6218,1.6224,16.20,2.50
2007.08.10 05:31:19.581,1.6218,1.6225,16.20,9.60
2007.08.10 05:31:19.700,1.6218,1.6225,16.20,8.80
2007.08.10 05:31:19.793,1.62185,1.6225,1.30,7.20
2007.08.10 05:31:22.300,1.62185,1.6225,6.40,7.20
2007.08.10 05:31:23.338,1.62185,1.6225,1.40,7.20
2007.08.10 05:31:23.552,1.6219,1.6226,1.70,11.40
2007.08.10 05:31:24.185,1.62185,1.6226,7.30,4.10
2007.08.10 05:31:24.218,1.62205,1.62245,12.00,4.80
2007.08.10 05:31:24.296,1.6222,1.62245,0.60,4.80
2007.08.10 05:31:24.747,1.6221,1.6226,8.80,4.10
2007.08.10 05:31:24.771,1.6219,1.6226,3.10,11.40
2007.08.10 05:31:24.861,1.6219,1.6226,1.80,11.40
2007.08.10 05:31:26.741,1.6219,1.6226,8.80,9.80
2007.08.10 05:31:27.777,1.6219,1.6225,8.80,0.80
2007.08.10 05:31:27.910,1.6219,1.6225,8.80,2.40
2007.08.10 05:31:28.220,1.6219,1.6225,8.80,0.80
2007.08.10 05:31:28.420,1.6219,1.6226,8.80,9.80
2007.08.10 05:31:29.789,1.6219,1.6225,8.80,1.60
2007.08.10 05:31:30.090,1.6219,1.6224,8.80,2.50
2007.08.10 05:31:30.423,1.6219,1.62225,8.80,4.80
2007.08.10 05:31:34.026,1.622,1.62225,1.60,4.80
2007.08.10 05:31:35.169,1.622,1.6222,1.60,2.50
2007.08.10 05:31:35.257,1.622,1.6225,1.60,0.80
2007.08.10 05:31:35.277,1.6217,1.6222,1.60,10.60
2007.08.10 05:31:37.336,1.6217,1.6222,1.60,10.60
2007.08.10 05:31:38.321,1.6217,1.6222,1.60,12.20
2007.08.10 05:31:38.573,1.6217,1.6221,1.60,1.60
2007.08.10 05:31:39.309,1.6216,1.6221,4.10,1.60
2007.08.10 05:31:39.622,1.6216,1.6219,1.60,4.80
2007.08.10 05:31:39.886,1.6216,1.622,1.60,2.50
2007.08.10 05:31:40.345,1.6215,1.622,8.80,2.50
2007.08.10 05:31:42.119,1.6215,1.622,1.60,9.80
2007.08.10 05:31:42.322,1.6214,1.622,2.50,12.20
2007.08.10 05:31:43.212,1.6214,1.622,7.30,12.20
2007.08.10 05:31:43.245,1.6216,1.622,1.60,4.90
2007.08.10 05:31:43.335,1.6215,1.622,8.80,2.50
2007.08.10 05:31:43.665,1.6215,1.6221,8.80,2.40
2007.08.10 05:31:43.729,1.6216,1.622,4.80,4.80
2007.08.10 05:31:43.867,1.6216,1.6224,4.80,11.40
2007.08.10 05:31:45.217,1.6216,1.6222,4.80,7.20
2007.08.10 05:31:45.277,1.6215,1.6222,13.60,7.20
2007.08.10 05:31:45.339,1.6216,1.6222,1.60,7.20
2007.08.10 05:31:45.635,1.6216,1.6223,1.60,2.40
2007.08.10 05:31:45.756,1.6216,1.6223,1.60,4.90
2007.08.10 05:31:45.782,1.6216,1.6223,6.40,4.90
2007.08.10 05:31:45.841,1.6216,1.6223,4.80,2.50
2007.08.10 05:31:46.159,1.6217,1.6223,7.20,2.50
2007.08.10 05:31:46.258,1.6217,1.6222,1.60,1.60
2007.08.10 05:31:46.472,1.6217,1.6222,1.60,2.40
2007.08.10 05:31:46.891,1.6214,1.6223,2.50,11.40
2007.08.10 05:31:47.832,1.6217,1.6223,7.20,4.10
2007.08.10 05:31:47.854,1.6217,1.6223,12.00,4.10
2007.08.10 05:31:48.039,1.6217,1.6223,12.00,2.50
2007.08.10 05:31:48.253,1.6214,1.6223,3.30,2.50
2007.08.10 05:31:48.839,1.6217,1.6223,8.80,2.50
2007.08.10 05:31:48.866,1.6217,1.6223,8.80,3.30
2007.08.10 05:31:49.077,1.6217,1.6223,1.60,10.60
2007.08.10 05:31:49.783,1.6217,1.622,1.60,4.80
2007.08.10 05:31:50.075,1.6214,1.622,3.30,4.80
2007.08.10 05:31:50.299,1.6217,1.622,1.60,4.80
2007.08.10 05:31:53.699,1.6217,1.6223,6.40,9.60
2007.08.10 05:31:53.916,1.6218,1.6221,1.60,7.30
2007.08.10 05:32:02.052,1.6217,1.6221,6.40,7.30
2007.08.10 05:32:02.242,1.6218,1.6221,1.60,4.80
2007.08.10 05:32:02.330,1.6217,1.6223,13.60,2.50
2007.08.10 05:32:02.377,1.6216,1.6222,1.00,4.80
2007.08.10 05:32:04.318,1.6217,1.6222,6.40,4.80
2007.08.10 05:32:04.437,1.6217,1.6223,0.90,10.60
2007.08.10 05:32:04.829,1.62165,1.6223,6.40,10.60
2007.08.10 05:32:05.243,1.62165,1.6223,6.40,10.60
2007.08.10 05:32:05.745,1.62175,1.62215,1.30,4.80
2007.08.10 05:32:05.896,1.62175,1.62215,6.40,4.80
2007.08.10 05:32:08.023,1.6217,1.62215,6.40,4.80
2007.08.10 05:32:08.323,1.6217,1.6222,6.40,4.80
2007.08.10 05:32:08.442,1.6214,1.6222,10.60,4.80
2007.08.10 05:32:09.321,1.6217,1.6223,6.40,7.20
2007.08.10 05:32:09.690,1.6217,1.6223,6.40,9.80
2007.08.10 05:32:11.771,1.6218,1.6223,0.90,2.50
2007.08.10 05:32:11.922,1.6215,1.6222,3.30,4.80
2007.08.10 05:32:11.972,1.6218,1.6222,13.60,4.80
2007.08.10 05:32:12.302,1.6214,1.6222,10.60,4.80
2007.08.10 05:32:12.476,1.62165,1.6223,6.40,10.60
2007.08.10 05:32:14.766,1.62175,1.62215,6.40,4.80
2007.08.10 05:32:14.893,1.62175,1.62215,6.40,4.80
2007.08.10 05:32:16.021,1.6216,1.62215,14.60,4.80
2007.08.10 05:32:16.545,1.62175,1.62215,6.40,4.80
2007.08.10 05:32:16.579,1.6218,1.6222,6.40,4.80
2007.08.10 05:32:16.968,1.6216,1.6222,14.60,4.80
2007.08.10 05:32:17.268,1.6218,1.6222,6.40,4.80
2007.08.10 05:32:17.870,1.62175,1.62215,6.40,4.80
2007.08.10 05:32:17.895,1.6216,1.62215,14.60,4.80
2007.08.10 05:32:18.726,1.62175,1.6221,1.10,7.20
2007.08.10 05:32:18.872,1.62155,1.62195,7.30,4.80
2007.08.10 05:32:19.254,1.62155,1.6222,14.60,0.80
2007.08.10 05:32:19.340,1.6216,1.6223,2.00,10.60
2007.08.10 05:32:19.385,1.6216,1.6223,14.60,10.60
2007.08.10 05:32:20.067,1.6218,1.6223,1.20,10.60
2007.08.10 05:32:21.861,1.62165,1.6223,2.50,11.40
2007.08.10 05:32:21.987,1.6219,1.62215,0.50,4.80
2007.08.10 05:32:23.295,1.62175,1.62215,6.40,4.80
2007.08.10 05:32:23.711,1.6218,1.6221,0.60,7.20
2007.08.10 05:32:23.754,1.6216,1.62195,1.60,4.80
2007.08.10 05:32:23.796,1.6216,1.62195,4.10,4.80
2007.08.10 05:32:24.831,1.6216,1.62195,1.50,4.80
2007.08.10 05:32:26.816,1.6217,1.62195,0.60,4.80
2007.08.10 05:32:30.412,1.62145,1.6221,4.80,9.80
2007.08.10 05:32:30.442,1.6215,1.6221,1.60,10.60
2007.08.10 05:32:31.913,1.6216,1.6221,1.60,10.60
2007.08.10 05:32:34.380,1.6216,1.6221,1.60,12.20
2007.08.10 05:32:34.795,1.6216,1.6221,4.10,2.40
2007.08.10 05:32:34.901,1.6217,1.6221,1.60,0.80
2007.08.10 05:32:35.030,1.6217,1.622,1.60,4.80
2007.08.10 05:32:35.114,1.6217,1.6222,1.60,7.20
2007.08.10 05:32:35.215,1.6217,1.622,1.60,4.80
2007.08.10 05:32:35.335,1.6216,1.622,6.40,4.80
2007.08.10 05:32:36.359,1.6217,1.622,1.60,4.80
2007.08.10 05:32:39.394,1.6217,1.62195,1.60,4.80
2007.08.10 05:32:41.320,1.6217,1.62195,1.60,0.60
2007.08.10 05:32:41.918,1.6215,1.62185,2.50,0.90
2007.08.10 05:32:45.264,1.6217,1.622,1.60,12.00
2007.08.10 05:32:46.022,1.62155,1.6221,4.80,7.30
2007.08.10 05:32:46.042,1.6218,1.62205,1.60,0.80
2007.08.10 05:32:46.322,1.6218,1.62205,1.60,12.00
2007.08.10 05:32:46.432,1.6217,1.62205,1.60,12.00
2007.08.10 05:32:46.532,1.6215,1.622,2.50,12.00
2007.08.10 05:32:49.349,1.6215,1.6221,9.80,0.70
2007.08.10 05:32:49.371,1.6217,1.6221,1.60,9.70
2007.08.10 05:32:49.468,1.6218,1.62205,1.60,0.70
2007.08.10 05:32:51.293,1.6218,1.62205,1.60,12.00
2007.08.10 05:32:51.387,1.62165,1.62205,4.80,12.00
2007.08.10 05:32:51.422,1.6216,1.622,1.60,12.00
2007.08.10 05:32:52.977,1.6215,1.62185,4.10,0.50
2007.08.10 05:32:53.274,1.6216,1.622,1.60,12.00
2007.08.10 05:32:53.996,1.6215,1.622,1.60,12.00
2007.08.10 05:32:54.825,1.6215,1.6218,1.60,0.50
2007.08.10 05:32:54.934,1.62145,1.6218,4.80,0.80
2007.08.10 05:32:55.145,1.6214,1.62165,1.60,0.70
2007.08.10 05:32:56.398,1.6213,1.62165,1.60,12.00
2007.08.10 05:32:56.583,1.6212,1.6215,4.10,0.80
2007.08.10 05:32:56.683,1.6212,1.6215,1.60,0.80
2007.08.10 05:32:56.801,1.621,1.6215,2.50,12.00
2007.08.10 05:32:57.819,1.62095,1.6213,4.80,0.50
2007.08.10 05:32:57.859,1.621,1.6214,4.80,14.50
2007.08.10 05:32:57.930,1.6208,1.6213,2.50,0.50
2007.08.10 05:32:58.174,1.6208,1.6213,7.30,12.00
2007.08.10 05:32:58.858,1.6208,1.6213,4.80,14.50
2007.08.10 05:32:58.902,1.6207,1.6211,4.80,0.80
2007.08.10 05:32:59.993,1.62065,1.62105,4.80,0.70
2007.08.10 05:33:00.024,1.6208,1.6212,1.60,7.30
2007.08.10 05:33:00.549,1.6206,1.6211,2.50,12.00
2007.08.10 05:33:03.128,1.6206,1.6213,9.80,12.10
2007.08.10 05:33:03.341,1.6206,1.62095,7.20,0.80
2007.08.10 05:33:03.428,1.6206,1.6211,8.80,7.30
2007.08.10 05:33:03.646,1.6206,1.6211,8.80,0.70
2007.08.10 05:33:03.835,1.6206,1.6211,8.80,0.80
2007.08.10 05:33:03.963,1.6207,1.6211,1.60,0.50
2007.08.10 05:33:04.378,1.6208,1.6212,7.20,0.80
2007.08.10 05:33:04.476,1.6208,1.6212,12.00,0.60
2007.08.10 05:33:04.580,1.6208,1.6212,12.00,0.90
2007.08.10 05:33:05.623,1.6208,1.6215,12.00,0.60
2007.08.10 05:33:07.033,1.6207,1.6213,1.60,9.70
2007.08.10 05:33:08.309,1.6208,1.6213,7.20,3.30
2007.08.10 05:33:08.377,1.6208,1.6212,7.20,7.30
2007.08.10 05:33:08.406,1.6209,1.6212,1.60,7.30
2007.08.10 05:33:09.432,1.6208,1.6212,7.20,7.30
2007.08.10 05:33:10.883,1.6208,1.6214,2.50,0.60
2007.08.10 05:33:10.954,1.621,1.62135,8.80,0.50
2007.08.10 05:33:11.084,1.6211,1.6214,1.60,7.30
2007.08.10 05:33:12.472,1.621,1.6214,7.20,7.30
2007.08.10 05:33:12.879,1.621,1.6217,2.50,4.90
2007.08.10 05:33:12.990,1.6212,1.62145,7.20,0.60
2007.08.10 05:33:15.462,1.6213,1.6216,1.60,7.30
2007.08.10 05:33:15.551,1.6213,1.62155,1.60,0.60
2007.08.10 05:33:16.840,1.6213,1.6216,1.60,0.80
2007.08.10 05:33:20.349,1.6213,1.6218,1.60,0.50
2007.08.10 05:33:20.405,1.6213,1.6217,6.40,0.60
2007.08.10 05:33:22.319,1.6214,1.6217,1.60,0.60
2007.08.10 05:33:22.461,1.6212,1.6219,14.60,9.70
2007.08.10 05:33:23.358,1.6213,1.6219,7.20,4.90
2007.08.10 05:33:23.452,1.6214,1.6219,1.60,4.90
2007.08.10 05:33:23.490,1.6214,1.6218,1.60,7.30
2007.08.10 05:33:24.825,1.6215,1.62165,7.20,0.70
2007.08.10 05:33:24.917,1.62125,1.6218,4.80,7.30
2007.08.10 05:33:25.052,1.6215,1.62185,8.80,7.30
2007.08.10 05:33:25.332,1.6216,1.62185,1.60,7.30
2007.08.10 05:33:26.277,1.6215,1.62185,8.80,7.30
2007.08.10 05:33:26.468,1.6215,1.62185,7.20,7.30
2007.08.10 05:33:26.542,1.6215,1.62175,7.20,0.80
2007.08.10 05:33:30.405,1.6215,1.6218,7.20,4.80
2007.08.10 05:33:32.947,1.6215,1.62175,7.20,4.80
2007.08.10 05:33:36.144,1.6215,1.6219,7.20,7.30
2007.08.10 05:33:38.019,1.6215,1.6219,7.20,7.30
2007.08.10 05:33:38.055,1.6216,1.62185,1.60,0.80
2007.08.10 05:33:41.352,1.62165,1.622,4.80,4.10
2007.08.10 05:33:41.484,1.6217,1.6223,8.80,0.80
2007.08.10 05:33:41.674,1.6217,1.62205,8.80,0.80
2007.08.10 05:33:42.436,1.6217,1.6221,7.20,7.30
2007.08.10 05:33:42.969,1.6217,1.62205,8.80,0.60
2007.08.10 05:33:43.802,1.6217,1.62205,1.60,0.80
2007.08.10 05:33:43.913,1.6217,1.622,1.60,0.60
2007.08.10 05:33:44.003,1.62165,1.62205,4.80,7.30
2007.08.10 05:33:44.087,1.6216,1.622,8.80,7.30
2007.08.10 05:33:44.314,1.6217,1.6219,1.60,0.80
2007.08.10 05:33:48.973,1.6216,1.6219,1.60,0.90
2007.08.10 05:33:49.408,1.6216,1.6221,6.40,8.90
2007.08.10 05:33:50.317,1.6217,1.6223,1.60,9.60
2007.08.10 05:33:54.504,1.6215,1.622,12.00,7.30
2007.08.10 05:33:55.918,1.6217,1.6222,1.60,12.20
2007.08.10 05:33:56.045,1.6217,1.6221,4.80,0.50
2007.08.10 05:33:57.275,1.6219,1.6224,1.60,12.10
2007.08.10 05:33:57.359,1.6218,1.6224,2.50,12.10
2007.08.10 05:33:58.406,1.6219,1.6224,1.60,12.10
2007.08.10 05:33:58.503,1.6219,1.6223,1.60,0.80
2007.08.10 05:33:59.337,1.6218,1.6224,4.10,12.10
2007.08.10 05:34:00.897,1.6218,1.6222,4.10,12.00
2007.08.10 05:34:01.007,1.6218,1.6221,2.50,0.80
2007.08.10 05:34:01.155,1.6218,1.6222,2.50,0.60
2007.08.10 05:34:01.211,1.6218,1.6224,2.50,12.10
2007.08.10 05:34:01.942,1.6218,1.6222,2.50,9.60
2007.08.10 05:34:02.416,1.6218,1.6221,2.50,6.40
2007.08.10 05:34:02.559,1.6218,1.6223,2.50,9.60
2007.08.10 05:34:02.655,1.6218,1.6224,2.50,12.10
2007.08.10 05:34:02.978,1.6218,1.6224,2.50,12.10
2007.08.10 05:34:05.245,1.6217,1.6222,4.10,8.00
2007.08.10 05:34:05.766,1.6217,1.6222,4.10,0.80
2007.08.10 05:34:05.870,1.6217,1.6223,4.10,10.60
2007.08.10 05:34:05.973,1.6218,1.6223,1.60,10.60
2007.08.10 05:34:06.163,1.6217,1.6223,2.50,11.40
2007.08.10 05:34:06.296,1.6217,1.6223,7.30,11.40
2007.08.10 05:34:07.009,1.6218,1.6221,1.60,4.80
2007.08.10 05:34:07.293,1.6218,1.6222,1.60,8.80
2007.08.10 05:34:07.316,1.6218,1.6222,1.60,9.60
2007.08.10 05:34:07.732,1.6218,1.6219,1.60,4.80
2007.08.10 05:34:07.829,1.6218,1.62185,1.60,4.80
2007.08.10 05:34:08.053,1.62145,1.62185,4.80,4.80
2007.08.10 05:34:08.969,1.6215,1.6221,7.20,0.80
2007.08.10 05:34:09.090,1.6215,1.6222,7.20,8.00
2007.08.10 05:34:09.148,1.6217,1.6222,4.10,8.00
2007.08.10 05:34:09.436,1.6215,1.6222,12.00,8.00
2007.08.10 05:34:10.128,1.6215,1.6219,4.80,4.80
2007.08.10 05:34:10.208,1.6215,1.6219,1.50,4.80
2007.08.10 05:34:10.262,1.6213,1.622,12.00,7.20
2007.08.10 05:34:12.816,1.6214,1.6221,12.00,1.60
2007.08.10 05:34:12.897,1.6213,1.6221,12.80,1.60
2007.08.10 05:34:13.027,1.6217,1.6222,4.10,9.60
2007.08.10 05:34:13.339,1.6213,1.6222,12.80,9.60
2007.08.10 05:34:13.967,1.6217,1.6222,4.10,9.60
2007.08.10 05:34:14.268,1.6215,1.6222,6.30,9.60
2007.08.10 05:34:14.587,1.6213,1.6221,12.80,1.60
2007.08.10 05:34:15.513,1.6216,1.6219,4.10,4.80
2007.08.10 05:34:16.015,1.6217,1.62185,0.80,4.80
2007.08.10 05:34:17.830,1.6216,1.622,4.10,7.20
2007.08.10 05:34:20.084,1.6216,1.622,4.10,8.80
2007.08.10 05:34:25.046,1.6217,1.622,0.70,7.20
2007.08.10 05:34:29.621,1.6213,1.622,12.00,7.20
2007.08.10 05:34:30.957,1.6216,1.622,4.10,7.20
2007.08.10 05:34:32.319,1.6213,1.622,12.00,7.20
2007.08.10 05:34:36.566,1.6214,1.6221,12.00,2.40
2007.08.10 05:34:36.772,1.6217,1.6221,4.10,0.80
2007.08.10 05:34:36.780,1.6217,1.6222,4.10,8.80
2007.08.10 05:34:36.989,1.6217,1.6222,4.10,7.20
2007.08.10 05:34:39.895,1.6218,1.6223,1.60,4.90
2007.08.10 05:34:42.998,1.6217,1.6223,9.80,4.90
2007.08.10 05:34:44.153,1.6218,1.6223,1.60,4.90
2007.08.10 05:34:53.060,1.6218,1.6223,1.60,3.30
2007.08.10 05:34:53.350,1.6218,1.6223,1.60,4.90
2007.08.10 05:34:53.972,1.6217,1.6223,9.80,4.90
2007.08.10 05:34:56.167,1.6218,1.6222,1.60,1.60
2007.08.10 05:34:56.470,1.6217,1.6222,11.40,1.60
2007.08.10 05:34:57.011,1.6218,1.6222,4.10,1.60
2007.08.10 05:34:57.092,1.6218,1.6222,11.40,1.60
2007.08.10 05:34:57.161,1.6218,1.6221,11.40,4.80
2007.08.10 05:34:57.212,1.6214,1.6223,5.60,0.80
2007.08.10 05:34:57.304,1.6215,1.6224,5.60,0.80
2007.08.10 05:34:57.553,1.6218,1.6224,16.20,0.80
2007.08.10 05:34:57.622,1.6218,1.6225,16.20,4.90
2007.08.10 05:34:57.718,1.6218,1.6225,14.60,4.90
2007.08.10 05:34:58.141,1.622,1.6225,1.10,4.90
2007.08.10 05:34:58.448,1.6219,1.6224,11.40,1.60
2007.08.10 05:34:59.174,1.6218,1.6225,14.60,4.90
2007.08.10 05:34:59.589,1.622,1.6225,11.30,2.40
2007.08.10 05:34:59.688,1.622,1.6225,11.30,0.80
2007.08.10 05:34:59.888,1.6221,1.6226,2.10,0.80
2007.08.10 05:35:00.724,1.6221,1.6226,8.80,2.40
2007.08.10 05:35:00.848,1.6222,1.6226,0.90,1.60
2007.08.10 05:35:00.939,1.6221,1.6227,8.80,4.90
2007.08.10 05:35:01.345,1.6222,1.6226,0.90,1.60
2007.08.10 05:35:03.118,1.6221,1.6226,4.80,1.60
2007.08.10 05:35:05.163,1.622,1.6224,16.10,4.80
2007.08.10 05:35:07.148,1.6221,1.6226,8.80,1.60
2007.08.10 05:35:07.985,1.6221,1.6226,11.30,1.60
2007.08.10 05:35:08.087,1.6222,1.62245,3.20,4.80
2007.08.10 05:35:08.192,1.6222,1.6227,3.50,1.60
2007.08.10 05:35:08.288,1.6222,1.6227,1.10,1.60
2007.08.10 05:35:08.509,1.6222,1.6227,1.30,2.40
2007.08.10 05:35:08.818,1.6221,1.6227,2.80,4.90
2007.08.10 05:35:09.650,1.6221,1.6227,4.80,3.30
2007.08.10 05:35:10.289,1.6221,1.6227,4.20,4.90
2007.08.10 05:35:10.491,1.622,1.6226,11.40,2.40
2007.08.10 05:35:12.864,1.6221,1.6226,3.80,1.60
2007.08.10 05:35:12.956,1.622,1.6227,16.20,4.90
2007.08.10 05:35:13.063,1.622,1.6226,8.90,7.20
2007.08.10 05:35:13.792,1.622,1.6226,8.90,8.00
2007.08.10 05:35:13.902,1.6221,1.6226,1.20,9.60
2007.08.10 05:35:14.310,1.622,1.6226,4.10,8.00
2007.08.10 05:35:14.825,1.622,1.6226,4.10,7.20
2007.08.10 05:35:14.938,1.6221,1.6226,0.60,7.20
2007.08.10 05:35:15.355,1.622,1.6226,8.90,8.00
2007.08.10 05:35:17.320,1.622,1.6226,11.40,0.80
2007.08.10 05:35:17.831,1.622,1.6227,11.40,4.90
2007.08.10 05:35:17.940,1.62195,1.6227,16.20,4.90
2007.08.10 05:35:18.155,1.6221,1.6226,0.50,8.80
2007.08.10 05:35:18.356,1.62195,1.6226,8.90,9.60
2007.08.10 05:35:18.456,1.62195,1.62235,8.90,4.80
2007.08.10 05:35:18.502,1.62185,1.6225,12.00,2.40
2007.08.10 05:35:19.204,1.62185,1.6225,12.00,0.80
2007.08.10 05:35:20.556,1.6221,1.62235,1.90,4.80
2007.08.10 05:35:20.651,1.6221,1.62235,5.70,4.80
2007.08.10 05:35:20.747,1.6221,1.6226,5.30,0.80
2007.08.10 05:35:30.701,1.6221,1.6226,9.80,0.80
2007.08.10 05:35:31.867,1.6221,1.6225,14.60,4.80
2007.08.10 05:35:31.889,1.6222,1.6227,7.20,4.10
2007.08.10 05:35:37.348,1.6222,1.6225,7.20,4.80
2007.08.10 05:35:37.430,1.6222,1.6227,7.20,4.10
2007.08.10 05:35:44.288,1.6222,1.6226,12.00,4.80
2007.08.10 05:35:46.885,1.6223,1.6226,1.60,4.80
2007.08.10 05:35:48.545,1.6223,1.6229,6.40,8.00
2007.08.10 05:35:48.771,1.6223,1.6226,1.60,4.80
2007.08.10 05:35:49.332,1.6223,1.6227,1.60,4.10
2007.08.10 05:35:54.246,1.6221,1.6225,14.60,4.80
2007.08.10 05:35:54.261,1.6221,1.6226,9.80,1.60
2007.08.10 05:35:54.335,1.6221,1.6226,9.80,2.40
2007.08.10 05:35:55.907,1.6221,1.6226,2.50,2.40
2007.08.10 05:35:56.109,1.6221,1.6226,2.50,9.60
2007.08.10 05:35:56.374,1.6221,1.6225,2.50,2.40
2007.08.10 05:35:58.878,1.622,1.6225,4.10,9.60
2007.08.10 05:35:58.910,1.622,1.6223,2.50,4.80
2007.08.10 05:35:59.330,1.622,1.6225,4.10,9.60
2007.08.10 05:36:00.350,1.622,1.6225,2.50,9.60
2007.08.10 05:36:01.394,1.622,1.62225,4.10,4.80
2007.08.10 05:36:01.487,1.622,1.62225,1.60,4.80
2007.08.10 05:36:01.755,1.622,1.6224,1.60,1.60
2007.08.10 05:36:01.809,1.622,1.6224,1.60,9.60
2007.08.10 05:36:01.823,1.6219,1.6224,4.10,9.60
2007.08.10 05:36:01.908,1.6219,1.6224,1.20,9.60
2007.08.10 05:36:06.274,1.6221,1.6224,0.90,2.40
2007.08.10 05:36:06.355,1.6221,1.6226,0.70,2.40
2007.08.10 05:36:07.310,1.622,1.6226,16.10,2.40
2007.08.10 05:36:08.024,1.6221,1.6226,1.00,2.40
2007.08.10 05:36:09.274,1.6221,1.6226,4.10,2.40
2007.08.10 05:36:13.308,1.6221,1.6226,2.20,2.40
2007.08.10 05:36:13.939,1.622,1.6226,16.10,0.80
2007.08.10 05:36:14.883,1.622,1.6226,16.20,3.30
2007.08.10 05:36:14.972,1.6217,1.6226,15.40,4.90
2007.08.10 05:36:15.164,1.6222,1.62255,1.20,4.80
2007.08.10 05:36:15.187,1.62215,1.62255,13.60,4.80
2007.08.10 05:36:15.305,1.6222,1.62255,8.80,4.80
2007.08.10 05:36:15.389,1.6222,1.6228,8.80,4.90
2007.08.10 05:36:15.814,1.6223,1.62255,0.90,4.80
2007.08.10 05:36:15.922,1.62215,1.62255,6.40,4.80
2007.08.10 05:36:16.009,1.6222,1.6227,0.80,2.40
2007.08.10 05:36:16.338,1.6221,1.6227,1.30,2.40
2007.08.10 05:36:16.768,1.6221,1.6227,1.20,4.90
2007.08.10 05:36:16.855,1.6218,1.6227,15.40,12.20
2007.08.10 05:36:17.060,1.6217,1.6226,15.40,0.80
2007.08.10 05:36:17.269,1.6219,1.6226,14.50,8.00
2007.08.10 05:36:17.376,1.6219,1.6226,14.50,9.60
2007.08.10 05:36:17.602,1.62195,1.6226,7.30,9.60
2007.08.10 05:36:18.817,1.6221,1.6226,0.60,9.60
2007.08.10 05:36:19.769,1.6221,1.62235,0.90,4.80
2007.08.10 05:36:19.913,1.6218,1.6224,14.50,0.80
2007.08.10 05:36:21.423,1.6219,1.6224,4.10,0.80
2007.08.10 05:36:21.519,1.622,1.6225,1.00,10.60
2007.08.10 05:36:21.832,1.6219,1.6225,16.20,3.30
2007.08.10 05:36:21.937,1.6216,1.6225,15.40,3.30
2007.08.10 05:36:22.017,1.62195,1.62235,6.40,4.80
2007.08.10 05:36:22.272,1.62195,1.6226,16.20,2.40
2007.08.10 05:36:22.284,1.62215,1.62255,0.50,4.80
2007.08.10 05:36:22.356,1.6223,1.62255,1.10,4.80
2007.08.10 05:36:23.852,1.622,1.6227,14.50,11.40
2007.08.10 05:36:23.910,1.6221,1.6226,4.10,1.60
2007.08.10 05:36:24.005,1.6221,1.6226,4.10,2.40
2007.08.10 05:36:24.339,1.6222,1.6226,0.50,0.80
2007.08.10 05:36:24.839,1.6222,1.6227,0.70,4.10
2007.08.10 05:36:24.884,1.62215,1.62255,6.40,4.80
2007.08.10 05:36:24.918,1.62215,1.62255,6.40,4.80
2007.08.10 05:36:27.231,1.6223,1.6225,1.00,2.50
2007.08.10 05:36:27.328,1.6221,1.6225,6.40,2.50
2007.08.10 05:36:27.516,1.6221,1.62245,0.70,4.80
2007.08.10 05:36:28.328,1.6221,1.6225,1.10,2.50
2007.08.10 05:36:28.371,1.6219,1.6225,16.20,3.30
2007.08.10 05:36:28.771,1.6219,1.6225,16.10,3.30
2007.08.10 05:36:28.865,1.622,1.6225,8.80,4.10
2007.08.10 05:36:28.897,1.6221,1.6224,0.50,4.80
2007.08.10 05:36:29.433,1.6219,1.6225,1.30,11.40
2007.08.10 05:36:29.490,1.6218,1.6224,14.50,0.80
2007.08.10 05:36:29.831,1.6219,1.6225,1.60,12.20
2007.08.10 05:36:29.927,1.622,1.6225,0.70,12.20
2007.08.10 05:36:30.950,1.6218,1.6225,14.50,10.60
2007.08.10 05:36:31.272,1.622,1.6225,8.80,3.30
2007.08.10 05:36:31.293,1.622,1.62235,8.80,4.80
2007.08.10 05:36:32.054,1.62205,1.62245,4.80,4.80
2007.08.10 05:36:32.595,1.622,1.6225,1.60,3.30
2007.08.10 05:36:32.830,1.622,1.6225,8.80,3.30
2007.08.10 05:36:32.918,1.62205,1.62245,4.80,4.80
2007.08.10 05:36:33.533,1.622,1.6225,1.60,4.90
2007.08.10 05:36:33.752,1.622,1.6225,8.80,4.90
2007.08.10 05:36:33.866,1.622,1.6225,8.80,4.10
2007.08.10 05:36:33.951,1.622,1.6225,8.80,2.50
2007.08.10 05:36:34.066,1.62205,1.62245,4.80,4.80
2007.08.10 05:36:34.994,1.6221,1.62245,1.60,4.80
2007.08.10 05:36:35.321,1.62205,1.62245,4.80,4.80
2007.08.10 05:36:36.490,1.622,1.62235,8.80,4.80
2007.08.10 05:36:36.853,1.622,1.62235,1.60,4.80
2007.08.10 05:36:36.986,1.622,1.6225,1.60,4.90
2007.08.10 05:36:37.273,1.622,1.6225,1.60,3.30
2007.08.10 05:36:38.096,1.6221,1.6225,2.50,0.80
2007.08.10 05:36:38.818,1.622,1.6226,2.50,4.10
2007.08.10 05:36:39.246,1.622,1.6226,2.50,11.40
2007.08.10 05:36:39.348,1.622,1.6225,2.50,1.60
2007.08.10 05:36:39.440,1.622,1.6225,2.50,2.40
2007.08.10 05:36:39.816,1.62185,1.62225,4.80,4.80
2007.08.10 05:36:39.888,1.6219,1.62225,1.60,4.80
2007.08.10 05:36:40.075,1.6219,1.6223,1.60,2.40
2007.08.10 05:36:40.306,1.6219,1.6223,1.60,0.80
2007.08.10 05:36:40.826,1.6222,1.6224,2.50,2.40
2007.08.10 05:36:40.900,1.6222,1.6225,2.50,1.60
2007.08.10 05:36:40.947,1.6222,1.6227,2.50,0.80
2007.08.10 05:36:41.237,1.6222,1.62245,2.50,4.80
2007.08.10 05:36:41.479,1.6222,1.6224,2.50,4.80
2007.08.10 05:36:43.806,1.6222,1.6225,2.50,1.60
2007.08.10 05:36:43.815,1.6221,1.6225,1.60,9.60
2007.08.10 05:36:44.327,1.622,1.6224,2.50,0.80
2007.08.10 05:36:44.833,1.622,1.6223,2.50,4.80
2007.08.10 05:36:44.858,1.622,1.6223,4.10,4.80
2007.08.10 05:36:44.947,1.622,1.6225,4.10,9.60
2007.08.10 05:36:45.378,1.6221,1.6225,1.60,9.60
2007.08.10 05:36:45.982,1.622,1.6225,4.10,9.60
2007.08.10 05:36:46.302,1.622,1.6223,2.50,4.80
2007.08.10 05:36:46.420,1.622,1.6224,2.50,0.80
2007.08.10 05:36:46.508,1.6219,1.6224,1.60,0.80
2007.08.10 05:36:46.718,1.6219,1.6224,1.60,8.00
2007.08.10 05:36:46.817,1.6219,1.6222,1.60,4.80
2007.08.10 05:36:46.964,1.6219,1.6223,1.60,2.40
2007.08.10 05:36:47.344,1.6218,1.6223,4.10,2.40
2007.08.10 05:36:49.301,1.6219,1.6223,1.60,2.40
2007.08.10 05:36:53.133,1.6219,1.6224,1.60,12.20
2007.08.10 05:36:55.290,1.6218,1.6224,9.80,4.90
2007.08.10 05:36:55.411,1.6218,1.6225,9.80,12.10
2007.08.10 05:36:55.520,1.6218,1.6225,14.60,12.10
2007.08.10 05:36:56.253,1.6219,1.6224,1.60,0.80
2007.08.10 05:36:56.335,1.6218,1.6225,14.60,12.10
2007.08.10 05:36:56.759,1.622,1.6224,1.60,0.60
2007.08.10 05:36:56.797,1.622,1.6224,1.60,7.20
2007.08.10 05:36:56.940,1.6219,1.6225,4.10,0.80
2007.08.10 05:36:57.911,1.622,1.6225,1.60,0.60
2007.08.10 05:36:59.378,1.622,1.6224,1.60,6.40
2007.08.10 05:36:59.419,1.622,1.6224,1.60,0.80
2007.08.10 05:36:59.561,1.622,1.6224,1.60,0.50
2007.08.10 05:37:01.953,1.6219,1.6224,4.10,0.80
2007.08.10 05:37:02.245,1.6219,1.6223,4.10,6.40
2007.08.10 05:37:03.921,1.6219,1.6224,4.10,0.90
2007.08.10 05:37:04.441,1.6219,1.6222,4.10,0.60
2007.08.10 05:37:10.845,1.6219,1.6225,11.40,2.40
2007.08.10 05:37:10.986,1.6216,1.6223,1.20,0.80
2007.08.10 05:37:11.054,1.6216,1.6226,1.20,9.60
2007.08.10 05:37:11.791,1.6219,1.6225,13.60,0.90
2007.08.10 05:37:12.024,1.6219,1.6225,8.80,0.90
2007.08.10 05:37:12.850,1.6219,1.6225,1.60,9.60
2007.08.10 05:37:14.884,1.6219,1.6224,4.80,5.60
2007.08.10 05:37:15.004,1.622,1.6224,1.60,7.20
2007.08.10 05:37:15.964,1.62195,1.6225,4.80,6.40
2007.08.10 05:37:16.236,1.622,1.6225,2.50,6.40
2007.08.10 05:37:16.355,1.622,1.6225,4.10,6.40
2007.08.10 05:37:16.776,1.622,1.6225,11.40,6.40
2007.08.10 05:37:17.810,1.6222,1.6224,7.20,0.90
2007.08.10 05:37:17.928,1.6222,1.6226,8.80,0.70
2007.08.10 05:37:18.152,1.6222,1.6227,13.60,8.90
2007.08.10 05:37:18.226,1.6223,1.6227,4.10,6.40
2007.08.10 05:37:18.421,1.6223,1.6227,4.10,0.50
2007.08.10 05:37:18.465,1.6223,1.6227,2.50,0.90
2007.08.10 05:37:18.750,1.6222,1.6228,1.60,12.10
2007.08.10 05:37:18.847,1.6222,1.6228,8.80,4.90
2007.08.10 05:37:18.924,1.6222,1.6226,13.60,0.50
2007.08.10 05:37:18.953,1.6223,1.6227,1.60,7.30
2007.08.10 05:37:19.373,1.6222,1.6226,6.40,0.60
2007.08.10 05:37:19.443,1.6222,1.6228,1.60,12.10
2007.08.10 05:37:19.473,1.6222,1.6227,1.60,0.70
2007.08.10 05:37:19.789,1.6222,1.6227,1.60,0.80
2007.08.10 05:37:21.262,1.6222,1.6225,1.60,2.50
2007.08.10 05:37:21.356,1.6222,1.62255,8.80,4.80
2007.08.10 05:37:22.377,1.6223,1.6228,1.60,3.30
2007.08.10 05:37:24.353,1.62215,1.6228,4.80,0.80
2007.08.10 05:37:24.504,1.6222,1.6228,4.80,0.80
2007.08.10 05:37:25.372,1.6222,1.6229,4.80,0.80
2007.08.10 05:37:25.532,1.6223,1.6229,4.80,0.80
2007.08.10 05:37:25.901,1.6223,1.6229,7.30,0.80
2007.08.10 05:37:25.978,1.6223,1.623,7.30,1.60
2007.08.10 05:37:26.191,1.6223,1.6229,2.50,4.80
2007.08.10 05:37:26.306,1.6223,1.6231,2.50,4.90
2007.08.10 05:37:26.717,1.6223,1.6231,2.50,2.40
2007.08.10 05:37:26.922,1.6226,1.6229,1.60,4.80
2007.08.10 05:37:27.057,1.6226,1.62285,1.60,4.80
2007.08.10 05:37:27.333,1.6225,1.6232,8.80,4.10
2007.08.10 05:37:27.626,1.62255,1.6232,4.80,4.10
2007.08.10 05:37:27.763,1.62255,1.62295,4.80,4.80
2007.08.10 05:37:27.923,1.6223,1.6231,2.50,3.30
2007.08.10 05:37:27.967,1.6226,1.6231,1.60,4.90
2007.08.10 05:37:28.290,1.6227,1.6231,7.20,2.40
2007.08.10 05:37:28.376,1.6227,1.6231,7.20,0.80
2007.08.10 05:37:28.447,1.6227,1.623,7.20,4.80
2007.08.10 05:37:28.576,1.6227,1.6232,7.20,2.40
2007.08.10 05:37:28.802,1.6226,1.6232,6.40,2.40
2007.08.10 05:37:28.911,1.6226,1.6233,6.40,4.90
2007.08.10 05:37:28.973,1.6228,1.6233,7.20,4.90
2007.08.10 05:37:33.356,1.6227,1.6233,2.50,2.40
2007.08.10 05:37:33.379,1.623,1.6233,7.20,2.40
2007.08.10 05:37:33.440,1.623,1.62335,8.80,4.80
2007.08.10 05:37:33.785,1.623,1.62335,1.60,4.80
2007.08.10 05:37:33.859,1.62295,1.62335,4.80,4.80
2007.08.10 05:37:34.154,1.6229,1.62325,8.80,4.80
2007.08.10 05:37:34.350,1.6229,1.62325,7.20,4.80
2007.08.10 05:37:34.980,1.6229,1.6232,7.20,4.80
2007.08.10 05:37:35.228,1.6229,1.6232,8.80,4.80
2007.08.10 05:37:36.999,1.6229,1.6232,7.20,4.80
2007.08.10 05:37:37.307,1.623,1.6232,9.80,4.80
2007.08.10 05:37:37.405,1.623,1.6234,9.80,1.60
2007.08.10 05:37:37.593,1.623,1.6233,9.80,4.80
2007.08.10 05:37:38.017,1.623,1.6233,11.40,4.80
2007.08.10 05:37:40.827,1.623,1.6233,4.10,4.80
2007.08.10 05:37:40.944,1.623,1.6234,4.10,1.60
2007.08.10 05:37:41.358,1.623,1.6234,2.50,1.60
2007.08.10 05:37:43.318,1.6229,1.6234,1.60,8.80
2007.08.10 05:37:43.437,1.6228,1.6232,8.90,6.40
2007.08.10 05:37:43.469,1.6228,1.6232,4.10,1.60
2007.08.10 05:37:43.941,1.6228,1.6232,2.50,1.60
2007.08.10 05:37:46.307,1.6229,1.6232,7.20,1.60
2007.08.10 05:37:46.414,1.6229,1.6233,7.20,0.80
2007.08.10 05:37:46.584,1.6229,1.6234,7.20,2.40
2007.08.10 05:37:47.340,1.6227,1.6234,11.40,9.60
2007.08.10 05:37:47.458,1.6227,1.6233,9.80,1.60
2007.08.10 05:37:47.977,1.6227,1.6232,9.80,1.60
2007.08.10 05:37:48.081,1.6227,1.6232,9.80,2.40
2007.08.10 05:37:48.297,1.6228,1.6232,2.50,2.40
2007.08.10 05:37:48.383,1.6228,1.6231,2.50,4.80
2007.08.10 05:37:48.394,1.6229,1.6231,7.20,4.80
2007.08.10 05:37:48.503,1.6229,1.6233,7.20,1.60
2007.08.10 05:37:49.083,1.6229,1.6234,7.20,2.40
2007.08.10 05:37:50.443,1.6229,1.6233,7.20,1.60
2007.08.10 05:37:50.473,1.6229,1.6233,7.20,0.60
2007.08.10 05:37:50.983,1.6229,1.6234,7.20,0.50
2007.08.10 05:37:52.417,1.6229,1.6234,7.20,2.40
2007.08.10 05:37:55.950,1.6229,1.6235,7.20,4.90
2007.08.10 05:37:57.304,1.6228,1.6234,4.10,0.50
2007.08.10 05:37:57.897,1.6228,1.6235,4.10,12.10
2007.08.10 05:38:00.408,1.6229,1.6233,1.60,0.70
2007.08.10 05:38:00.608,1.6229,1.6233,1.60,6.40
2007.08.10 05:38:01.465,1.6229,1.6234,1.60,0.60
2007.08.10 05:38:02.783,1.6229,1.6235,8.80,2.40
2007.08.10 05:38:02.931,1.6229,1.6234,8.80,6.40
2007.08.10 05:38:03.194,1.623,1.62325,1.60,0.60
2007.08.10 05:38:05.259,1.623,1.6234,1.60,0.50
2007.08.10 05:38:05.382,1.6229,1.6234,1.60,0.50
2007.08.10 05:38:06.224,1.6229,1.6235,8.80,4.90
2007.08.10 05:38:06.340,1.623,1.6234,1.60,6.40
2007.08.10 05:38:06.542,1.62285,1.62325,4.80,0.60
2007.08.10 05:38:06.639,1.6228,1.6233,4.10,0.50
2007.08.10 05:38:06.940,1.6228,1.6231,4.10,0.70
2007.08.10 05:38:07.155,1.6228,1.6233,4.10,2.40
2007.08.10 05:38:07.469,1.6228,1.6234,4.10,9.60
2007.08.10 05:38:08.211,1.6228,1.6233,1.60,0.60
2007.08.10 05:38:08.300,1.6228,1.6233,1.60,4.90
2007.08.10 05:38:10.473,1.6228,1.6234,1.60,12.10
2007.08.10 05:38:10.788,1.6228,1.6233,1.60,0.90
2007.08.10 05:38:11.322,1.6227,1.6234,14.60,12.20
2007.08.10 05:38:11.821,1.6229,1.6234,1.60,4.90
2007.08.10 05:38:11.919,1.6229,1.6233,1.60,6.40
2007.08.10 05:38:13.915,1.623,1.6233,7.20,6.40
2007.08.10 05:38:13.974,1.623,1.6233,7.20,0.80
2007.08.10 05:38:14.016,1.623,1.62335,7.20,0.80
2007.08.10 05:38:14.107,1.623,1.6236,7.20,0.60
2007.08.10 05:38:14.431,1.62295,1.6235,4.80,13.20
2007.08.10 05:38:14.470,1.6229,1.6237,1.60,10.80
2007.08.10 05:38:14.501,1.6229,1.6235,1.60,10.00
2007.08.10 05:38:14.822,1.6229,1.6235,1.60,10.80
2007.08.10 05:38:14.918,1.623,1.6237,7.20,9.60
2007.08.10 05:38:15.006,1.623,1.6234,7.20,7.20
2007.08.10 05:38:15.264,1.623,1.6236,7.20,0.90
2007.08.10 05:38:15.876,1.62295,1.62335,4.80,0.50
2007.08.10 05:38:16.049,1.6228,1.6234,11.40,0.50
2007.08.10 05:38:16.069,1.6228,1.6235,11.40,9.20
2007.08.10 05:38:16.287,1.6229,1.6233,1.60,6.40
2007.08.10 05:38:16.373,1.6229,1.6235,1.60,10.80
2007.08.10 05:38:18.260,1.6229,1.6234,1.60,0.90
2007.08.10 05:38:18.374,1.623,1.6236,1.60,9.60
2007.08.10 05:38:18.419,1.623,1.62325,1.60,0.50
2007.08.10 05:38:18.450,1.6229,1.6234,9.80,5.60
2007.08.10 05:38:18.577,1.6229,1.6235,9.80,2.40
2007.08.10 05:38:19.815,1.6229,1.62325,2.50,4.80
2007.08.10 05:38:20.053,1.6229,1.6232,2.50,4.80
2007.08.10 05:38:20.293,1.6229,1.6233,2.50,9.60
2007.08.10 05:38:20.442,1.6228,1.6233,9.80,0.80
2007.08.10 05:38:20.569,1.6228,1.6235,14.60,9.60
2007.08.10 05:38:20.962,1.6228,1.6235,14.60,10.80
2007.08.10 05:38:21.048,1.6228,1.6234,14.60,1.60
2007.08.10 05:38:21.112,1.6228,1.6234,9.80,1.60
2007.08.10 05:38:21.272,1.6229,1.6234,7.20,1.60
2007.08.10 05:38:21.366,1.6229,1.6235,7.20,2.40
2007.08.10 05:38:21.460,1.6229,1.6235,7.20,1.60
2007.08.10 05:38:21.774,1.62285,1.6235,4.80,10.80
2007.08.10 05:38:21.904,1.6228,1.6235,11.40,10.80
2007.08.10 05:38:21.983,1.6228,1.6234,9.80,1.60
2007.08.10 05:38:22.303,1.62275,1.6234,4.80,9.60
2007.08.10 05:38:22.464,1.6227,1.6234,9.80,9.60
2007.08.10 05:38:22.507,1.6227,1.6232,9.80,0.80
2007.08.10 05:38:23.963,1.6226,1.62295,1.60,4.80
2007.08.10 05:38:24.064,1.62255,1.6229,4.80,1.60
2007.08.10 05:38:24.128,1.6225,1.6229,2.50,1.60
2007.08.10 05:38:24.165,1.6225,1.6229,2.50,2.40
2007.08.10 05:38:25.326,1.6223,1.6229,4.10,9.60
2007.08.10 05:38:25.424,1.6223,1.62265,2.50,4.80
2007.08.10 05:38:25.488,1.6223,1.6228,2.50,2.40
2007.08.10 05:38:25.930,1.6223,1.6227,4.10,1.60
2007.08.10 05:38:26.460,1.6221,1.6225,8.90,4.80
2007.08.10 05:38:26.595,1.6221,1.6226,4.10,1.60
2007.08.10 05:38:26.767,1.6221,1.6226,4.10,2.40
2007.08.10 05:38:27.062,1.6222,1.6226,8.80,0.80
2007.08.10 05:38:27.161,1.6222,1.6227,8.80,1.60
2007.08.10 05:38:27.749,1.6222,1.6226,13.60,4.80
2007.08.10 05:38:28.004,1.6222,1.6226,12.00,4.80
2007.08.10 05:38:28.293,1.6222,1.6227,7.20,2.40
2007.08.10 05:38:29.246,1.6222,1.6227,7.20,0.80
2007.08.10 05:38:29.960,1.6221,1.6224,1.60,4.80
2007.08.10 05:38:30.154,1.6221,1.6225,1.60,7.20
2007.08.10 05:38:30.169,1.6221,1.6224,1.60,0.80
2007.08.10 05:38:30.552,1.6221,1.6224,0.70,0.80
2007.08.10 05:38:30.581,1.6218,1.62215,0.90,4.80
2007.08.10 05:38:30.747,1.6218,1.6223,1.10,0.80
2007.08.10 05:38:30.785,1.6219,1.6224,4.00,0.80
2007.08.10 05:38:31.628,1.6219,1.6224,3.10,2.40
2007.08.10 05:38:31.962,1.6217,1.6224,13.60,9.60
2007.08.10 05:38:32.017,1.6217,1.6224,3.50,9.60
2007.08.10 05:38:32.040,1.6217,1.62205,8.80,4.80
2007.08.10 05:38:32.267,1.6218,1.6222,1.10,1.60
2007.08.10 05:38:32.352,1.6216,1.6222,1.50,2.40
2007.08.10 05:38:32.867,1.6217,1.6222,8.80,1.60
2007.08.10 05:38:33.054,1.6217,1.62205,8.80,4.80
2007.08.10 05:38:33.360,1.62165,1.62205,13.60,4.80
2007.08.10 05:38:33.904,1.62165,1.62205,6.40,4.80
2007.08.10 05:38:34.103,1.6219,1.6224,0.60,3.60
2007.08.10 05:38:34.520,1.6218,1.6224,8.80,0.80
2007.08.10 05:38:34.613,1.6218,1.6225,8.80,1.60
2007.08.10 05:38:34.917,1.6219,1.62235,12.00,4.80
2007.08.10 05:38:35.024,1.6219,1.6226,12.00,0.80
2007.08.10 05:38:35.147,1.6219,1.6227,12.00,1.60
2007.08.10 05:38:36.292,1.6218,1.6227,12.00,8.80
2007.08.10 05:38:36.387,1.62195,1.62235,1.40,4.80
2007.08.10 05:38:36.508,1.62185,1.6225,2.70,8.40
2007.08.10 05:38:36.596,1.62185,1.6225,1.20,10.80
2007.08.10 05:38:36.749,1.62175,1.6225,13.60,10.80
2007.08.10 05:38:37.438,1.6218,1.6225,2.00,9.20
2007.08.10 05:38:37.775,1.6217,1.6225,13.60,9.20
2007.08.10 05:38:37.939,1.6217,1.6225,6.40,2.00
2007.08.10 05:38:38.114,1.622,1.6225,1.50,3.60
2007.08.10 05:38:38.473,1.6219,1.6223,1.20,4.80
2007.08.10 05:38:38.688,1.6218,1.6224,16.20,3.60
2007.08.10 05:38:39.612,1.6217,1.6224,13.60,2.00
2007.08.10 05:38:39.703,1.6218,1.6223,3.50,0.80
2007.08.10 05:38:39.903,1.6217,1.6223,13.60,0.80
2007.08.10 05:38:40.273,1.6218,1.62215,0.90,4.80
2007.08.10 05:38:40.324,1.6219,1.6224,2.40,2.00
2007.08.10 05:38:40.557,1.6219,1.6224,3.70,3.60
2007.08.10 05:38:41.059,1.62175,1.6224,13.60,3.60
2007.08.10 05:38:41.359,1.6219,1.6224,1.20,3.60
2007.08.10 05:38:42.315,1.6218,1.6224,2.70,3.60
2007.08.10 05:38:42.413,1.62165,1.6223,13.60,0.80
2007.08.10 05:38:43.147,1.6217,1.6223,8.80,2.40
2007.08.10 05:38:43.351,1.6218,1.6223,1.10,0.80
2007.08.10 05:38:44.062,1.6217,1.6223,8.80,2.40
2007.08.10 05:38:44.494,1.6217,1.6223,0.70,9.60
2007.08.10 05:38:44.591,1.6217,1.6222,1.10,1.60
2007.08.10 05:38:44.793,1.6217,1.6222,0.50,2.40
2007.08.10 05:38:46.354,1.6217,1.62195,1.00,4.80
2007.08.10 05:38:46.451,1.62155,1.62195,6.40,4.80
2007.08.10 05:38:46.570,1.6215,1.6221,11.40,2.40
2007.08.10 05:38:47.487,1.6216,1.6221,8.80,2.40
2007.08.10 05:38:47.600,1.6217,1.6221,8.80,0.80
2007.08.10 05:38:47.803,1.6217,1.6222,8.80,2.40
2007.08.10 05:38:48.312,1.6216,1.6222,2.50,2.40
2007.08.10 05:38:48.400,1.62165,1.62205,13.60,4.80
2007.08.10 05:38:49.252,1.6218,1.62205,1.20,4.80
2007.08.10 05:38:49.995,1.62175,1.62215,13.60,4.80
2007.08.10 05:38:50.926,1.62175,1.62215,6.40,4.80
2007.08.10 05:38:50.998,1.6219,1.6223,12.00,7.60
2007.08.10 05:38:51.011,1.6219,1.6223,12.00,4.80
2007.08.10 05:38:51.129,1.6219,1.6226,12.00,1.60
2007.08.10 05:38:52.964,1.6218,1.6226,8.90,1.60
2007.08.10 05:38:53.047,1.6222,1.6225,3.80,4.80
2007.08.10 05:38:53.085,1.6221,1.6225,13.60,4.80
2007.08.10 05:38:53.500,1.6222,1.6225,8.80,4.80
2007.08.10 05:38:53.555,1.6222,1.6228,13.60,0.80
2007.08.10 05:38:53.599,1.6222,1.6228,13.60,1.60
2007.08.10 05:38:54.006,1.6222,1.6229,13.60,2.40
2007.08.10 05:38:54.079,1.6223,1.6229,5.00,2.40
2007.08.10 05:38:54.218,1.6222,1.6229,13.60,1.60
2007.08.10 05:38:54.326,1.6222,1.623,13.60,8.80
2007.08.10 05:38:54.528,1.6219,1.623,3.70,8.80
2007.08.10 05:38:55.041,1.6223,1.6229,2.20,7.20
2007.08.10 05:38:55.092,1.6222,1.6227,8.80,2.80
2007.08.10 05:38:55.472,1.6223,1.6227,1.10,1.60
2007.08.10 05:38:57.047,1.6221,1.6227,1.20,1.60
2007.08.10 05:38:57.142,1.6222,1.6229,13.60,2.40
2007.08.10 05:38:57.931,1.622,1.6229,3.40,2.40
2007.08.10 05:38:58.029,1.6218,1.6224,7.30,4.80
2007.08.10 05:38:58.450,1.6219,1.6225,12.00,2.50
2007.08.10 05:38:58.565,1.622,1.6225,8.80,2.50
2007.08.10 05:38:58.984,1.6221,1.6225,1.60,4.10
2007.08.10 05:38:59.282,1.622,1.6225,8.80,4.10
2007.08.10 05:39:00.949,1.6221,1.6225,1.60,4.10
2007.08.10 05:39:02.550,1.6221,1.6224,1.60,4.80
2007.08.10 05:39:02.583,1.6222,1.6224,7.20,4.80
2007.08.10 05:39:05.436,1.6222,1.6225,7.20,7.30
2007.08.10 05:39:05.543,1.6222,1.6227,7.20,4.90
2007.08.10 05:39:05.624,1.6222,1.6227,7.20,3.30
2007.08.10 05:39:05.735,1.6222,1.6228,7.20,4.90
2007.08.10 05:39:05.762,1.6222,1.6228,7.20,4.10
2007.08.10 05:39:09.024,1.622,1.6226,1.60,0.60
2007.08.10 05:39:09.058,1.6223,1.6227,7.20,7.30
2007.08.10 05:39:09.602,1.6223,1.6226,8.80,0.50
2007.08.10 05:39:10.962,1.6223,1.6229,8.80,0.90
2007.08.10 05:39:11.134,1.6224,1.6229,4.80,7.20
2007.08.10 05:39:11.180,1.6224,1.6232,4.80,12.10
2007.08.10 05:39:11.500,1.6225,1.6234,7.20,12.10
2007.08.10 05:39:11.591,1.6225,1.6233,7.20,4.90
2007.08.10 05:39:11.647,1.6222,1.6233,1.60,4.90
2007.08.10 05:39:11.735,1.6222,1.6232,1.60,0.50
2007.08.10 05:39:12.062,1.6222,1.6232,1.60,0.70
2007.08.10 05:39:12.157,1.6225,1.6232,12.00,0.90
2007.08.10 05:39:12.289,1.6225,1.6232,12.00,0.70
2007.08.10 05:39:12.456,1.6225,1.6232,12.00,0.90
2007.08.10 05:39:12.461,1.6226,1.6234,4.80,12.10
2007.08.10 05:39:12.573,1.6226,1.6232,4.80,0.50
2007.08.10 05:39:12.693,1.6226,1.6233,4.80,4.10
2007.08.10 05:39:13.226,1.6224,1.6233,8.80,11.30
2007.08.10 05:39:13.524,1.62255,1.6233,4.80,11.30
2007.08.10 05:39:13.557,1.62255,1.6228,4.80,0.60
2007.08.10 05:39:13.834,1.62225,1.6228,4.80,7.30
2007.08.10 05:39:14.510,1.6225,1.6229,1.60,0.80
2007.08.10 05:39:14.617,1.6224,1.623,8.80,3.30
2007.08.10 05:39:14.634,1.62245,1.62285,4.80,0.60
2007.08.10 05:39:14.857,1.6225,1.62285,7.20,0.60
2007.08.10 05:39:14.916,1.6225,1.6229,12.00,0.60
2007.08.10 05:39:14.946,1.6222,1.6232,2.50,0.90
2007.08.10 05:39:15.056,1.6222,1.6234,3.70,12.10
2007.08.10 05:39:15.149,1.6225,1.6232,12.00,0.60
