2010.11.22 23:00:15.747,1.37896,1.37924,1.50,1.10
2010.11.22 23:01:00.749,1.37895,1.37924,1.50,3.90
2010.11.22 23:01:01.236,1.37887,1.37918,1.50,1.50
2010.11.22 23:01:01.345,1.37887,1.37905,1.50,1.70
2010.11.22 23:01:01.563,1.37888,1.37918,1.50,1.80
2010.11.22 23:01:05.832,1.37893,1.37918,1.50,1.80
2010.11.22 23:01:26.213,1.37893,1.37918,1.60,1.10
2010.11.22 23:01:33.334,1.37893,1.37918,2.40,1.10
2010.11.22 23:01:33.564,1.37904,1.3793,1.50,1.60
2010.11.22 23:01:36.887,1.37905,1.37934,3.20,1.10
2010.11.22 23:01:52.522,1.37909,1.37937,1.50,1.10
2010.11.22 23:02:07.001,1.37911,1.37937,1.50,1.10
2010.11.22 23:02:13.421,1.37907,1.37933,1.50,1.10
2010.11.22 23:02:40.601,1.37911,1.37937,1.50,1.10
2010.11.22 23:02:47.342,1.37911,1.37936,1.50,2.60
2010.11.22 23:02:50.012,1.37907,1.37935,1.50,1.10
2010.11.22 23:02:52.862,1.3791,1.37936,1.60,1.10
2010.11.22 23:02:54.531,1.379,1.3793,1.60,1.10
2010.11.22 23:02:56.921,1.37901,1.37925,1.60,1.10
2010.11.22 23:03:05.282,1.37898,1.37928,1.50,1.10
2010.11.22 23:03:05.403,1.37898,1.37922,1.50,1.10
2010.11.22 23:03:09.752,1.37899,1.37926,1.50,1.10
2010.11.22 23:03:14.421,1.37903,1.3793,1.50,1.10
2010.11.22 23:03:37.632,1.37903,1.37926,1.60,1.10
2010.11.22 23:03:37.855,1.37908,1.37932,1.70,1.10
2010.11.22 23:03:42.413,1.37916,1.3794,1.50,1.10
2010.11.22 23:03:47.271,1.37916,1.37936,1.50,1.70
2010.11.22 23:03:49.033,1.37906,1.37932,1.50,1.10
2010.11.22 23:03:52.685,1.37907,1.37931,1.50,1.10
2010.11.22 23:03:54.874,1.37903,1.37926,1.50,1.70
2010.11.22 23:04:07.824,1.37903,1.37927,1.50,2.70
2010.11.22 23:04:08.261,1.3791,1.37934,1.50,1.10
2010.11.22 23:04:10.592,1.37912,1.37936,1.50,1.70
2010.11.22 23:04:26.489,1.37912,1.37938,1.60,1.10
2010.11.22 23:05:35.186,1.37914,1.37936,1.50,1.70
2010.11.22 23:05:40.183,1.37914,1.37927,1.50,1.70
2010.11.22 23:05:53.246,1.37903,1.37927,1.50,2.70
2010.11.22 23:05:53.465,1.37891,1.37922,1.50,1.10
2010.11.22 23:05:56.554,1.37896,1.3792,3.20,1.10
2010.11.22 23:05:59.783,1.37889,1.37921,1.50,1.10
2010.11.22 23:05:59.892,1.37888,1.37921,1.60,1.10
2010.11.22 23:06:00.236,1.37881,1.37906,1.50,2.40
2010.11.22 23:06:00.630,1.37892,1.37917,1.70,1.10
2010.11.22 23:06:00.852,1.37889,1.37916,1.50,1.10
2010.11.22 23:06:01.074,1.37887,1.37914,3.20,1.10
2010.11.22 23:06:01.778,1.37879,1.37914,1.50,1.10
2010.11.22 23:06:01.894,1.37879,1.37906,1.50,1.10
2010.11.22 23:06:03.956,1.37878,1.37904,1.80,1.10
2010.11.22 23:06:04.612,1.37887,1.37919,2.70,1.10
2010.11.22 23:06:04.722,1.37897,1.37924,1.50,1.10
2010.11.22 23:07:08.753,1.37905,1.37929,1.60,1.10
2010.11.22 23:07:08.973,1.37905,1.37938,1.60,1.10
2010.11.22 23:07:09.082,1.37915,1.37938,1.50,1.10
2010.11.22 23:07:12.273,1.37915,1.37938,1.50,1.10
2010.11.22 23:07:31.264,1.37916,1.37937,1.50,1.10
2010.11.22 23:07:39.744,1.37911,1.37938,1.50,1.10
2010.11.22 23:08:03.122,1.37911,1.37938,1.50,1.10
2010.11.22 23:08:03.393,1.37903,1.37929,1.60,1.10
2010.11.22 23:08:52.632,1.379,1.37926,1.50,1.10
2010.11.22 23:08:57.243,1.379,1.37926,1.50,1.10
2010.11.22 23:09:05.315,1.379,1.37919,1.50,1.70
2010.11.22 23:09:16.193,1.37903,1.37929,1.50,1.10
2010.11.22 23:09:22.754,1.37903,1.37929,1.60,1.10
2010.11.22 23:09:45.993,1.37903,1.37929,1.70,1.10
2010.11.22 23:10:08.352,1.37907,1.37931,1.50,1.10
2010.11.22 23:10:35.712,1.37911,1.37935,1.50,1.10
2010.11.22 23:10:39.671,1.37907,1.37931,1.50,1.10
2010.11.22 23:10:41.743,1.37907,1.37936,2.30,1.10
2010.11.22 23:11:11.263,1.37906,1.37935,1.50,1.10
2010.11.22 23:11:11.802,1.37895,1.37926,2.40,1.10
2010.11.22 23:11:12.103,1.37895,1.37925,3.20,1.10
2010.11.22 23:11:14.294,1.37903,1.37923,2.40,1.10
2010.11.22 23:11:14.404,1.37899,1.37923,1.60,1.10
2010.11.22 23:11:14.623,1.37903,1.37923,2.40,1.10
2010.11.22 23:11:14.843,1.37899,1.37923,1.50,1.10
2010.11.22 23:11:18.875,1.37899,1.37923,1.70,1.10
2010.11.22 23:11:19.194,1.37907,1.37931,1.50,1.10
2010.11.22 23:11:19.317,1.3792,1.37946,1.50,1.10
2010.11.22 23:11:47.314,1.37926,1.37948,1.50,1.10
2010.11.22 23:11:59.968,1.37926,1.37951,1.50,1.10
2010.11.22 23:12:07.785,1.37925,1.37952,1.50,1.10
2010.11.22 23:12:09.213,1.37915,1.37944,1.50,1.10
2010.11.22 23:12:10.353,1.37921,1.37948,1.50,1.10
2010.11.22 23:12:10.574,1.37921,1.37948,1.50,1.10
2010.11.22 23:12:25.723,1.37926,1.37952,1.50,1.10
2010.11.22 23:12:34.014,1.37932,1.37956,1.50,1.10
2010.11.22 23:12:41.842,1.37932,1.37956,1.50,1.10
2010.11.22 23:12:44.424,1.37932,1.37956,1.50,1.30
2010.11.22 23:12:49.673,1.37932,1.37956,1.50,1.20
2010.11.22 23:12:55.463,1.37932,1.37956,1.50,1.10
2010.11.22 23:12:59.553,1.37928,1.37952,1.50,1.10
2010.11.22 23:13:08.802,1.37928,1.37952,1.50,1.10
2010.11.22 23:14:09.985,1.37928,1.37952,1.50,1.10
2010.11.22 23:14:45.538,1.37928,1.37952,1.50,1.10
2010.11.22 23:15:36.272,1.37922,1.37952,1.50,1.20
2010.11.22 23:15:40.734,1.37926,1.3795,1.50,1.20
2010.11.22 23:15:46.035,1.37922,1.37946,1.50,1.10
2010.11.22 23:16:30.284,1.37932,1.37958,1.50,1.10
2010.11.22 23:16:41.565,1.37932,1.37958,1.70,1.10
2010.11.22 23:16:41.895,1.3794,1.37964,1.50,1.10
2010.11.22 23:16:47.305,1.37943,1.37967,1.50,1.10
2010.11.22 23:16:50.145,1.37943,1.37971,1.50,1.10
2010.11.22 23:16:56.795,1.37952,1.37979,1.50,1.10
2010.11.22 23:17:01.504,1.37949,1.37975,1.50,1.10
2010.11.22 23:17:04.614,1.37949,1.37975,1.50,1.10
2010.11.22 23:17:10.633,1.37945,1.37973,1.50,1.10
2010.11.22 23:17:14.634,1.3795,1.37972,1.50,1.10
2010.11.22 23:17:24.414,1.3795,1.37975,1.50,1.10
2010.11.22 23:17:49.864,1.3795,1.37979,1.50,1.10
2010.11.22 23:17:49.973,1.37955,1.37979,1.50,1.10
2010.11.22 23:18:09.804,1.37951,1.37975,1.50,1.10
2010.11.22 23:18:22.613,1.37951,1.37978,1.50,1.10
2010.11.22 23:18:27.884,1.37954,1.37982,1.50,1.10
2010.11.22 23:18:33.915,1.37953,1.37977,1.50,1.10
2010.11.22 23:18:36.179,1.37948,1.37977,1.50,1.10
2010.11.22 23:18:58.874,1.37945,1.37971,1.50,1.10
2010.11.22 23:19:10.614,1.37949,1.37973,1.50,1.10
2010.11.22 23:19:32.994,1.37949,1.37977,1.60,1.10
2010.11.22 23:19:37.119,1.37952,1.37981,1.70,1.10
2010.11.22 23:19:39.584,1.37956,1.37982,1.50,1.10
2010.11.22 23:19:57.559,1.37951,1.37977,3.20,1.10
2010.11.22 23:19:59.605,1.37947,1.37971,1.50,1.10
2010.11.22 23:20:02.294,1.37948,1.37972,1.60,1.10
2010.11.22 23:20:06.468,1.37947,1.37973,1.60,1.10
2010.11.22 23:20:10.746,1.37947,1.37973,1.70,1.10
2010.11.22 23:20:32.446,1.37948,1.37976,1.50,1.10
2010.11.22 23:20:34.652,1.37953,1.37977,1.50,1.10
2010.11.22 23:20:37.564,1.3795,1.37977,1.50,1.10
2010.11.22 23:20:39.879,1.37949,1.37975,1.50,1.10
2010.11.22 23:20:43.554,1.37955,1.37981,1.50,1.10
2010.11.22 23:20:45.764,1.37955,1.37981,1.50,1.10
2010.11.22 23:21:30.219,1.37955,1.37978,1.50,1.70
2010.11.22 23:21:31.068,1.37968,1.3799,1.50,1.70
2010.11.22 23:21:39.154,1.37959,1.37986,1.50,1.10
2010.11.22 23:21:42.534,1.37959,1.37981,1.50,1.10
2010.11.22 23:21:51.579,1.37959,1.37981,1.50,1.20
2010.11.22 23:21:51.796,1.3794,1.37964,1.50,1.10
2010.11.22 23:21:53.618,1.3795,1.37965,2.40,1.10
2010.11.22 23:21:53.837,1.37949,1.37974,2.50,1.10
2010.11.22 23:21:53.946,1.37949,1.37974,6.90,1.10
2010.11.22 23:21:54.060,1.37958,1.37983,2.50,1.10
2010.11.22 23:21:54.694,1.37953,1.37979,1.50,1.10
2010.11.22 23:21:55.467,1.37948,1.37979,1.60,1.10
2010.11.22 23:22:01.664,1.37945,1.37972,1.50,1.10
2010.11.22 23:22:03.725,1.37945,1.37972,1.60,1.10
2010.11.22 23:22:04.787,1.37951,1.3798,1.50,1.10
2010.11.22 23:22:07.055,1.37958,1.37983,1.50,1.10
2010.11.22 23:22:15.705,1.37954,1.37979,1.50,1.10
2010.11.22 23:22:34.704,1.3795,1.37974,1.50,1.10
2010.11.22 23:22:37.025,1.3795,1.37974,1.50,2.80
2010.11.22 23:22:37.355,1.37938,1.37962,1.50,1.20
2010.11.22 23:22:37.573,1.37932,1.37962,1.50,2.80
2010.11.22 23:22:39.648,1.37927,1.37953,1.50,1.80
2010.11.22 23:22:39.757,1.37918,1.37948,1.50,1.10
2010.11.22 23:22:41.968,1.37909,1.37937,1.50,1.10
2010.11.22 23:22:43.645,1.37909,1.37944,1.50,1.60
2010.11.22 23:22:43.766,1.37918,1.37944,1.50,1.10
2010.11.22 23:22:47.314,1.37914,1.37943,1.50,1.10
2010.11.22 23:22:48.076,1.37908,1.37938,1.50,1.10
2010.11.22 23:22:50.535,1.37906,1.3793,2.40,1.10
2010.11.22 23:22:56.015,1.37912,1.37933,1.70,1.10
2010.11.22 23:22:58.116,1.37913,1.37939,1.50,1.20
2010.11.22 23:22:58.479,1.37905,1.37934,1.50,1.10
2010.11.22 23:22:58.695,1.37902,1.37926,1.50,1.10
2010.11.22 23:23:01.914,1.37902,1.37926,1.50,1.20
2010.11.22 23:23:03.964,1.37902,1.37926,1.50,1.20
2010.11.22 23:23:07.605,1.37902,1.37926,1.50,1.20
2010.11.22 23:23:10.935,1.37909,1.37936,1.50,1.10
2010.11.22 23:23:12.984,1.37909,1.37936,1.50,1.10
2010.11.22 23:23:15.633,1.3791,1.37931,1.50,1.10
2010.11.22 23:23:18.351,1.37907,1.37931,1.70,1.10
2010.11.22 23:23:21.362,1.37912,1.37936,1.50,1.10
2010.11.22 23:23:23.435,1.37909,1.37935,1.50,2.50
2010.11.22 23:23:25.348,1.37898,1.37922,1.50,1.10
2010.11.22 23:23:27.404,1.37898,1.37922,1.50,1.10
2010.11.22 23:23:30.486,1.37906,1.3793,1.50,1.10
2010.11.22 23:23:30.600,1.37906,1.37929,1.50,3.00
2010.11.22 23:23:32.170,1.37905,1.37925,1.20,1.10
2010.11.22 23:23:32.287,1.37912,1.37935,1.70,1.10
2010.11.22 23:23:36.399,1.37912,1.37936,1.50,1.10
2010.11.22 23:23:38.634,1.37912,1.37936,1.50,1.10
2010.11.22 23:23:42.735,1.37912,1.37939,1.50,1.10
2010.11.22 23:23:52.309,1.37915,1.37939,1.50,1.10
2010.11.22 23:23:55.185,1.37902,1.37929,1.50,1.10
2010.11.22 23:23:55.304,1.37901,1.37922,1.50,1.70
2010.11.22 23:23:56.086,1.37905,1.37931,1.50,1.10
2010.11.22 23:23:58.224,1.37905,1.37931,1.50,1.10
2010.11.22 23:24:02.225,1.37905,1.37931,1.50,1.10
2010.11.22 23:24:07.099,1.3791,1.37936,1.50,1.10
2010.11.22 23:24:07.847,1.37911,1.37941,1.50,1.20
2010.11.22 23:24:08.130,1.37917,1.37941,1.50,1.10
2010.11.22 23:24:08.615,1.37923,1.37946,1.50,1.10
2010.11.22 23:24:10.754,1.37923,1.37942,1.50,1.70
2010.11.22 23:24:12.907,1.37924,1.37942,1.50,1.80
2010.11.22 23:24:13.201,1.37912,1.37942,1.50,1.20
2010.11.22 23:24:16.496,1.37907,1.37931,1.50,1.10
2010.11.22 23:24:18.592,1.37905,1.3793,1.50,1.10
2010.11.22 23:24:30.646,1.37905,1.3793,1.50,1.10
2010.11.22 23:24:53.107,1.37904,1.37932,1.50,1.10
2010.11.22 23:24:57.767,1.37904,1.37932,1.50,1.10
2010.11.22 23:24:59.673,1.37897,1.37923,1.50,1.10
2010.11.22 23:25:04.560,1.379,1.37924,1.50,1.10
2010.11.22 23:25:08.344,1.37908,1.37932,1.50,1.10
2010.11.22 23:25:15.004,1.37908,1.37932,1.50,1.10
2010.11.22 23:25:17.125,1.37933,1.37937,1.70,1.50
2010.11.22 23:25:17.459,1.37936,1.37954,1.50,4.50
2010.11.22 23:25:17.569,1.37926,1.3794,1.50,2.00
2010.11.22 23:25:17.678,1.37907,1.37932,1.50,1.10
2010.11.22 23:25:20.037,1.37911,1.37944,1.50,1.10
2010.11.22 23:25:20.161,1.3792,1.37944,1.50,1.10
2010.11.22 23:25:20.389,1.37911,1.37941,1.50,1.10
2010.11.22 23:25:25.513,1.3792,1.37946,1.50,1.10
2010.11.22 23:25:26.627,1.37926,1.37959,1.50,1.10
2010.11.22 23:25:29.785,1.37929,1.37958,1.50,1.10
2010.11.22 23:25:30.447,1.37923,1.37947,1.50,1.10
2010.11.22 23:25:32.944,1.37923,1.37952,1.50,1.10
2010.11.22 23:25:36.048,1.37928,1.37953,1.50,2.00
2010.11.22 23:25:38.765,1.37923,1.37946,1.50,1.70
2010.11.22 23:25:42.015,1.3792,1.37944,1.50,1.10
2010.11.22 23:25:44.245,1.37924,1.3795,1.50,1.10
2010.11.22 23:25:46.305,1.37913,1.37939,1.50,1.10
2010.11.22 23:25:49.435,1.37921,1.37946,1.50,1.10
2010.11.22 23:25:52.547,1.37918,1.37949,1.50,1.10
2010.11.22 23:25:53.143,1.37931,1.37955,1.50,1.10
2010.11.22 23:25:59.225,1.37931,1.37956,1.50,1.50
2010.11.22 23:25:59.671,1.37943,1.37964,1.50,1.10
2010.11.22 23:26:00.115,1.37929,1.37958,1.50,1.10
2010.11.22 23:26:00.336,1.37924,1.3795,1.50,1.10
2010.11.22 23:26:05.356,1.37924,1.37945,1.50,1.70
2010.11.22 23:26:05.580,1.37918,1.37945,1.50,1.70
2010.11.22 23:26:08.123,1.37918,1.37945,1.50,1.80
2010.11.22 23:26:10.894,1.37923,1.37945,1.50,1.80
2010.11.22 23:26:26.426,1.37923,1.37945,1.50,1.80
2010.11.22 23:26:29.356,1.37923,1.3795,1.50,1.90
2010.11.22 23:26:37.156,1.37927,1.3795,1.50,1.30
2010.11.22 23:26:39.965,1.37927,1.3795,1.50,1.10
2010.11.22 23:26:40.186,1.37932,1.37961,1.50,1.20
2010.11.22 23:26:42.216,1.37937,1.37961,1.50,1.20
2010.11.22 23:26:44.884,1.37937,1.37961,1.50,1.10
2010.11.22 23:26:53.624,1.37937,1.37961,1.50,1.10
2010.11.22 23:26:54.175,1.37926,1.37951,1.50,1.10
2010.11.22 23:27:06.745,1.37923,1.37951,1.50,1.10
2010.11.22 23:27:20.054,1.37923,1.37951,3.20,1.10
2010.11.22 23:27:22.115,1.37923,1.37951,1.60,1.10
2010.11.22 23:27:26.173,1.37923,1.37951,1.60,1.10
2010.11.22 23:27:34.966,1.37928,1.37949,1.50,1.10
2010.11.22 23:27:39.905,1.37923,1.37949,1.60,1.10
2010.11.22 23:27:42.335,1.37923,1.37949,1.70,1.10
2010.11.22 23:27:58.416,1.37922,1.3795,1.50,2.70
2010.11.22 23:28:15.496,1.3792,1.37946,1.50,1.10
2010.11.22 23:28:19.164,1.37923,1.37946,1.50,1.10
2010.11.22 23:28:28.133,1.37919,1.37939,1.50,1.70
2010.11.22 23:28:28.246,1.37919,1.37946,1.50,1.80
2010.11.22 23:28:31.475,1.37924,1.37949,1.50,1.10
2010.11.22 23:28:34.836,1.37922,1.3795,1.50,2.80
2010.11.22 23:28:41.155,1.37923,1.37945,1.50,1.10
2010.11.22 23:28:49.074,1.37919,1.37946,1.50,1.10
2010.11.22 23:28:51.124,1.37923,1.37945,1.50,1.10
2010.11.22 23:29:00.949,1.37923,1.37942,1.50,2.40
2010.11.22 23:29:04.555,1.37923,1.37949,1.50,1.10
2010.11.22 23:29:11.715,1.37931,1.37956,1.50,1.10
2010.11.22 23:29:25.174,1.37928,1.37957,1.60,1.10
2010.11.22 23:29:39.547,1.37936,1.3796,1.50,1.10
2010.11.22 23:29:48.596,1.37936,1.3796,1.60,1.10
2010.11.22 23:29:53.494,1.37943,1.37967,1.50,1.10
2010.11.22 23:30:11.804,1.3794,1.37967,1.50,1.10
2010.11.22 23:30:17.310,1.3794,1.37964,1.50,1.10
2010.11.22 23:30:41.186,1.37935,1.37959,1.50,1.80
2010.11.22 23:31:29.484,1.37935,1.37959,1.50,1.90
2010.11.22 23:31:43.959,1.37934,1.3796,1.50,2.70
2010.11.22 23:33:12.351,1.37935,1.37961,1.50,2.40
2010.11.22 23:33:16.140,1.37937,1.37961,1.50,2.40
2010.11.22 23:33:19.546,1.37934,1.37959,1.50,3.30
2010.11.22 23:33:22.465,1.37927,1.3795,1.50,1.80
2010.11.22 23:33:29.895,1.37924,1.37948,1.50,1.90
2010.11.22 23:33:40.007,1.37919,1.37945,1.50,1.10
2010.11.22 23:34:17.492,1.37919,1.37942,1.50,1.70
2010.11.22 23:34:21.319,1.37917,1.37942,1.50,1.10
2010.11.22 23:34:23.466,1.37928,1.37954,1.50,1.10
2010.11.22 23:34:25.785,1.37928,1.37952,1.50,1.70
2010.11.22 23:34:30.242,1.37928,1.37954,1.50,1.10
2010.11.22 23:34:33.578,1.3793,1.37954,1.70,1.10
2010.11.22 23:34:43.495,1.37929,1.37954,2.50,1.10
2010.11.22 23:34:43.891,1.37936,1.37961,1.50,2.40
2010.11.22 23:34:44.106,1.37943,1.37967,1.50,1.10
2010.11.22 23:34:46.467,1.37943,1.37961,1.50,1.70
2010.11.22 23:34:46.906,1.37936,1.37961,1.50,2.40
2010.11.22 23:34:49.176,1.37936,1.37961,1.50,3.20
2010.11.22 23:35:05.826,1.37933,1.37957,1.50,1.10
2010.11.22 23:35:08.877,1.37934,1.37954,1.50,1.80
2010.11.22 23:35:09.000,1.37929,1.37953,1.50,1.10
2010.11.22 23:35:15.641,1.37929,1.37953,1.50,1.10
2010.11.22 23:35:31.829,1.37929,1.37953,1.50,1.20
2010.11.22 23:35:34.436,1.37925,1.37949,1.50,4.50
2010.11.22 23:35:34.766,1.37914,1.37944,2.30,1.10
2010.11.22 23:35:37.176,1.37918,1.37944,1.50,1.10
2010.11.22 23:35:40.846,1.37922,1.37946,1.50,1.10
2010.11.22 23:35:43.685,1.37927,1.37951,1.50,1.10
2010.11.22 23:35:47.916,1.37928,1.37952,1.50,1.10
2010.11.22 23:35:50.965,1.37933,1.37953,1.50,2.40
2010.11.22 23:35:51.400,1.37919,1.37946,1.50,1.10
2010.11.22 23:35:56.347,1.37911,1.37937,1.50,1.10
2010.11.22 23:35:58.695,1.37915,1.37939,1.50,1.10
2010.11.22 23:36:02.557,1.37919,1.37943,1.50,1.10
2010.11.22 23:36:06.985,1.37919,1.37945,1.50,1.10
2010.11.22 23:36:20.838,1.37915,1.37938,1.70,1.10
2010.11.22 23:36:21.280,1.3792,1.37948,2.40,1.10
2010.11.22 23:36:23.957,1.37918,1.37944,1.50,1.10
2010.11.22 23:36:27.298,1.37905,1.37929,2.30,1.10
2010.11.22 23:36:33.986,1.37906,1.37929,1.50,1.10
2010.11.22 23:36:34.331,1.37909,1.37938,1.50,1.50
2010.11.22 23:36:34.770,1.37909,1.37928,1.50,4.50
2010.11.22 23:36:35.164,1.37897,1.37922,1.50,1.10
2010.11.22 23:36:35.277,1.37888,1.37912,1.50,1.10
2010.11.22 23:36:38.016,1.37884,1.37907,1.50,1.10
2010.11.22 23:36:38.414,1.37869,1.37893,2.30,1.10
2010.11.22 23:36:39.186,1.37865,1.37889,2.40,1.10
2010.11.22 23:36:42.387,1.37873,1.37898,2.40,1.10
2010.11.22 23:36:43.444,1.37883,1.37905,1.50,1.50
2010.11.22 23:36:44.217,1.37877,1.37901,2.30,1.10
2010.11.22 23:36:47.007,1.37873,1.37897,2.30,1.10
2010.11.22 23:36:49.379,1.37873,1.379,1.50,1.10
2010.11.22 23:36:49.599,1.37876,1.37906,1.50,1.10
2010.11.22 23:36:51.785,1.37886,1.37913,2.30,1.10
2010.11.22 23:37:04.540,1.37881,1.3791,1.50,1.10
2010.11.22 23:37:06.186,1.37875,1.37899,1.50,1.10
2010.11.22 23:37:10.231,1.37867,1.37895,1.50,1.10
2010.11.22 23:37:16.637,1.37875,1.37887,4.50,1.10
2010.11.22 23:37:17.131,1.3788,1.37908,1.50,1.50
2010.11.22 23:37:19.398,1.3788,1.37906,1.50,1.10
2010.11.22 23:37:19.616,1.37872,1.37904,1.50,1.20
2010.11.22 23:37:19.730,1.3787,1.37893,1.50,1.80
2010.11.22 23:37:19.947,1.37859,1.37887,1.50,1.10
2010.11.22 23:37:22.341,1.37874,1.37886,1.50,1.10
2010.11.22 23:37:22.559,1.37863,1.37891,1.50,1.10
2010.11.22 23:37:25.459,1.37875,1.37901,1.50,1.10
2010.11.22 23:37:36.927,1.37881,1.37905,1.60,1.10
2010.11.22 23:37:39.254,1.37876,1.37902,1.60,1.10
2010.11.22 23:37:42.057,1.37881,1.37905,1.50,2.40
2010.11.22 23:37:44.428,1.37879,1.37903,1.50,1.10
2010.11.22 23:37:47.823,1.37888,1.37911,1.50,1.10
2010.11.22 23:37:52.766,1.37893,1.37911,4.50,1.10
2010.11.22 23:37:52.986,1.37905,1.37929,1.50,1.10
2010.11.22 23:37:55.836,1.37909,1.37936,1.50,1.10
2010.11.22 23:37:57.936,1.37912,1.37936,1.50,1.10
2010.11.22 23:38:02.169,1.37912,1.37936,1.50,1.10
2010.11.22 23:38:03.991,1.37901,1.37925,1.50,1.90
2010.11.22 23:38:12.098,1.37893,1.37919,1.50,1.20
2010.11.22 23:38:14.161,1.37883,1.37909,1.50,1.60
2010.11.22 23:38:14.498,1.37866,1.37893,1.50,1.70
2010.11.22 23:38:14.610,1.37873,1.37894,4.50,1.10
2010.11.22 23:38:15.106,1.37882,1.37906,1.50,1.10
2010.11.22 23:38:19.606,1.37886,1.37912,1.50,1.10
2010.11.22 23:38:22.478,1.3789,1.37915,1.50,1.50
2010.11.22 23:38:30.514,1.37891,1.37916,1.50,1.10
2010.11.22 23:38:35.635,1.37888,1.37916,1.50,1.10
2010.11.22 23:38:35.745,1.37888,1.37912,1.50,1.10
2010.11.22 23:38:46.926,1.37888,1.37908,1.50,2.40
2010.11.22 23:38:55.626,1.37882,1.37908,1.60,1.10
2010.11.22 23:39:00.776,1.37895,1.37919,1.50,1.10
2010.11.22 23:39:12.315,1.379,1.37922,1.50,2.40
2010.11.22 23:39:12.494,1.379,1.37922,1.50,2.40
2010.11.22 23:39:13.156,1.37913,1.37937,1.50,1.60
2010.11.22 23:39:15.156,1.37913,1.37934,1.50,4.50
2010.11.22 23:39:18.497,1.37913,1.3794,1.50,1.60
2010.11.22 23:39:21.420,1.37913,1.37934,1.50,4.50
2010.11.22 23:39:27.047,1.37911,1.37934,1.50,2.30
2010.11.22 23:39:33.632,1.37907,1.37926,1.50,4.60
2010.11.22 23:39:34.967,1.37895,1.37921,1.50,1.10
2010.11.22 23:39:35.869,1.37895,1.3792,1.50,1.70
2010.11.22 23:39:36.197,1.37888,1.37916,1.50,1.90
2010.11.22 23:39:41.916,1.37888,1.37916,1.50,1.90
2010.11.22 23:39:45.260,1.37891,1.37917,1.50,1.10
2010.11.22 23:39:49.189,1.3789,1.37917,1.50,4.90
2010.11.22 23:39:49.407,1.37879,1.37903,1.50,1.10
2010.11.22 23:40:11.126,1.37876,1.379,2.30,1.10
2010.11.22 23:40:17.456,1.37876,1.379,2.30,1.10
2010.11.22 23:40:27.517,1.37876,1.379,1.50,1.10
2010.11.22 23:40:28.121,1.3787,1.37895,1.50,1.10
2010.11.22 23:40:28.337,1.37884,1.37901,2.30,1.10
2010.11.22 23:40:28.668,1.37875,1.37901,1.50,1.80
2010.11.22 23:40:28.886,1.37871,1.37895,6.00,1.10
2010.11.22 23:40:34.018,1.37882,1.37902,2.40,1.10
2010.11.22 23:40:38.400,1.37884,1.37908,1.50,1.10
2010.11.22 23:40:46.619,1.37887,1.37911,1.50,1.10
2010.11.22 23:40:46.838,1.37887,1.37918,1.60,1.10
2010.11.22 23:40:47.136,1.37892,1.37918,4.60,1.10
2010.11.22 23:40:47.263,1.37901,1.37925,1.60,1.10
2010.11.22 23:40:56.332,1.37893,1.37918,1.50,1.10
2010.11.22 23:41:16.857,1.37893,1.37918,1.50,1.10
2010.11.22 23:41:36.217,1.379,1.37928,1.50,1.10
2010.11.22 23:41:36.488,1.379,1.37929,1.50,1.10
2010.11.22 23:41:38.666,1.37907,1.37931,2.30,1.10
2010.11.22 23:41:42.385,1.3791,1.37938,2.40,1.10
2010.11.22 23:41:45.517,1.3791,1.37936,1.50,1.10
2010.11.22 23:41:56.846,1.37906,1.37932,1.50,1.10
2010.11.22 23:42:12.564,1.37906,1.37931,1.50,1.50
2010.11.22 23:42:12.898,1.379,1.37926,2.30,1.10
2010.11.22 23:42:22.337,1.37904,1.3793,1.50,1.10
2010.11.22 23:42:58.804,1.3791,1.3793,2.40,1.10
2010.11.22 23:42:59.139,1.37917,1.37939,2.40,1.10
2010.11.22 23:43:06.396,1.37918,1.37942,2.40,1.10
2010.11.22 23:43:14.947,1.37918,1.37942,1.50,1.10
2010.11.22 23:43:35.216,1.37923,1.37947,1.50,1.10
2010.11.22 23:43:38.187,1.37926,1.37947,1.50,1.10
2010.11.22 23:43:46.626,1.37926,1.37947,2.30,1.10
2010.11.22 23:44:34.506,1.37927,1.37951,1.50,1.10
2010.11.22 23:44:56.767,1.37926,1.37952,3.00,1.10
2010.11.22 23:45:54.294,1.37919,1.37947,1.50,1.10
2010.11.22 23:45:58.867,1.37913,1.37935,1.70,1.10
2010.11.22 23:46:00.898,1.37913,1.37937,1.80,1.10
2010.11.22 23:46:03.568,1.37913,1.37937,1.80,1.10
2010.11.22 23:46:07.639,1.37913,1.37937,1.70,1.10
2010.11.22 23:46:09.332,1.37908,1.37933,1.50,1.10
2010.11.22 23:46:10.472,1.37907,1.37927,1.50,1.10
2010.11.22 23:46:11.167,1.37919,1.37931,4.50,1.10
2010.11.22 23:46:11.497,1.3792,1.37947,2.30,1.10
2010.11.22 23:46:11.868,1.37918,1.37947,1.50,1.10
2010.11.22 23:46:14.118,1.37915,1.37941,1.50,1.10
2010.11.22 23:46:18.247,1.37915,1.37941,2.40,1.10
2010.11.22 23:46:20.338,1.37915,1.37941,2.40,1.10
2010.11.22 23:46:20.450,1.37923,1.37949,1.50,1.10
2010.11.22 23:46:23.868,1.37923,1.37949,1.60,1.10
2010.11.22 23:46:28.902,1.37923,1.37949,1.50,1.10
2010.11.22 23:46:29.182,1.3793,1.37954,2.30,1.10
2010.11.22 23:46:32.667,1.37931,1.37954,1.50,1.10
2010.11.22 23:46:34.857,1.37926,1.37954,1.60,1.10
2010.11.22 23:46:40.076,1.37916,1.37942,1.50,1.10
2010.11.22 23:46:44.581,1.37917,1.37942,1.70,1.10
2010.11.22 23:46:44.986,1.37924,1.3795,1.50,1.90
2010.11.22 23:46:46.538,1.37924,1.37949,1.50,1.50
2010.11.22 23:46:49.018,1.37917,1.37943,1.50,1.20
2010.11.22 23:46:51.066,1.37916,1.3794,1.50,1.10
2010.11.22 23:46:54.558,1.37916,1.37937,1.50,1.70
2010.11.22 23:47:06.108,1.37913,1.37937,3.10,1.10
2010.11.22 23:47:11.052,1.37908,1.37937,1.50,1.10
2010.11.22 23:47:17.627,1.37911,1.37937,1.50,1.10
2010.11.22 23:47:21.042,1.3791,1.3794,1.60,1.10
2010.11.22 23:47:21.432,1.37915,1.37939,1.50,1.10
2010.11.22 23:47:25.697,1.37915,1.37939,1.50,1.10
2010.11.22 23:47:27.867,1.37912,1.37937,1.50,1.10
2010.11.22 23:47:29.417,1.37926,1.37937,4.50,1.10
2010.11.22 23:47:29.750,1.37931,1.37952,1.50,2.40
2010.11.22 23:47:29.858,1.37925,1.37952,1.50,2.40
2010.11.22 23:47:30.150,1.37934,1.3796,1.50,1.10
2010.11.22 23:47:30.478,1.37935,1.37961,1.50,4.50
2010.11.22 23:47:30.808,1.37935,1.37954,1.50,4.50
2010.11.22 23:47:31.028,1.37926,1.3795,1.50,1.50
2010.11.22 23:47:31.467,1.3792,1.37946,1.50,1.10
2010.11.22 23:47:32.690,1.37914,1.3794,1.50,1.10
2010.11.22 23:47:33.709,1.37922,1.37946,1.50,1.10
2010.11.22 23:47:37.118,1.37922,1.37946,1.50,1.20
2010.11.22 23:47:37.229,1.37916,1.3794,1.50,1.10
2010.11.22 23:47:39.318,1.37916,1.37945,1.50,1.10
2010.11.22 23:47:50.407,1.37919,1.37944,1.50,1.50
2010.11.22 23:47:51.009,1.37914,1.37938,1.50,1.80
2010.11.22 23:47:51.878,1.37914,1.37937,1.50,1.10
2010.11.22 23:47:52.207,1.37905,1.37931,1.50,1.20
2010.11.22 23:47:53.209,1.37912,1.37938,1.50,1.10
2010.11.22 23:47:56.897,1.37918,1.37942,1.50,1.80
2010.11.22 23:47:57.340,1.37911,1.37932,1.50,2.50
2010.11.22 23:48:03.937,1.37911,1.37935,2.30,1.10
2010.11.22 23:48:05.539,1.37913,1.37938,1.50,1.70
2010.11.22 23:48:09.030,1.37912,1.37932,1.50,1.70
2010.11.22 23:48:14.987,1.37913,1.37938,1.50,1.10
2010.11.22 23:48:15.537,1.37912,1.37938,2.30,1.10
2010.11.22 23:48:25.391,1.37919,1.37948,1.50,1.20
2010.11.22 23:48:25.499,1.37919,1.37948,2.30,1.10
2010.11.22 23:48:27.998,1.37924,1.37948,1.50,1.50
2010.11.22 23:48:35.134,1.37927,1.37951,1.50,1.10
2010.11.22 23:48:35.686,1.37921,1.37945,1.50,1.10
2010.11.22 23:48:44.846,1.37921,1.37941,1.50,1.70
2010.11.22 23:48:46.861,1.37924,1.37952,1.70,1.10
2010.11.22 23:48:49.007,1.3793,1.37949,1.50,4.50
2010.11.22 23:48:49.280,1.37907,1.37933,1.50,1.10
2010.11.22 23:48:52.437,1.37907,1.37933,2.30,1.10
2010.11.22 23:48:52.658,1.37912,1.3794,1.50,1.10
2010.11.22 23:48:52.878,1.37916,1.37948,1.60,1.10
2010.11.22 23:48:55.497,1.37919,1.37947,1.50,1.60
2010.11.22 23:48:55.717,1.37911,1.37941,2.40,1.10
2010.11.22 23:48:56.278,1.37911,1.37936,1.60,1.10
2010.11.22 23:48:58.628,1.37907,1.37933,1.50,1.10
2010.11.22 23:49:01.977,1.37907,1.37931,1.50,1.80
2010.11.22 23:49:02.548,1.37905,1.37928,4.50,1.10
2010.11.22 23:49:02.662,1.37909,1.37933,2.30,1.10
2010.11.22 23:49:03.997,1.37918,1.37944,1.50,1.10
2010.11.22 23:49:29.527,1.37918,1.37943,1.70,1.50
2010.11.22 23:49:35.917,1.37919,1.37944,1.50,1.10
2010.11.22 23:49:50.598,1.37926,1.3795,1.50,1.10
2010.11.22 23:49:51.257,1.37926,1.37947,1.50,4.50
2010.11.22 23:49:53.896,1.37931,1.37955,1.50,1.10
2010.11.22 23:49:58.818,1.37931,1.37955,2.40,1.10
2010.11.22 23:50:06.327,1.37926,1.37955,1.50,1.10
2010.11.22 23:50:06.767,1.37931,1.3796,2.30,1.10
2010.11.22 23:50:09.257,1.37933,1.37961,1.50,1.10
2010.11.22 23:50:18.427,1.37933,1.37957,2.40,1.10
2010.11.22 23:50:21.205,1.37937,1.37966,1.60,1.10
2010.11.22 23:50:24.497,1.37941,1.37969,1.50,1.20
2010.11.22 23:50:38.949,1.37937,1.37966,1.50,1.10
2010.11.22 23:50:43.737,1.37937,1.37962,1.50,1.10
2010.11.22 23:50:49.832,1.37934,1.37959,1.50,1.70
2010.11.22 23:50:51.948,1.37926,1.37954,1.50,1.90
2010.11.22 23:50:54.317,1.3793,1.37953,1.50,1.90
2010.11.22 23:50:59.307,1.37925,1.37945,1.50,2.40
2010.11.22 23:51:12.267,1.37925,1.37945,1.50,1.50
2010.11.22 23:51:26.951,1.37925,1.37945,1.50,1.70
2010.11.22 23:51:28.327,1.37925,1.37943,1.50,4.50
2010.11.22 23:51:28.550,1.37912,1.37936,1.60,1.90
2010.11.22 23:51:29.430,1.37912,1.37939,1.50,1.80
2010.11.22 23:51:31.519,1.37915,1.37939,1.50,1.70
2010.11.22 23:51:33.617,1.37922,1.37948,1.50,1.10
2010.11.22 23:51:37.087,1.37919,1.37943,1.50,1.10
2010.11.22 23:51:42.477,1.37915,1.37941,1.50,1.90
2010.11.22 23:51:44.897,1.37915,1.37941,1.50,1.90
2010.11.22 23:51:49.102,1.37912,1.37934,1.50,2.50
2010.11.22 23:51:51.208,1.37907,1.37933,1.50,1.10
2010.11.22 23:51:53.230,1.37914,1.3794,1.50,1.10
2010.11.22 23:51:59.697,1.37914,1.37939,1.50,1.50
2010.11.22 23:52:03.266,1.3791,1.37937,1.50,1.50
2010.11.22 23:52:05.660,1.37907,1.37932,1.50,1.50
2010.11.22 23:52:11.877,1.37907,1.37931,1.50,2.00
2010.11.22 23:52:13.258,1.37901,1.37924,1.50,4.50
2010.11.22 23:52:15.338,1.37897,1.37924,1.50,1.10
2010.11.22 23:52:17.368,1.37898,1.37924,2.30,1.10
2010.11.22 23:52:17.919,1.37909,1.37925,1.70,1.10
2010.11.22 23:52:18.140,1.37902,1.37928,2.30,1.10
2010.11.22 23:52:21.948,1.37907,1.37931,2.40,1.10
2010.11.22 23:52:24.367,1.37911,1.37939,1.50,1.10
2010.11.22 23:52:25.427,1.37908,1.37935,1.60,1.10
2010.11.22 23:52:27.848,1.37908,1.37933,2.40,1.10
2010.11.22 23:52:28.288,1.37908,1.37933,1.70,1.10
2010.11.22 23:52:37.877,1.37918,1.37941,1.50,1.60
2010.11.22 23:52:48.047,1.37918,1.37942,1.50,1.10
2010.11.22 23:52:50.047,1.37918,1.37945,1.50,1.10
2010.11.22 23:52:55.001,1.37906,1.37933,1.50,2.70
2010.11.22 23:52:55.108,1.37906,1.37932,1.50,1.20
2010.11.22 23:52:57.288,1.37909,1.37935,1.50,1.10
2010.11.22 23:52:58.950,1.37905,1.37928,1.50,2.50
2010.11.22 23:52:59.449,1.37907,1.37929,2.40,1.10
2010.11.22 23:52:59.888,1.3791,1.37936,1.50,1.70
2010.11.22 23:53:03.499,1.37909,1.37933,1.70,1.10
2010.11.22 23:53:06.543,1.37906,1.3793,2.40,1.10
2010.11.22 23:53:08.842,1.37901,1.37926,1.60,1.10
2010.11.22 23:53:12.968,1.37899,1.37923,1.60,1.10
2010.11.22 23:53:14.348,1.37898,1.37923,5.40,1.10
2010.11.22 23:53:16.627,1.37902,1.37926,3.20,1.10
2010.11.22 23:53:19.265,1.37894,1.3792,1.50,1.10
2010.11.22 23:53:21.458,1.37894,1.37919,1.50,1.50
2010.11.22 23:53:23.190,1.37888,1.37915,1.50,1.10
2010.11.22 23:53:23.299,1.37893,1.37916,1.50,1.10
2010.11.22 23:53:26.228,1.37893,1.37919,1.50,1.60
2010.11.22 23:53:28.578,1.37898,1.37923,1.50,1.90
2010.11.22 23:53:29.128,1.37891,1.37914,1.50,4.80
2010.11.22 23:53:32.177,1.3789,1.37913,1.50,4.00
2010.11.22 23:53:33.798,1.3789,1.37907,1.50,4.50
2010.11.22 23:53:34.123,1.37887,1.37911,1.50,2.30
2010.11.22 23:53:34.568,1.37887,1.37912,1.50,2.30
2010.11.22 23:53:39.188,1.37888,1.3791,1.50,2.30
2010.11.22 23:53:44.067,1.37887,1.37915,1.50,1.10
2010.11.22 23:53:55.282,1.37888,1.37915,1.50,1.10
2010.11.22 23:53:58.898,1.3789,1.37917,1.50,1.50
2010.11.22 23:54:14.637,1.37895,1.3792,1.50,1.10
2010.11.22 23:54:27.316,1.37895,1.37917,1.50,1.50
2010.11.22 23:54:40.822,1.3789,1.37917,1.50,1.80
2010.11.22 23:54:43.639,1.3789,1.37916,1.50,1.50
2010.11.22 23:54:46.557,1.3789,1.37917,1.50,1.80
2010.11.22 23:54:53.538,1.3789,1.37916,1.50,1.60
2010.11.22 23:55:01.399,1.37886,1.37912,1.50,1.50
2010.11.22 23:55:05.209,1.37886,1.37913,1.50,1.80
2010.11.22 23:55:05.989,1.3788,1.3791,1.70,2.30
2010.11.22 23:55:08.228,1.37883,1.37907,1.50,1.90
2010.11.22 23:55:09.828,1.37873,1.379,1.60,1.80
2010.11.22 23:55:10.117,1.37881,1.37905,1.60,1.10
2010.11.22 23:55:15.470,1.37881,1.37905,1.60,1.10
2010.11.22 23:55:19.684,1.37872,1.37896,1.70,1.10
2010.11.22 23:55:22.777,1.37869,1.37895,1.50,1.10
2010.11.22 23:55:25.051,1.37869,1.37895,3.30,1.10
2010.11.22 23:55:29.369,1.37879,1.37898,1.70,1.10
2010.11.22 23:55:30.558,1.3788,1.37907,4.70,1.10
2010.11.22 23:55:30.668,1.37889,1.37914,2.40,1.10
2010.11.22 23:55:31.726,1.37883,1.37914,1.70,1.10
2010.11.22 23:55:34.718,1.37882,1.37908,1.50,1.10
2010.11.22 23:55:36.770,1.37879,1.37909,3.30,1.10
2010.11.22 23:55:36.990,1.37873,1.37904,1.60,1.10
2010.11.22 23:55:39.438,1.37873,1.37897,1.50,1.10
2010.11.22 23:55:49.997,1.37874,1.37897,1.70,1.10
2010.11.22 23:55:50.550,1.37881,1.3791,1.10,1.10
2010.11.22 23:55:54.478,1.37879,1.37908,1.50,1.10
2010.11.22 23:55:57.479,1.37878,1.3789,1.50,4.60
2010.11.22 23:55:57.700,1.37867,1.37894,1.50,1.90
2010.11.22 23:55:57.985,1.37864,1.37892,1.50,1.20
2010.11.22 23:56:00.668,1.37872,1.37896,1.50,1.10
2010.11.22 23:56:00.889,1.37876,1.37903,4.50,1.10
2010.11.22 23:56:03.318,1.37879,1.37905,1.50,1.80
2010.11.22 23:56:06.567,1.37884,1.37907,1.50,1.10
2010.11.22 23:56:09.009,1.37879,1.37904,1.50,1.10
2010.11.22 23:56:12.597,1.37873,1.37901,1.60,1.10
2010.11.22 23:56:18.239,1.37873,1.37897,1.50,1.10
2010.11.22 23:56:19.028,1.37873,1.37897,1.70,1.10
2010.11.22 23:56:21.237,1.37877,1.37906,1.70,1.10
2010.11.22 23:56:30.181,1.37881,1.37906,1.50,1.50
2010.11.22 23:56:30.962,1.37871,1.37901,1.50,1.80
2010.11.22 23:56:31.398,1.37871,1.37895,1.50,1.10
2010.11.22 23:56:34.295,1.37871,1.37895,1.50,1.80
2010.11.22 23:56:34.414,1.37857,1.37886,1.50,1.90
2010.11.22 23:56:34.529,1.3786,1.37882,4.50,1.70
2010.11.22 23:56:34.771,1.37857,1.37882,1.70,1.70
2010.11.22 23:56:34.909,1.3785,1.37874,6.10,1.10
2010.11.22 23:56:35.398,1.37844,1.37866,1.50,1.70
2010.11.22 23:56:38.702,1.37842,1.37866,2.40,1.10
2010.11.22 23:56:38.921,1.37851,1.37878,1.50,2.40
2010.11.22 23:56:39.469,1.3786,1.37884,1.50,1.80
2010.11.22 23:56:39.688,1.3786,1.37879,1.50,2.40
2010.11.22 23:56:40.259,1.37854,1.37871,1.50,1.70
2010.11.22 23:56:41.199,1.37848,1.37871,1.50,1.70
2010.11.22 23:56:43.145,1.37848,1.37871,1.50,1.80
2010.11.22 23:56:43.262,1.37836,1.37862,1.50,1.10
2010.11.22 23:56:44.602,1.37839,1.37865,1.50,1.10
2010.11.22 23:56:47.921,1.37839,1.37865,1.50,1.10
2010.11.22 23:56:51.398,1.37839,1.37864,1.50,1.50
2010.11.22 23:56:54.863,1.37839,1.37865,1.50,1.90
2010.11.22 23:56:55.669,1.37843,1.37865,4.50,1.10
2010.11.22 23:56:56.041,1.3785,1.37874,1.50,1.10
2010.11.22 23:56:59.458,1.37849,1.3787,1.50,1.10
2010.11.22 23:57:01.905,1.37848,1.37867,1.50,1.20
2010.11.22 23:57:02.030,1.37835,1.37858,2.30,1.80
2010.11.22 23:57:02.140,1.37844,1.37868,1.50,1.10
2010.11.22 23:57:05.238,1.37844,1.37867,1.50,10.30
2010.11.22 23:57:05.567,1.37838,1.37862,1.50,1.90
2010.11.22 23:57:07.580,1.37833,1.37857,1.50,2.40
2010.11.22 23:57:07.798,1.37833,1.37852,1.50,6.20
2010.11.22 23:57:08.127,1.37824,1.37847,1.50,6.00
2010.11.22 23:57:08.248,1.37831,1.37856,2.30,1.50
2010.11.22 23:57:11.067,1.37835,1.37862,1.50,1.50
2010.11.22 23:57:12.200,1.37828,1.37858,1.50,1.80
2010.11.22 23:57:16.718,1.37836,1.3786,2.30,1.10
2010.11.22 23:57:20.590,1.37843,1.37867,1.50,1.10
2010.11.22 23:57:23.500,1.37841,1.37867,1.50,1.10
2010.11.22 23:57:29.934,1.37843,1.37867,4.50,1.10
2010.11.22 23:57:30.051,1.37849,1.37873,2.30,1.10
2010.11.22 23:57:33.061,1.37849,1.37873,1.50,1.10
2010.11.22 23:57:33.168,1.37849,1.37865,1.50,1.50
2010.11.22 23:57:33.278,1.37841,1.37865,1.50,2.60
2010.11.22 23:57:36.669,1.37841,1.37865,2.40,1.10
2010.11.22 23:57:40.818,1.37841,1.37865,1.50,1.80
2010.11.22 23:57:52.909,1.37836,1.3786,1.60,1.10
2010.11.22 23:57:57.848,1.37843,1.37868,1.50,1.50
2010.11.22 23:58:08.255,1.37839,1.37865,1.50,1.10
2010.11.22 23:58:11.590,1.37848,1.37872,1.50,1.10
2010.11.22 23:58:22.509,1.37851,1.37877,1.60,1.10
2010.11.22 23:58:24.158,1.37859,1.37885,1.60,1.10
2010.11.22 23:58:26.529,1.3786,1.37888,1.60,1.10
2010.11.22 23:58:29.147,1.37867,1.37891,1.50,3.30
2010.11.22 23:58:30.708,1.37866,1.3789,1.50,1.10
2010.11.22 23:58:33.988,1.37866,1.3789,1.50,1.80
2010.11.22 23:58:35.659,1.37866,1.3789,1.50,1.50
2010.11.22 23:58:38.208,1.37868,1.3789,1.50,4.60
2010.11.22 23:58:40.607,1.37862,1.37887,1.50,1.10
2010.11.22 23:58:41.445,1.37864,1.37895,3.30,1.10
2010.11.22 23:58:41.560,1.3787,1.37901,1.50,3.10
2010.11.22 23:58:42.044,1.37871,1.37893,1.50,4.50
2010.11.22 23:58:42.500,1.37858,1.37887,1.50,2.60
2010.11.22 23:58:43.112,1.37854,1.37877,1.50,2.30
2010.11.22 23:58:45.122,1.37861,1.37886,1.50,1.50
2010.11.22 23:58:49.029,1.37866,1.3789,1.50,1.10
2010.11.22 23:58:49.779,1.37858,1.37881,1.50,1.10
2010.11.22 23:58:50.219,1.37859,1.37884,1.70,1.10
2010.11.22 23:58:52.498,1.37862,1.37887,1.60,1.50
2010.11.22 23:58:54.888,1.37867,1.37893,1.60,1.10
2010.11.22 23:58:57.629,1.37858,1.37884,1.50,2.60
2010.11.22 23:58:58.291,1.37856,1.37869,1.50,1.50
2010.11.22 23:58:58.511,1.37838,1.37869,1.50,3.00
2010.11.22 23:59:01.114,1.37831,1.37858,1.50,1.10
2010.11.22 23:59:03.461,1.37841,1.37867,1.50,1.10
2010.11.22 23:59:08.169,1.37841,1.37865,1.50,1.80
2010.11.22 23:59:10.199,1.37841,1.37865,1.50,1.10
2010.11.22 23:59:13.197,1.37841,1.37865,1.50,1.80
2010.11.22 23:59:14.271,1.37841,1.37864,1.50,4.50
2010.11.22 23:59:29.116,1.37835,1.37855,1.50,1.60
2010.11.22 23:59:32.262,1.3783,1.37855,1.50,1.10
2010.11.22 23:59:32.481,1.37833,1.37861,2.30,1.10
2010.11.22 23:59:35.018,1.37847,1.37875,1.50,1.10
2010.11.22 23:59:35.458,1.37845,1.37874,1.50,1.10
2010.11.22 23:59:40.147,1.37846,1.37875,1.60,1.10
2010.11.22 23:59:42.658,1.37845,1.3787,1.50,1.10
2010.11.22 23:59:43.430,1.37844,1.3786,1.50,4.50
2010.11.22 23:59:43.539,1.37844,1.37868,1.50,1.30
2010.11.22 23:59:43.954,1.37837,1.37859,1.50,1.50
2010.11.22 23:59:44.180,1.37837,1.37859,1.50,1.50
2010.11.22 23:59:46.948,1.37842,1.37868,1.50,2.00
2010.11.22 23:59:54.890,1.37841,1.37867,1.50,1.20
2010.11.22 23:59:57.468,1.37849,1.37873,1.50,1.20
2010.11.22 23:59:59.578,1.37841,1.37867,1.50,1.10
