2010.11.23 18:00:00.074,1.37401,1.37436,4.10,1.10
2010.11.23 18:00:02.436,1.37407,1.37439,1.80,1.50
2010.11.23 18:00:04.476,1.37399,1.37429,1.10,1.50
2010.11.23 18:00:05.184,1.37408,1.37436,1.70,1.50
2010.11.23 18:00:06.526,1.37412,1.37438,1.10,1.10
2010.11.23 18:00:06.636,1.37408,1.37439,3.40,1.50
2010.11.23 18:00:06.748,1.37408,1.37435,2.30,2.40
2010.11.23 18:00:07.194,1.37395,1.37431,1.10,1.80
2010.11.23 18:00:08.188,1.37398,1.37432,1.70,1.10
2010.11.23 18:00:08.815,1.37401,1.37435,1.70,1.70
2010.11.23 18:00:09.368,1.37409,1.37442,1.60,3.10
2010.11.23 18:00:11.170,1.37407,1.37437,1.10,1.10
2010.11.23 18:00:11.286,1.37407,1.37433,1.10,1.50
2010.11.23 18:00:12.065,1.37398,1.3743,1.10,1.10
2010.11.23 18:00:12.920,1.37407,1.37432,1.10,3.30
2010.11.23 18:00:14.822,1.37403,1.37432,1.10,1.80
2010.11.23 18:00:15.875,1.37397,1.37427,1.80,2.60
2010.11.23 18:00:16.927,1.37406,1.37434,1.60,1.10
2010.11.23 18:00:19.136,1.37406,1.37436,2.40,1.80
2010.11.23 18:00:21.236,1.37406,1.37434,1.80,2.60
2010.11.23 18:00:22.008,1.37401,1.37427,1.60,1.10
2010.11.23 18:00:22.446,1.37405,1.37433,1.80,2.30
2010.11.23 18:00:23.242,1.37406,1.37432,2.60,1.50
2010.11.23 18:00:23.366,1.37416,1.37442,3.20,1.50
2010.11.23 18:00:25.577,1.37417,1.37447,2.40,1.10
2010.11.23 18:00:27.702,1.37415,1.37446,3.90,1.50
2010.11.23 18:00:28.846,1.3741,1.37443,2.70,1.80
2010.11.23 18:00:29.634,1.37404,1.37434,3.20,1.10
2010.11.23 18:00:30.186,1.37404,1.37434,3.40,1.10
2010.11.23 18:00:30.830,1.37411,1.37434,1.70,1.10
2010.11.23 18:00:31.058,1.37411,1.37442,1.80,2.60
2010.11.23 18:00:33.346,1.37414,1.37443,1.70,3.30
2010.11.23 18:00:36.660,1.37416,1.37445,2.40,2.30
2010.11.23 18:00:40.274,1.37422,1.37445,1.60,1.10
2010.11.23 18:00:42.749,1.37426,1.37451,1.60,1.50
2010.11.23 18:00:44.665,1.37418,1.37448,3.20,1.10
2010.11.23 18:00:46.849,1.3742,1.37444,3.20,1.10
2010.11.23 18:00:49.095,1.37417,1.37445,2.50,1.10
2010.11.23 18:00:52.271,1.37418,1.37445,1.60,1.10
2010.11.23 18:00:54.677,1.37418,1.37445,1.60,1.10
2010.11.23 18:00:56.718,1.37407,1.3744,3.40,1.10
2010.11.23 18:00:58.060,1.37419,1.37447,1.70,1.90
2010.11.23 18:00:58.554,1.37419,1.37446,1.50,1.50
2010.11.23 18:00:59.593,1.37426,1.37454,1.60,1.50
2010.11.23 18:01:00.255,1.37421,1.37453,1.60,1.50
2010.11.23 18:01:02.879,1.37413,1.37442,3.20,1.10
2010.11.23 18:01:04.956,1.37417,1.37441,1.60,1.70
2010.11.23 18:01:07.617,1.37413,1.37441,3.20,1.30
2010.11.23 18:01:09.439,1.37418,1.37441,1.60,2.70
2010.11.23 18:01:11.255,1.37422,1.37443,1.60,1.10
2010.11.23 18:01:13.132,1.37408,1.37436,1.10,1.10
2010.11.23 18:01:15.444,1.37417,1.37441,1.80,1.10
2010.11.23 18:01:17.016,1.37406,1.37438,1.60,1.30
2010.11.23 18:01:18.061,1.37411,1.37442,4.10,1.10
2010.11.23 18:01:18.177,1.37411,1.37442,3.20,1.10
2010.11.23 18:01:20.548,1.37404,1.37432,1.10,1.10
2010.11.23 18:01:20.670,1.37402,1.37432,1.90,1.10
2010.11.23 18:01:22.821,1.37402,1.37433,1.90,1.10
2010.11.23 18:01:24.956,1.37406,1.37436,1.80,1.10
2010.11.23 18:01:28.298,1.37405,1.37436,3.30,1.10
2010.11.23 18:01:29.120,1.37401,1.37433,2.00,3.20
2010.11.23 18:01:29.619,1.37398,1.37429,1.50,1.80
2010.11.23 18:01:31.796,1.37401,1.3743,1.50,1.50
2010.11.23 18:01:33.916,1.37396,1.37427,1.40,1.10
2010.11.23 18:01:35.396,1.37411,1.37435,2.00,1.10
2010.11.23 18:01:36.608,1.37413,1.37429,1.60,1.70
2010.11.23 18:01:37.207,1.37407,1.37424,1.50,1.80
2010.11.23 18:01:37.325,1.37407,1.37436,1.40,1.10
2010.11.23 18:01:37.439,1.37412,1.37438,1.70,1.50
2010.11.23 18:01:37.828,1.37425,1.37454,1.50,3.50
2010.11.23 18:01:38.641,1.37425,1.37455,1.50,1.70
2010.11.23 18:01:39.500,1.37414,1.3745,1.90,2.70
2010.11.23 18:01:39.729,1.37419,1.3745,1.50,2.30
2010.11.23 18:01:41.222,1.37422,1.37451,1.50,1.50
2010.11.23 18:01:44.246,1.37429,1.37457,1.50,1.80
2010.11.23 18:01:46.405,1.3743,1.37461,2.10,3.90
2010.11.23 18:01:47.740,1.37438,1.37462,1.50,1.50
2010.11.23 18:01:49.437,1.37435,1.37457,1.70,1.50
2010.11.23 18:01:51.872,1.37427,1.37458,1.20,2.00
2010.11.23 18:01:53.900,1.37431,1.37464,1.20,1.50
2010.11.23 18:01:55.906,1.37438,1.37461,4.50,1.50
2010.11.23 18:01:56.399,1.37449,1.37473,2.10,1.50
2010.11.23 18:01:56.540,1.37439,1.37463,1.50,1.50
2010.11.23 18:01:57.974,1.37434,1.37458,1.70,1.50
2010.11.23 18:02:01.647,1.3744,1.37469,2.30,3.50
2010.11.23 18:02:02.130,1.3745,1.37481,1.90,1.40
2010.11.23 18:02:04.180,1.37446,1.37474,1.50,1.20
2010.11.23 18:02:06.616,1.37444,1.37475,3.20,1.10
2010.11.23 18:02:07.241,1.37451,1.37475,3.20,1.10
2010.11.23 18:02:07.939,1.37442,1.37475,2.40,1.10
2010.11.23 18:02:11.678,1.37442,1.37471,1.50,1.10
2010.11.23 18:02:14.520,1.37438,1.37471,1.50,1.40
2010.11.23 18:02:15.058,1.37445,1.37472,1.50,1.80
2010.11.23 18:02:17.700,1.3744,1.37471,2.50,1.10
2010.11.23 18:02:23.381,1.3744,1.37471,1.50,1.10
2010.11.23 18:02:25.386,1.37445,1.37473,1.50,2.80
2010.11.23 18:02:28.402,1.37441,1.37473,1.50,3.00
2010.11.23 18:02:29.196,1.37441,1.37473,2.30,3.00
2010.11.23 18:02:29.661,1.37458,1.37486,1.60,1.60
2010.11.23 18:02:29.887,1.37452,1.37481,1.90,1.10
2010.11.23 18:02:30.464,1.37445,1.37477,1.20,1.30
2010.11.23 18:02:32.605,1.37449,1.3748,3.90,1.10
2010.11.23 18:02:36.825,1.37449,1.3748,3.90,1.10
2010.11.23 18:02:37.047,1.37455,1.37485,1.50,1.10
2010.11.23 18:02:37.578,1.37448,1.37476,1.90,1.10
2010.11.23 18:02:40.362,1.37454,1.37483,2.00,1.10
2010.11.23 18:02:43.786,1.37454,1.37483,2.00,1.10
2010.11.23 18:02:46.124,1.37454,1.37483,2.00,1.10
2010.11.23 18:02:48.349,1.37456,1.37487,1.90,1.10
2010.11.23 18:02:51.489,1.37458,1.3749,1.50,1.10
2010.11.23 18:02:54.694,1.37458,1.3749,1.50,1.10
2010.11.23 18:02:58.137,1.37453,1.37483,3.90,1.70
2010.11.23 18:02:58.697,1.37447,1.37479,3.10,1.10
2010.11.23 18:03:01.975,1.37447,1.37479,3.10,1.10
2010.11.23 18:03:06.482,1.37454,1.37484,1.50,1.10
2010.11.23 18:03:06.814,1.37462,1.37484,1.60,1.10
2010.11.23 18:03:08.865,1.37462,1.37487,3.60,1.10
2010.11.23 18:03:11.432,1.37462,1.37487,3.60,1.10
2010.11.23 18:03:13.727,1.37456,1.37485,1.90,1.70
2010.11.23 18:03:17.155,1.37453,1.37483,1.90,1.10
2010.11.23 18:03:17.815,1.37453,1.37483,2.30,1.10
2010.11.23 18:03:18.356,1.37459,1.3749,1.90,1.10
2010.11.23 18:03:24.195,1.37459,1.3749,1.90,1.10
2010.11.23 18:03:27.066,1.37459,1.3749,1.90,1.10
2010.11.23 18:03:29.567,1.37457,1.37487,3.90,1.10
2010.11.23 18:03:29.784,1.37457,1.37487,3.20,1.10
2010.11.23 18:03:33.735,1.37458,1.37487,1.60,1.10
2010.11.23 18:03:35.686,1.37459,1.37481,1.90,1.40
2010.11.23 18:03:36.079,1.37446,1.37473,1.50,1.70
2010.11.23 18:03:37.835,1.37448,1.37479,1.50,2.80
2010.11.23 18:03:39.937,1.37449,1.3748,2.40,1.10
2010.11.23 18:03:40.474,1.37454,1.3749,2.50,3.10
2010.11.23 18:03:41.934,1.3746,1.3749,1.70,1.10
2010.11.23 18:03:42.266,1.37459,1.37488,1.50,1.50
2010.11.23 18:03:44.625,1.37463,1.37493,1.90,1.10
2010.11.23 18:03:45.196,1.37459,1.37489,2.50,1.90
2010.11.23 18:03:45.310,1.37459,1.3748,1.50,1.50
2010.11.23 18:03:45.425,1.37448,1.37479,2.30,1.10
2010.11.23 18:03:45.649,1.3745,1.37479,1.40,1.10
2010.11.23 18:03:47.393,1.37448,1.37478,1.90,1.10
2010.11.23 18:03:48.692,1.37454,1.37478,5.80,1.10
2010.11.23 18:03:48.810,1.37456,1.37486,1.40,2.30
2010.11.23 18:03:52.155,1.37452,1.37484,1.50,2.60
2010.11.23 18:03:55.236,1.37449,1.3748,1.50,1.10
2010.11.23 18:03:55.723,1.37438,1.37468,2.30,1.10
2010.11.23 18:03:55.835,1.37437,1.37468,2.00,1.10
2010.11.23 18:03:58.455,1.37436,1.37463,1.90,1.20
2010.11.23 18:03:59.078,1.37436,1.37462,9.10,1.10
2010.11.23 18:03:59.408,1.37436,1.37465,3.60,1.10
2010.11.23 18:04:02.461,1.37432,1.37461,3.60,1.10
2010.11.23 18:04:05.354,1.37432,1.37462,2.70,1.10
2010.11.23 18:04:08.577,1.37436,1.37461,1.60,1.10
2010.11.23 18:04:13.836,1.37428,1.37461,2.00,1.10
2010.11.23 18:04:19.001,1.37429,1.37457,1.20,1.50
2010.11.23 18:04:20.221,1.37436,1.37454,1.60,1.70
2010.11.23 18:04:20.458,1.37435,1.37465,1.90,1.10
2010.11.23 18:04:21.237,1.37441,1.37465,3.20,1.10
2010.11.23 18:04:21.346,1.37444,1.37481,2.50,2.60
2010.11.23 18:04:25.784,1.37458,1.37488,1.50,5.70
2010.11.23 18:04:28.895,1.37459,1.37489,1.50,1.30
2010.11.23 18:04:29.322,1.37463,1.37492,3.10,1.10
2010.11.23 18:04:29.765,1.37463,1.37489,1.50,1.70
2010.11.23 18:04:33.596,1.3746,1.37489,1.50,2.70
2010.11.23 18:04:35.655,1.37459,1.37488,1.50,1.70
2010.11.23 18:04:37.115,1.37459,1.37493,1.50,4.50
2010.11.23 18:04:40.606,1.37459,1.37492,1.50,1.10
2010.11.23 18:04:50.989,1.37459,1.37493,1.50,2.70
2010.11.23 18:04:51.458,1.37466,1.37493,3.20,1.10
2010.11.23 18:05:01.470,1.37467,1.37496,3.20,1.10
2010.11.23 18:05:04.468,1.37463,1.37491,1.50,4.50
2010.11.23 18:05:04.800,1.37451,1.37479,1.50,1.70
2010.11.23 18:05:08.436,1.37448,1.37479,1.50,2.70
2010.11.23 18:05:09.056,1.37451,1.37484,2.40,1.10
2010.11.23 18:05:11.276,1.37451,1.37478,1.60,1.10
2010.11.23 18:05:13.717,1.37453,1.37478,1.50,1.50
2010.11.23 18:05:14.419,1.37456,1.3747,3.20,2.60
2010.11.23 18:05:14.541,1.3744,1.3747,1.50,2.60
2010.11.23 18:05:17.244,1.37446,1.37478,1.70,2.60
2010.11.23 18:05:18.319,1.37446,1.37474,1.70,2.30
2010.11.23 18:05:18.756,1.37457,1.37474,1.50,1.50
2010.11.23 18:05:18.871,1.37451,1.3748,1.50,1.50
2010.11.23 18:05:19.234,1.37445,1.37477,1.50,3.40
2010.11.23 18:05:21.468,1.37448,1.37479,1.50,1.60
2010.11.23 18:05:23.597,1.37445,1.37476,1.50,1.10
2010.11.23 18:05:24.877,1.37452,1.37484,1.60,1.70
2010.11.23 18:05:24.989,1.37451,1.37482,2.40,1.10
2010.11.23 18:05:28.210,1.37464,1.37489,1.50,1.70
2010.11.23 18:05:28.548,1.37464,1.37481,1.50,1.90
2010.11.23 18:05:29.030,1.37468,1.37499,1.50,3.00
2010.11.23 18:05:31.763,1.37468,1.37498,1.50,3.20
2010.11.23 18:05:33.937,1.37472,1.37502,3.10,1.10
2010.11.23 18:05:34.267,1.3748,1.37507,1.50,1.50
2010.11.23 18:05:34.988,1.37474,1.37501,1.20,3.20
2010.11.23 18:05:37.007,1.37479,1.37508,1.50,1.70
2010.11.23 18:05:39.381,1.3748,1.37507,1.70,1.50
2010.11.23 18:05:40.157,1.37471,1.37502,1.50,2.00
2010.11.23 18:05:40.642,1.37471,1.37502,1.50,2.00
2010.11.23 18:05:42.858,1.3747,1.37503,1.50,1.10
2010.11.23 18:05:45.468,1.37474,1.37507,2.40,2.80
2010.11.23 18:05:48.584,1.37473,1.37504,1.50,1.10
2010.11.23 18:05:50.796,1.37482,1.37507,1.80,1.70
2010.11.23 18:05:52.689,1.37476,1.37508,4.20,1.10
2010.11.23 18:05:54.685,1.37478,1.37509,1.50,4.40
2010.11.23 18:05:57.153,1.37483,1.37513,3.90,1.10
2010.11.23 18:05:59.488,1.37483,1.37514,4.70,1.70
2010.11.23 18:05:59.706,1.37484,1.37516,1.50,3.30
2010.11.23 18:06:00.366,1.37484,1.37515,1.50,1.50
2010.11.23 18:06:04.738,1.37486,1.37513,1.50,1.20
2010.11.23 18:06:05.465,1.37484,1.37514,1.50,1.30
2010.11.23 18:06:05.582,1.37484,1.37508,1.50,1.90
2010.11.23 18:06:06.993,1.37493,1.37524,3.20,1.60
2010.11.23 18:06:07.108,1.37493,1.37518,1.50,1.70
2010.11.23 18:06:07.838,1.37485,1.37515,1.50,1.10
2010.11.23 18:06:09.022,1.37485,1.37512,1.50,1.10
2010.11.23 18:06:09.367,1.37492,1.37521,1.50,3.20
2010.11.23 18:06:11.414,1.37494,1.37525,1.50,2.80
2010.11.23 18:06:13.676,1.37489,1.37521,1.50,1.10
2010.11.23 18:06:14.086,1.3749,1.37512,1.70,2.40
2010.11.23 18:06:14.197,1.37483,1.3751,1.70,1.30
2010.11.23 18:06:14.638,1.37474,1.37503,1.60,1.30
2010.11.23 18:06:16.469,1.37478,1.37508,1.50,1.10
2010.11.23 18:06:17.498,1.37473,1.37498,1.50,1.90
2010.11.23 18:06:17.618,1.37464,1.37495,1.50,1.10
2010.11.23 18:06:18.949,1.37463,1.37481,1.50,1.70
2010.11.23 18:06:19.485,1.37447,1.37475,3.00,1.90
2010.11.23 18:06:19.603,1.37445,1.37475,3.00,1.90
2010.11.23 18:06:20.050,1.37457,1.37483,1.50,1.90
2010.11.23 18:06:20.277,1.37457,1.3749,3.10,1.30
2010.11.23 18:06:22.399,1.37457,1.37483,1.50,2.90
2010.11.23 18:06:24.515,1.37458,1.37487,2.30,2.50
2010.11.23 18:06:26.516,1.37459,1.37486,1.50,2.60
2010.11.23 18:06:28.535,1.37456,1.37482,1.60,1.10
2010.11.23 18:06:30.798,1.3745,1.37478,1.90,1.40
2010.11.23 18:06:31.586,1.37452,1.37477,1.50,2.00
2010.11.23 18:06:32.909,1.37457,1.37486,1.50,1.10
2010.11.23 18:06:33.139,1.37453,1.37482,3.00,1.10
2010.11.23 18:06:33.503,1.37456,1.37487,2.50,1.10
2010.11.23 18:06:33.616,1.37463,1.3749,1.50,1.60
2010.11.23 18:06:35.731,1.37465,1.37494,1.50,1.10
2010.11.23 18:06:38.577,1.37467,1.37498,1.50,1.10
2010.11.23 18:06:40.746,1.37476,1.37504,1.60,1.10
2010.11.23 18:06:42.231,1.37484,1.37504,1.50,1.70
2010.11.23 18:06:44.317,1.37477,1.37505,3.20,1.70
2010.11.23 18:06:45.139,1.37484,1.37515,1.50,1.30
2010.11.23 18:06:46.728,1.37478,1.37509,1.50,1.10
2010.11.23 18:06:48.489,1.37481,1.37515,1.50,2.40
2010.11.23 18:06:49.376,1.3748,1.37504,1.50,1.90
2010.11.23 18:06:49.722,1.37479,1.37513,1.50,2.50
2010.11.23 18:06:49.947,1.37482,1.37507,1.50,2.00
2010.11.23 18:06:50.059,1.37472,1.37502,3.20,1.70
2010.11.23 18:06:51.237,1.37461,1.37486,3.00,1.70
2010.11.23 18:06:51.456,1.37456,1.37483,1.50,1.50
2010.11.23 18:06:52.557,1.37462,1.3749,1.50,1.70
2010.11.23 18:06:55.285,1.37464,1.37498,3.00,1.30
2010.11.23 18:06:57.615,1.37464,1.3749,1.50,2.00
2010.11.23 18:06:59.885,1.37463,1.3749,1.50,2.00
2010.11.23 18:07:01.958,1.37457,1.37484,1.50,1.30
2010.11.23 18:07:03.251,1.37473,1.37484,1.50,1.30
2010.11.23 18:07:03.485,1.37473,1.37502,1.50,1.10
2010.11.23 18:07:06.218,1.37475,1.37498,1.50,1.10
2010.11.23 18:07:08.236,1.37479,1.37505,1.50,1.10
2010.11.23 18:07:10.253,1.37485,1.37509,1.90,1.10
2010.11.23 18:07:11.153,1.37495,1.37525,1.70,11.20
2010.11.23 18:07:11.286,1.37494,1.37525,1.50,1.20
2010.11.23 18:07:22.265,1.37494,1.37525,3.00,1.10
2010.11.23 18:07:22.744,1.37493,1.3752,2.40,1.70
2010.11.23 18:07:22.967,1.37486,1.37517,1.50,1.10
2010.11.23 18:07:26.813,1.37498,1.3753,1.50,1.10
2010.11.23 18:07:30.606,1.37492,1.37523,1.60,1.10
2010.11.23 18:07:31.490,1.37499,1.37523,1.50,2.40
2010.11.23 18:07:31.858,1.37499,1.37528,1.50,1.40
2010.11.23 18:07:34.131,1.37511,1.37535,1.60,1.10
2010.11.23 18:07:36.165,1.37503,1.37532,4.90,1.10
2010.11.23 18:07:36.498,1.37503,1.37529,6.30,1.70
2010.11.23 18:07:36.937,1.37504,1.37528,1.70,1.10
2010.11.23 18:07:37.332,1.37504,1.37528,1.90,1.10
2010.11.23 18:07:38.550,1.37508,1.37538,2.50,1.10
2010.11.23 18:07:42.641,1.37508,1.3754,2.40,2.30
2010.11.23 18:07:43.333,1.37501,1.37533,1.60,2.00
2010.11.23 18:07:44.595,1.37518,1.37547,1.70,2.40
2010.11.23 18:07:44.927,1.37522,1.37552,1.90,1.10
2010.11.23 18:07:45.037,1.37519,1.37552,1.50,1.10
2010.11.23 18:07:49.776,1.37519,1.37549,4.10,1.10
2010.11.23 18:07:52.292,1.37518,1.37548,1.60,3.20
2010.11.23 18:07:54.829,1.37518,1.37549,4.10,2.70
2010.11.23 18:07:58.326,1.37521,1.37548,1.50,1.70
2010.11.23 18:08:00.904,1.37518,1.37542,1.50,1.70
2010.11.23 18:08:01.138,1.37506,1.37537,5.40,1.10
2010.11.23 18:08:03.617,1.37505,1.37536,1.50,1.30
2010.11.23 18:08:06.499,1.37501,1.3753,1.50,1.80
2010.11.23 18:08:09.220,1.37502,1.37534,1.70,1.20
2010.11.23 18:08:12.687,1.37499,1.37528,1.50,1.10
2010.11.23 18:08:15.504,1.37505,1.37532,1.70,1.10
2010.11.23 18:08:19.098,1.37503,1.37537,5.60,1.10
2010.11.23 18:08:21.135,1.37512,1.37544,1.70,1.20
2010.11.23 18:08:23.178,1.37512,1.37544,1.80,1.10
2010.11.23 18:08:23.288,1.37513,1.37548,1.70,2.80
2010.11.23 18:08:24.558,1.37519,1.37551,1.50,2.60
2010.11.23 18:08:26.652,1.37511,1.37542,1.50,1.20
2010.11.23 18:08:27.035,1.37507,1.37535,1.50,2.70
2010.11.23 18:08:28.239,1.375,1.3753,2.30,1.10
2010.11.23 18:08:31.543,1.37504,1.37534,1.60,1.70
2010.11.23 18:08:33.545,1.37509,1.37541,1.50,1.10
2010.11.23 18:08:36.875,1.37511,1.3754,1.60,1.10
2010.11.23 18:08:38.080,1.3751,1.37534,1.50,1.90
2010.11.23 18:08:38.306,1.37501,1.3753,1.70,1.70
2010.11.23 18:08:41.604,1.37506,1.37532,1.60,1.10
2010.11.23 18:08:43.715,1.37501,1.37532,1.50,1.10
2010.11.23 18:08:46.155,1.37497,1.37528,3.00,1.10
2010.11.23 18:08:48.195,1.37489,1.37524,1.70,1.30
2010.11.23 18:08:50.345,1.3749,1.37521,1.50,1.10
2010.11.23 18:08:52.474,1.37488,1.3752,2.30,1.10
2010.11.23 18:08:56.727,1.37486,1.37521,3.40,1.10
2010.11.23 18:09:00.207,1.37489,1.37521,2.30,1.20
2010.11.23 18:09:00.321,1.37494,1.37521,1.90,1.20
2010.11.23 18:09:02.430,1.37501,1.37525,1.90,1.20
2010.11.23 18:09:05.175,1.37498,1.37525,1.90,1.10
2010.11.23 18:09:07.557,1.375,1.37531,3.90,1.10
2010.11.23 18:09:12.275,1.37499,1.37531,3.00,1.20
2010.11.23 18:09:14.704,1.37502,1.3753,3.40,1.10
2010.11.23 18:09:16.751,1.37502,1.37528,3.20,2.90
2010.11.23 18:09:16.872,1.37495,1.37526,3.00,1.10
2010.11.23 18:09:16.988,1.37501,1.3753,2.40,4.60
2010.11.23 18:09:25.878,1.37498,1.37527,1.50,1.70
2010.11.23 18:09:29.853,1.37494,1.37527,1.80,2.40
2010.11.23 18:09:32.307,1.37498,1.37529,1.50,1.30
2010.11.23 18:09:34.307,1.37496,1.37524,1.70,1.70
2010.11.23 18:09:35.203,1.37506,1.37532,2.60,1.70
2010.11.23 18:09:35.536,1.37517,1.37547,1.50,2.60
2010.11.23 18:09:38.928,1.37521,1.37553,1.50,1.40
2010.11.23 18:09:41.439,1.37519,1.37548,1.50,1.10
2010.11.23 18:09:43.466,1.37523,1.37552,1.50,1.10
2010.11.23 18:09:46.467,1.37523,1.37555,1.80,2.60
2010.11.23 18:09:48.506,1.37521,1.37552,1.50,1.30
2010.11.23 18:09:52.389,1.37521,1.37555,1.50,2.20
2010.11.23 18:09:52.504,1.37532,1.37556,1.70,1.10
2010.11.23 18:09:53.173,1.37536,1.37566,3.40,1.10
2010.11.23 18:09:55.245,1.37541,1.37571,1.50,1.20
2010.11.23 18:09:57.717,1.37544,1.37577,1.50,3.10
2010.11.23 18:09:58.606,1.37553,1.37584,3.00,1.60
2010.11.23 18:09:58.716,1.37553,1.37584,3.00,3.90
2010.11.23 18:09:58.826,1.37553,1.37584,3.00,1.60
2010.11.23 18:09:58.937,1.37553,1.37584,1.50,1.40
2010.11.23 18:10:03.337,1.37557,1.37588,1.50,3.40
2010.11.23 18:10:05.686,1.37552,1.37584,1.50,1.10
2010.11.23 18:10:08.185,1.37552,1.37584,1.50,1.20
2010.11.23 18:10:10.199,1.37556,1.37588,1.50,1.10
2010.11.23 18:10:11.639,1.37552,1.3758,2.60,2.30
2010.11.23 18:10:12.081,1.37543,1.3756,1.50,1.70
2010.11.23 18:10:12.692,1.37543,1.37572,1.50,2.60
2010.11.23 18:10:15.243,1.37538,1.37573,1.50,1.20
2010.11.23 18:10:28.256,1.37535,1.37564,3.20,1.10
2010.11.23 18:10:30.691,1.37538,1.37569,4.10,1.10
2010.11.23 18:10:32.486,1.37542,1.37573,1.60,1.10
2010.11.23 18:10:35.806,1.37542,1.37572,1.50,1.60
2010.11.23 18:10:38.250,1.37539,1.37572,1.50,1.10
2010.11.23 18:10:41.208,1.37523,1.37554,4.70,1.30
2010.11.23 18:10:41.537,1.37523,1.37554,1.50,1.10
2010.11.23 18:10:43.272,1.37534,1.37565,2.50,1.10
2010.11.23 18:10:45.628,1.3753,1.37559,1.50,1.70
2010.11.23 18:10:47.282,1.37534,1.37561,1.50,2.50
2010.11.23 18:10:49.189,1.3752,1.37544,1.60,1.10
2010.11.23 18:10:49.296,1.37513,1.37548,1.60,4.20
2010.11.23 18:10:51.575,1.37517,1.37549,1.50,1.10
2010.11.23 18:10:53.614,1.37523,1.37554,1.50,4.30
2010.11.23 18:10:55.061,1.37525,1.37553,2.50,3.20
2010.11.23 18:10:59.324,1.37513,1.37544,1.50,1.10
2010.11.23 18:11:01.415,1.37512,1.37548,2.30,1.10
2010.11.23 18:11:02.118,1.37519,1.37553,1.70,9.50
2010.11.23 18:11:02.227,1.3752,1.37553,2.10,4.20
2010.11.23 18:11:03.483,1.37536,1.37565,2.60,1.10
2010.11.23 18:11:05.713,1.3754,1.37572,1.60,2.70
2010.11.23 18:11:07.544,1.37539,1.37572,1.70,2.60
2010.11.23 18:11:07.781,1.37534,1.37563,1.70,2.10
2010.11.23 18:11:07.897,1.37545,1.37563,1.50,1.70
2010.11.23 18:11:08.384,1.37561,1.37591,2.50,1.80
2010.11.23 18:11:10.428,1.37557,1.3759,3.40,2.60
2010.11.23 18:11:12.529,1.37562,1.37592,1.50,1.10
2010.11.23 18:11:14.331,1.37569,1.37601,1.50,2.40
2010.11.23 18:11:14.776,1.37569,1.37601,1.50,2.60
2010.11.23 18:11:14.997,1.3756,1.37589,3.20,1.10
2010.11.23 18:11:17.938,1.37559,1.37589,1.50,1.10
2010.11.23 18:11:21.385,1.37564,1.37589,1.60,1.10
2010.11.23 18:11:25.139,1.37565,1.376,1.50,2.80
2010.11.23 18:11:27.505,1.37566,1.376,1.50,2.80
2010.11.23 18:11:30.449,1.37566,1.37591,1.50,1.70
2010.11.23 18:11:34.525,1.37558,1.3759,1.50,1.90
2010.11.23 18:11:35.317,1.37549,1.37579,1.50,1.10
2010.11.23 18:11:40.017,1.37545,1.37575,3.30,1.10
2010.11.23 18:11:42.125,1.37544,1.37575,1.50,1.10
2010.11.23 18:11:45.736,1.37544,1.37575,1.60,1.10
2010.11.23 18:11:52.307,1.3754,1.37573,3.20,1.20
2010.11.23 18:11:52.540,1.37554,1.37573,1.50,1.70
2010.11.23 18:11:52.767,1.37557,1.37588,2.60,1.50
2010.11.23 18:11:55.217,1.37556,1.37589,1.70,1.10
2010.11.23 18:11:55.587,1.37563,1.37594,1.50,2.70
2010.11.23 18:11:56.135,1.37557,1.37594,3.40,2.60
2010.11.23 18:11:56.394,1.37557,1.37587,3.40,1.10
2010.11.23 18:11:58.658,1.37557,1.37586,1.50,1.70
2010.11.23 18:12:01.123,1.37547,1.37577,1.50,1.70
2010.11.23 18:12:01.616,1.3756,1.37585,1.70,2.40
2010.11.23 18:12:01.837,1.37563,1.37585,2.50,1.60
2010.11.23 18:12:02.508,1.37567,1.37599,1.50,2.70
2010.11.23 18:12:04.567,1.37569,1.37601,1.50,1.90
2010.11.23 18:12:07.959,1.37569,1.37601,1.50,1.60
2010.11.23 18:12:08.840,1.37573,1.37599,1.50,1.70
2010.11.23 18:12:10.685,1.37573,1.37594,1.50,2.60
2010.11.23 18:12:10.807,1.37565,1.37595,1.60,1.10
2010.11.23 18:12:15.646,1.37562,1.37595,1.50,1.20
2010.11.23 18:12:22.958,1.37559,1.37593,1.50,1.10
2010.11.23 18:12:24.807,1.37567,1.376,1.50,4.20
2010.11.23 18:12:32.776,1.37564,1.376,1.60,1.10
2010.11.23 18:12:33.770,1.3757,1.376,1.50,1.10
2010.11.23 18:12:37.721,1.37571,1.37602,2.40,1.10
2010.11.23 18:12:40.426,1.37567,1.37595,1.70,1.10
2010.11.23 18:12:42.103,1.37558,1.37591,1.80,1.10
2010.11.23 18:12:48.790,1.37553,1.37585,1.50,1.10
2010.11.23 18:12:49.346,1.37554,1.37585,1.50,1.10
2010.11.23 18:12:50.327,1.37574,1.37604,1.50,2.60
2010.11.23 18:12:50.637,1.37569,1.37604,2.30,3.40
2010.11.23 18:12:52.911,1.37573,1.37603,1.50,2.70
2010.11.23 18:12:53.044,1.37566,1.37598,1.50,1.10
2010.11.23 18:12:55.708,1.3757,1.37599,2.30,1.10
2010.11.23 18:12:57.057,1.37581,1.37616,1.60,1.30
2010.11.23 18:12:59.517,1.37586,1.37616,1.60,1.20
2010.11.23 18:13:01.268,1.37585,1.37622,2.40,2.00
2010.11.23 18:13:02.087,1.37587,1.37622,1.60,1.30
2010.11.23 18:13:04.651,1.37592,1.37622,1.50,2.00
2010.11.23 18:13:05.026,1.37596,1.37628,4.80,2.40
2010.11.23 18:13:07.038,1.3761,1.37638,3.20,1.10
2010.11.23 18:13:09.568,1.37607,1.37638,1.50,2.70
2010.11.23 18:13:11.577,1.37607,1.37637,1.50,1.30
2010.11.23 18:13:12.614,1.3761,1.37643,1.50,1.10
2010.11.23 18:13:15.778,1.3761,1.37636,1.50,1.10
2010.11.23 18:13:16.004,1.37599,1.37628,2.40,1.10
2010.11.23 18:13:16.123,1.37601,1.37633,1.60,1.10
2010.11.23 18:13:16.366,1.37601,1.37633,2.40,1.10
2010.11.23 18:13:16.498,1.37608,1.37638,1.50,5.20
2010.11.23 18:13:19.090,1.37616,1.37645,3.20,1.10
2010.11.23 18:13:19.398,1.37616,1.37646,1.60,1.30
2010.11.23 18:13:19.519,1.37609,1.37639,2.40,1.10
2010.11.23 18:13:20.778,1.37614,1.37649,2.40,1.30
2010.11.23 18:13:21.871,1.3762,1.37649,3.20,1.10
2010.11.23 18:13:26.609,1.37615,1.37646,1.50,1.70
2010.11.23 18:13:30.047,1.37615,1.37646,1.60,2.90
2010.11.23 18:13:35.227,1.37618,1.37646,1.60,1.30
2010.11.23 18:13:38.593,1.37623,1.37654,1.50,1.10
2010.11.23 18:13:41.095,1.37623,1.37654,1.50,1.10
2010.11.23 18:13:41.874,1.37626,1.37652,1.50,2.60
2010.11.23 18:13:46.019,1.37622,1.37643,1.50,1.10
2010.11.23 18:13:46.432,1.37613,1.37642,1.50,1.30
2010.11.23 18:13:49.126,1.37608,1.37642,4.70,1.10
2010.11.23 18:13:52.070,1.37606,1.3763,1.60,1.10
2010.11.23 18:13:55.416,1.37606,1.37634,1.60,1.50
2010.11.23 18:13:55.526,1.37606,1.37633,1.60,1.70
2010.11.23 18:13:57.602,1.37601,1.3763,1.50,1.40
2010.11.23 18:13:59.948,1.37598,1.37629,2.30,1.10
2010.11.23 18:14:04.926,1.37597,1.37625,1.50,2.80
2010.11.23 18:14:07.988,1.37594,1.3762,1.50,1.10
2010.11.23 18:14:10.547,1.37586,1.37616,1.50,3.00
2010.11.23 18:14:14.716,1.3759,1.3762,1.50,1.30
2010.11.23 18:14:16.926,1.3759,1.3762,1.50,1.20
2010.11.23 18:14:19.812,1.3759,1.37614,1.50,1.10
2010.11.23 18:14:24.787,1.37587,1.37619,1.50,2.90
2010.11.23 18:14:26.975,1.37592,1.37619,1.50,2.60
2010.11.23 18:14:29.350,1.37585,1.37615,3.00,1.10
2010.11.23 18:14:32.407,1.37587,1.37619,1.50,1.10
2010.11.23 18:14:34.875,1.37587,1.37619,1.50,1.10
2010.11.23 18:14:36.884,1.37593,1.37625,1.60,1.30
2010.11.23 18:14:37.655,1.37578,1.37604,1.50,1.90
2010.11.23 18:14:43.599,1.37583,1.37609,1.50,1.90
2010.11.23 18:14:44.447,1.37584,1.37609,1.50,2.50
2010.11.23 18:14:45.872,1.37583,1.37601,1.50,2.00
2010.11.23 18:14:45.996,1.37573,1.37598,2.30,1.80
2010.11.23 18:14:48.848,1.37585,1.37617,3.20,2.80
2010.11.23 18:14:52.098,1.37584,1.37613,3.10,1.10
2010.11.23 18:14:55.538,1.37585,1.37613,3.20,1.30
2010.11.23 18:14:59.509,1.37584,1.37606,3.10,1.20
2010.11.23 18:15:00.120,1.37569,1.37602,1.60,1.30
2010.11.23 18:15:03.537,1.37569,1.37597,1.60,1.10
2010.11.23 18:15:09.127,1.3757,1.37597,1.60,1.10
2010.11.23 18:15:21.824,1.37571,1.37602,1.50,1.10
2010.11.23 18:15:22.158,1.37575,1.37609,1.50,1.70
2010.11.23 18:15:27.091,1.37574,1.37606,1.70,1.10
2010.11.23 18:15:30.349,1.37576,1.37606,1.80,1.10
2010.11.23 18:15:33.894,1.37578,1.3761,3.20,2.10
2010.11.23 18:15:42.035,1.37578,1.3761,1.80,1.10
2010.11.23 18:15:45.105,1.37582,1.37613,1.50,1.10
2010.11.23 18:15:46.430,1.37582,1.37605,3.10,1.10
2010.11.23 18:15:46.791,1.37575,1.37605,4.10,2.70
2010.11.23 18:15:47.362,1.37582,1.37615,1.80,1.30
2010.11.23 18:15:52.233,1.37587,1.37613,1.50,2.10
2010.11.23 18:15:52.344,1.37579,1.37609,1.50,2.60
2010.11.23 18:15:52.831,1.37585,1.37614,1.50,1.90
2010.11.23 18:15:53.279,1.37585,1.37613,1.50,2.10
2010.11.23 18:15:55.986,1.37585,1.37615,1.50,1.40
2010.11.23 18:15:58.716,1.37585,1.37613,1.50,1.70
2010.11.23 18:15:58.827,1.37585,1.37615,1.50,1.30
2010.11.23 18:16:00.842,1.37586,1.37609,1.50,1.70
2010.11.23 18:16:01.690,1.37575,1.37605,1.50,2.80
2010.11.23 18:16:01.918,1.37581,1.37612,2.40,2.60
2010.11.23 18:16:02.928,1.37581,1.37611,3.20,2.00
2010.11.23 18:16:05.046,1.37573,1.37606,3.10,1.10
2010.11.23 18:16:08.328,1.37578,1.37605,1.70,1.10
2010.11.23 18:16:08.772,1.37569,1.37601,4.80,1.10
2010.11.23 18:16:09.639,1.37563,1.37588,1.50,1.30
2010.11.23 18:16:10.418,1.37565,1.37597,1.50,1.30
2010.11.23 18:16:12.502,1.37567,1.37597,1.50,1.10
2010.11.23 18:16:14.512,1.37567,1.37597,1.50,1.30
2010.11.23 18:16:21.228,1.37559,1.37589,1.80,1.10
2010.11.23 18:16:22.241,1.37559,1.37582,1.70,1.80
2010.11.23 18:16:22.469,1.37554,1.37585,1.70,4.30
2010.11.23 18:16:24.807,1.37555,1.37585,1.50,1.10
2010.11.23 18:16:25.139,1.37554,1.37578,2.40,2.60
2010.11.23 18:16:25.253,1.37549,1.37578,1.50,2.80
2010.11.23 18:16:26.157,1.37561,1.37593,1.70,1.10
2010.11.23 18:16:29.660,1.37566,1.37597,1.60,1.30
2010.11.23 18:16:31.687,1.37572,1.37598,1.70,1.10
2010.11.23 18:16:34.616,1.37571,1.37602,3.20,1.40
2010.11.23 18:16:35.298,1.37589,1.37598,1.50,1.10
2010.11.23 18:16:35.887,1.37604,1.37615,1.70,1.50
2010.11.23 18:16:36.014,1.37585,1.37618,2.40,2.60
2010.11.23 18:16:36.130,1.37581,1.37611,1.80,1.10
2010.11.23 18:16:36.248,1.37587,1.37618,1.50,2.60
2010.11.23 18:16:38.032,1.3758,1.37609,1.70,1.10
2010.11.23 18:16:38.479,1.37575,1.37609,1.60,1.70
2010.11.23 18:16:38.964,1.37572,1.37602,1.50,1.30
2010.11.23 18:16:41.343,1.37572,1.37601,3.00,2.70
2010.11.23 18:16:43.056,1.37572,1.37601,1.50,1.70
2010.11.23 18:16:44.628,1.37588,1.37617,1.50,2.50
2010.11.23 18:16:48.008,1.37588,1.37611,1.50,2.60
2010.11.23 18:16:51.258,1.37581,1.3761,1.50,1.10
2010.11.23 18:16:54.209,1.37587,1.37611,1.50,1.70
2010.11.23 18:16:54.859,1.37583,1.37606,2.40,2.50
2010.11.23 18:16:54.969,1.37583,1.37606,1.60,1.50
2010.11.23 18:17:00.116,1.37582,1.37611,1.60,1.10
2010.11.23 18:17:07.911,1.37582,1.37611,1.60,1.10
2010.11.23 18:17:08.410,1.37587,1.37617,1.50,1.50
2010.11.23 18:17:10.416,1.37583,1.37597,1.50,1.70
2010.11.23 18:17:10.533,1.37573,1.37597,1.70,1.70
2010.11.23 18:17:10.648,1.37573,1.37604,3.40,1.50
2010.11.23 18:17:13.385,1.37573,1.37603,1.50,4.30
2010.11.23 18:17:18.544,1.37581,1.37611,3.10,1.20
2010.11.23 18:17:20.671,1.37581,1.37611,3.10,1.10
2010.11.23 18:17:21.707,1.37571,1.37594,2.00,1.70
2010.11.23 18:17:22.373,1.37561,1.37593,1.70,1.10
2010.11.23 18:17:24.485,1.3757,1.37601,1.10,1.80
2010.11.23 18:17:29.507,1.37574,1.37598,1.50,1.60
2010.11.23 18:17:29.623,1.37563,1.37594,1.70,2.60
2010.11.23 18:17:31.633,1.37563,1.37593,1.50,1.50
2010.11.23 18:17:42.608,1.37563,1.37577,1.50,1.50
2010.11.23 18:17:43.128,1.37562,1.37591,2.50,1.50
2010.11.23 18:17:45.143,1.37559,1.37589,1.50,1.10
2010.11.23 18:17:49.036,1.37562,1.37589,3.20,1.10
2010.11.23 18:17:49.373,1.37568,1.37593,1.60,1.10
2010.11.23 18:17:51.901,1.37568,1.37599,1.50,1.30
2010.11.23 18:17:54.998,1.37566,1.37598,1.50,1.30
2010.11.23 18:17:55.305,1.37564,1.37598,3.90,1.30
2010.11.23 18:17:57.808,1.37561,1.37592,1.50,1.10
2010.11.23 18:18:01.413,1.37561,1.37592,1.50,1.10
2010.11.23 18:18:04.471,1.37561,1.37592,1.50,2.00
2010.11.23 18:18:04.836,1.37556,1.37583,3.20,2.90
2010.11.23 18:18:05.782,1.37555,1.37586,4.70,1.10
2010.11.23 18:18:08.867,1.37555,1.37586,4.80,1.10
2010.11.23 18:18:19.008,1.3756,1.37592,4.90,1.10
2010.11.23 18:18:19.231,1.37558,1.37587,1.50,1.20
2010.11.23 18:18:20.238,1.3756,1.37585,1.70,1.70
2010.11.23 18:18:21.022,1.37571,1.37592,2.60,1.70
2010.11.23 18:18:21.548,1.3758,1.376,1.70,1.10
2010.11.23 18:18:21.661,1.37581,1.37606,1.60,1.50
2010.11.23 18:18:22.534,1.37574,1.37598,1.50,1.20
2010.11.23 18:18:23.977,1.3756,1.37591,2.30,5.00
2010.11.23 18:18:24.089,1.37557,1.37589,3.00,1.30
2010.11.23 18:18:24.198,1.37561,1.37589,2.50,1.10
2010.11.23 18:18:24.706,1.37569,1.37599,2.50,1.10
2010.11.23 18:18:24.835,1.37568,1.37599,4.70,1.10
2010.11.23 18:18:26.279,1.37576,1.37605,1.70,3.20
2010.11.23 18:18:27.979,1.37571,1.37598,4.10,1.50
2010.11.23 18:18:28.087,1.37571,1.37604,4.90,1.10
2010.11.23 18:18:28.490,1.3757,1.37604,1.50,1.30
2010.11.23 18:18:31.796,1.37574,1.37604,1.50,1.40
2010.11.23 18:18:33.836,1.37579,1.37604,1.60,1.10
2010.11.23 18:18:35.946,1.3757,1.37601,1.50,1.50
2010.11.23 18:18:38.064,1.37575,1.37606,1.50,1.10
2010.11.23 18:18:45.058,1.37572,1.37602,1.60,1.10
2010.11.23 18:18:46.230,1.3756,1.37582,1.60,2.50
2010.11.23 18:18:46.735,1.37551,1.37579,3.20,1.90
2010.11.23 18:18:46.849,1.37557,1.37579,1.50,1.90
2010.11.23 18:18:48.165,1.37549,1.37582,4.70,1.30
2010.11.23 18:18:50.687,1.37547,1.3758,1.50,2.00
2010.11.23 18:18:52.467,1.37546,1.37584,1.50,5.80
2010.11.23 18:18:52.687,1.37553,1.37584,1.60,1.10
2010.11.23 18:18:56.326,1.37552,1.37584,2.40,1.10
2010.11.23 18:19:00.165,1.37548,1.37578,1.50,1.10
2010.11.23 18:19:11.438,1.37536,1.37565,1.50,1.10
2010.11.23 18:19:13.966,1.37535,1.3756,3.00,1.70
2010.11.23 18:19:14.297,1.37539,1.37569,1.50,1.10
2010.11.23 18:19:16.579,1.37532,1.37559,1.80,1.10
2010.11.23 18:19:22.680,1.37522,1.37554,1.10,1.10
2010.11.23 18:19:25.412,1.37515,1.37544,1.70,1.10
2010.11.23 18:19:25.857,1.37515,1.37547,1.50,1.10
2010.11.23 18:19:28.263,1.37516,1.37547,1.80,1.10
2010.11.23 18:19:28.980,1.37525,1.37557,2.50,1.60
2010.11.23 18:19:32.481,1.37523,1.37552,1.10,1.10
2010.11.23 18:19:34.902,1.37522,1.37552,1.50,1.10
2010.11.23 18:19:37.151,1.3751,1.37544,4.20,2.30
2010.11.23 18:19:39.406,1.3751,1.37544,1.10,2.30
2010.11.23 18:19:41.855,1.3751,1.37544,2.70,2.40
2010.11.23 18:19:44.527,1.3751,1.37544,1.10,2.30
2010.11.23 18:19:49.696,1.3751,1.37544,4.20,2.30
2010.11.23 18:19:52.634,1.3751,1.37544,4.20,2.30
2010.11.23 18:19:54.835,1.3751,1.37544,4.20,2.40
2010.11.23 18:19:58.065,1.37515,1.37547,5.00,1.10
2010.11.23 18:20:00.357,1.37515,1.37547,5.00,1.10
2010.11.23 18:20:00.468,1.37528,1.37549,1.50,1.50
2010.11.23 18:20:00.581,1.37528,1.37555,1.50,1.50
2010.11.23 18:20:02.690,1.37528,1.37558,1.50,1.30
2010.11.23 18:20:03.041,1.37529,1.37559,1.40,1.10
2010.11.23 18:20:03.477,1.37532,1.37566,1.50,1.10
2010.11.23 18:20:08.111,1.37534,1.37566,1.80,1.10
2010.11.23 18:20:09.279,1.37531,1.37562,3.00,1.10
2010.11.23 18:20:11.947,1.37534,1.37562,1.10,1.80
2010.11.23 18:20:16.111,1.37526,1.37558,2.40,1.10
2010.11.23 18:20:26.547,1.3753,1.37561,1.10,1.10
2010.11.23 18:20:27.018,1.37523,1.37556,1.80,1.10
2010.11.23 18:20:29.913,1.37528,1.37559,1.70,2.00
2010.11.23 18:20:30.033,1.37519,1.37547,1.60,1.10
2010.11.23 18:20:32.716,1.37514,1.37542,3.50,1.10
2010.11.23 18:20:34.281,1.37516,1.37545,1.70,1.10
2010.11.23 18:20:34.412,1.37509,1.37539,3.30,1.10
2010.11.23 18:20:34.911,1.37505,1.37539,1.60,1.10
2010.11.23 18:20:37.953,1.37504,1.37526,3.20,1.10
2010.11.23 18:20:42.780,1.37503,1.37526,1.50,1.10
2010.11.23 18:20:48.527,1.37502,1.37529,3.20,1.10
2010.11.23 18:20:50.569,1.37501,1.37529,1.50,1.10
2010.11.23 18:21:06.556,1.37499,1.37521,1.60,1.10
2010.11.23 18:21:10.797,1.37499,1.37516,1.60,1.10
2010.11.23 18:21:10.906,1.37485,1.37516,1.70,1.10
2010.11.23 18:21:11.458,1.37485,1.37519,3.10,1.10
2010.11.23 18:21:11.830,1.37483,1.37513,1.50,1.10
2010.11.23 18:21:12.388,1.37489,1.37519,1.70,1.10
2010.11.23 18:21:13.388,1.37499,1.37528,1.60,1.80
2010.11.23 18:21:13.718,1.37486,1.37514,1.50,1.10
2010.11.23 18:21:14.376,1.37494,1.37524,3.20,1.10
2010.11.23 18:21:16.701,1.37494,1.37524,2.30,1.10
2010.11.23 18:21:20.135,1.37492,1.3752,1.60,1.10
2010.11.23 18:21:26.326,1.37491,1.3752,4.70,1.10
2010.11.23 18:21:31.687,1.37492,1.3752,1.80,1.10
2010.11.23 18:21:32.201,1.37497,1.37527,1.50,1.10
2010.11.23 18:21:47.677,1.37493,1.37522,1.60,1.90
2010.11.23 18:21:51.827,1.37493,1.37522,1.70,1.90
2010.11.23 18:21:52.616,1.37487,1.37514,1.50,1.70
2010.11.23 18:21:52.948,1.37481,1.37514,1.60,2.70
2010.11.23 18:21:56.129,1.37481,1.37514,1.50,2.70
2010.11.23 18:21:59.052,1.37481,1.37514,1.50,2.70
2010.11.23 18:22:00.799,1.37481,1.37508,1.60,1.10
2010.11.23 18:22:03.462,1.37479,1.37508,3.30,1.10
2010.11.23 18:22:05.527,1.37477,1.37508,1.10,1.10
2010.11.23 18:22:07.597,1.3748,1.37507,1.50,2.40
2010.11.23 18:22:09.825,1.37479,1.37508,5.00,1.10
2010.11.23 18:22:12.066,1.37479,1.37508,5.00,1.10
2010.11.23 18:22:13.476,1.37479,1.37519,5.00,2.80
2010.11.23 18:22:16.955,1.37488,1.37521,1.90,1.50
2010.11.23 18:22:19.615,1.37488,1.37519,1.60,1.50
2010.11.23 18:22:21.637,1.37485,1.37516,3.20,2.00
2010.11.23 18:22:22.329,1.37507,1.37515,3.80,1.50
2010.11.23 18:22:22.439,1.37521,1.37536,1.60,1.50
2010.11.23 18:22:22.657,1.37524,1.3756,1.50,1.50
2010.11.23 18:22:25.819,1.37524,1.37558,1.60,1.50
2010.11.23 18:22:27.975,1.37524,1.37564,1.60,1.90
2010.11.23 18:22:30.397,1.37524,1.37564,1.70,1.90
2010.11.23 18:22:31.538,1.37551,1.37566,1.50,1.30
2010.11.23 18:22:31.980,1.37549,1.37573,3.30,1.90
2010.11.23 18:22:32.106,1.37548,1.37587,1.50,2.00
2010.11.23 18:22:35.005,1.37546,1.37586,1.70,1.90
2010.11.23 18:22:35.792,1.37535,1.37573,1.50,1.90
2010.11.23 18:22:37.037,1.37542,1.37577,1.60,1.60
2010.11.23 18:22:39.138,1.37543,1.37578,1.60,6.00
2010.11.23 18:22:39.597,1.37538,1.37555,1.50,2.40
2010.11.23 18:22:39.938,1.37545,1.37573,1.50,1.10
2010.11.23 18:22:40.366,1.37541,1.37573,1.50,1.10
2010.11.23 18:22:43.083,1.37541,1.37581,1.80,1.60
2010.11.23 18:22:45.095,1.37538,1.37575,1.60,3.50
2010.11.23 18:22:47.237,1.37537,1.37573,1.70,2.70
2010.11.23 18:22:48.657,1.37539,1.37575,1.50,2.00
2010.11.23 18:22:50.724,1.37533,1.37564,1.50,1.80
2010.11.23 18:22:52.189,1.37537,1.37559,3.10,2.60
2010.11.23 18:22:52.300,1.37526,1.37559,2.30,2.60
2010.11.23 18:22:56.810,1.37524,1.37554,1.60,1.70
2010.11.23 18:23:00.217,1.37524,1.37552,1.50,1.80
2010.11.23 18:23:00.439,1.37531,1.37565,1.50,1.10
2010.11.23 18:23:00.660,1.37531,1.37571,4.90,1.50
2010.11.23 18:23:04.010,1.37545,1.37579,1.50,2.90
2010.11.23 18:23:06.992,1.37537,1.37576,1.60,5.00
2010.11.23 18:23:08.539,1.37538,1.37576,1.50,12.10
2010.11.23 18:23:11.408,1.37535,1.3757,1.50,3.70
2010.11.23 18:23:13.485,1.37535,1.37564,1.70,1.10
2010.11.23 18:23:15.568,1.37533,1.37562,1.50,1.80
2010.11.23 18:23:16.786,1.37532,1.37559,1.50,2.60
2010.11.23 18:23:17.116,1.37532,1.37562,1.50,2.60
2010.11.23 18:23:20.970,1.3753,1.37556,1.60,1.10
2010.11.23 18:23:21.297,1.37523,1.37554,1.60,2.30
2010.11.23 18:23:21.762,1.3752,1.37544,1.60,1.10
2010.11.23 18:23:21.885,1.37518,1.3755,1.80,1.10
2010.11.23 18:23:24.127,1.37527,1.37558,1.60,1.10
2010.11.23 18:23:24.647,1.37529,1.37554,2.70,1.50
2010.11.23 18:23:24.762,1.37534,1.37563,1.80,1.10
2010.11.23 18:23:30.006,1.37538,1.37566,1.50,1.50
2010.11.23 18:23:32.025,1.37534,1.37568,1.90,2.30
2010.11.23 18:23:32.248,1.37537,1.37568,1.40,2.30
2010.11.23 18:23:34.477,1.37535,1.37569,1.60,1.10
2010.11.23 18:23:37.467,1.37535,1.37569,1.50,1.30
2010.11.23 18:23:37.907,1.37529,1.37565,2.30,1.40
2010.11.23 18:23:43.018,1.37529,1.37556,1.50,1.10
2010.11.23 18:23:49.177,1.37519,1.37546,1.60,1.10
2010.11.23 18:23:51.218,1.37521,1.3755,1.50,1.10
2010.11.23 18:23:53.776,1.37524,1.37554,1.70,1.10
2010.11.23 18:23:56.525,1.37536,1.37558,1.40,1.10
2010.11.23 18:23:56.858,1.3753,1.37562,2.20,1.10
2010.11.23 18:24:01.056,1.37526,1.37558,1.70,2.60
2010.11.23 18:24:08.700,1.37526,1.37558,1.80,1.10
2010.11.23 18:24:11.584,1.37532,1.37565,1.50,3.30
2010.11.23 18:24:14.977,1.37532,1.37565,1.50,1.80
2010.11.23 18:24:19.088,1.37536,1.37565,1.50,1.80
2010.11.23 18:24:22.941,1.37536,1.37565,1.50,1.80
2010.11.23 18:24:25.323,1.37536,1.37565,1.60,1.70
2010.11.23 18:24:25.922,1.37541,1.37571,1.10,1.10
2010.11.23 18:24:26.038,1.37545,1.37576,1.80,1.10
2010.11.23 18:24:28.110,1.37549,1.37579,1.60,1.60
2010.11.23 18:24:30.403,1.3754,1.3757,1.50,1.40
2010.11.23 18:24:34.342,1.3754,1.3757,1.50,1.10
2010.11.23 18:24:42.652,1.37544,1.37571,1.50,1.60
2010.11.23 18:24:49.419,1.37541,1.37569,1.50,2.00
2010.11.23 18:24:52.766,1.37541,1.37569,1.50,2.00
2010.11.23 18:24:54.620,1.37541,1.37558,1.50,1.70
2010.11.23 18:24:54.957,1.37534,1.37565,1.50,1.10
2010.11.23 18:25:00.039,1.37542,1.37574,1.60,1.10
2010.11.23 18:25:03.024,1.37542,1.37574,1.70,1.10
2010.11.23 18:25:05.478,1.37543,1.37574,1.10,1.10
2010.11.23 18:25:07.488,1.37539,1.37568,1.50,1.90
2010.11.23 18:25:08.949,1.37541,1.37571,5.10,2.40
2010.11.23 18:25:09.058,1.37545,1.37576,1.60,3.90
2010.11.23 18:25:11.550,1.37544,1.37578,2.30,2.00
2010.11.23 18:25:13.848,1.37543,1.37578,1.90,3.50
2010.11.23 18:25:17.709,1.37544,1.37578,1.50,2.00
2010.11.23 18:25:18.185,1.37534,1.37566,1.60,2.30
2010.11.23 18:25:19.539,1.37541,1.37566,1.90,1.80
2010.11.23 18:25:19.651,1.37541,1.37567,2.60,1.60
2010.11.23 18:25:19.770,1.37541,1.37574,3.40,2.70
2010.11.23 18:25:20.132,1.37541,1.37567,1.80,1.50
2010.11.23 18:25:20.892,1.3753,1.37553,1.80,1.10
2010.11.23 18:25:26.782,1.37522,1.37557,3.20,1.10
2010.11.23 18:25:30.876,1.37524,1.37553,1.60,1.10
2010.11.23 18:25:36.638,1.37524,1.37557,1.60,1.10
2010.11.23 18:25:40.147,1.37527,1.37557,3.30,1.10
2010.11.23 18:25:41.600,1.37523,1.37553,1.50,1.10
2010.11.23 18:25:44.198,1.37518,1.3755,2.60,1.10
2010.11.23 18:25:48.136,1.3752,1.37548,1.70,1.30
2010.11.23 18:25:54.226,1.3752,1.37551,2.00,1.10
2010.11.23 18:25:57.442,1.37517,1.37547,1.50,3.40
2010.11.23 18:25:59.519,1.37517,1.37547,1.50,3.20
2010.11.23 18:26:01.996,1.37513,1.37548,1.60,3.00
2010.11.23 18:26:07.286,1.37517,1.37552,1.70,1.20
2010.11.23 18:26:10.036,1.37519,1.37552,5.10,1.10
2010.11.23 18:26:12.987,1.3752,1.37547,1.50,2.70
2010.11.23 18:26:15.088,1.37519,1.37552,2.00,1.20
2010.11.23 18:26:17.736,1.37519,1.37549,3.60,1.10
2010.11.23 18:26:22.598,1.37517,1.37549,2.60,1.10
2010.11.23 18:26:23.677,1.37522,1.37549,1.70,1.10
2010.11.23 18:26:24.029,1.37529,1.37554,1.80,4.10
2010.11.23 18:26:24.145,1.37517,1.37554,1.10,4.10
2010.11.23 18:26:28.041,1.37518,1.37548,3.30,1.10
2010.11.23 18:26:31.606,1.37518,1.37548,4.80,1.10
2010.11.23 18:26:37.378,1.37525,1.37548,2.30,1.10
2010.11.23 18:26:37.936,1.37518,1.37549,8.10,2.00
2010.11.23 18:26:42.257,1.37512,1.37541,2.00,1.10
2010.11.23 18:26:44.548,1.37513,1.37538,1.70,1.10
2010.11.23 18:26:47.171,1.37507,1.37538,2.70,1.10
2010.11.23 18:26:49.676,1.37507,1.37538,2.60,1.10
2010.11.23 18:26:53.356,1.37507,1.37538,4.20,1.10
2010.11.23 18:26:55.417,1.37498,1.37532,12.00,1.50
2010.11.23 18:26:55.526,1.37498,1.37531,4.10,1.80
2010.11.23 18:26:58.151,1.37501,1.37529,1.60,1.10
2010.11.23 18:26:58.270,1.37503,1.37535,1.50,1.10
2010.11.23 18:26:59.740,1.37495,1.37521,6.20,1.60
2010.11.23 18:27:00.067,1.37487,1.3751,2.70,1.50
2010.11.23 18:27:00.178,1.37481,1.3751,1.50,1.50
2010.11.23 18:27:00.851,1.37474,1.37505,1.50,1.50
2010.11.23 18:27:01.512,1.37477,1.37513,1.70,3.40
2010.11.23 18:27:02.677,1.3748,1.37511,1.60,2.60
2010.11.23 18:27:08.337,1.3748,1.37511,1.50,2.80
2010.11.23 18:27:09.068,1.37481,1.37514,1.50,1.90
2010.11.23 18:27:11.180,1.37481,1.37514,1.50,1.50
2010.11.23 18:27:17.087,1.37486,1.37514,1.70,2.60
2010.11.23 18:27:19.166,1.37486,1.37517,1.10,2.30
2010.11.23 18:27:22.470,1.37488,1.37517,1.60,1.50
2010.11.23 18:27:24.638,1.37488,1.37518,3.20,2.60
2010.11.23 18:27:31.790,1.37489,1.37517,1.50,1.10
2010.11.23 18:27:33.667,1.37489,1.3752,2.60,1.10
2010.11.23 18:27:34.345,1.37488,1.37524,1.70,1.10
2010.11.23 18:27:34.790,1.37492,1.37523,1.70,1.10
2010.11.23 18:27:37.927,1.37495,1.37528,1.50,1.10
2010.11.23 18:27:41.561,1.37508,1.37538,1.50,1.10
2010.11.23 18:27:44.517,1.37504,1.37533,1.60,1.50
2010.11.23 18:27:44.956,1.375,1.3753,1.50,2.60
2010.11.23 18:27:48.479,1.37496,1.37528,1.90,2.60
2010.11.23 18:27:51.702,1.37502,1.37528,1.20,1.10
2010.11.23 18:27:53.713,1.37502,1.37536,1.90,1.80
2010.11.23 18:27:59.627,1.37501,1.37529,3.20,1.10
2010.11.23 18:28:01.846,1.37499,1.37529,1.50,1.40
2010.11.23 18:28:02.181,1.37485,1.37519,3.20,1.10
2010.11.23 18:28:04.038,1.37483,1.37515,4.10,1.10
2010.11.23 18:28:04.260,1.37484,1.37515,1.70,1.10
2010.11.23 18:28:04.965,1.37493,1.37523,1.50,1.80
2010.11.23 18:28:05.628,1.37494,1.37528,8.90,1.10
2010.11.23 18:28:23.997,1.37497,1.37526,1.50,1.50
2010.11.23 18:28:24.778,1.37494,1.37522,2.60,1.10
2010.11.23 18:28:24.997,1.37498,1.37527,1.70,2.60
2010.11.23 18:28:26.696,1.37507,1.37535,1.60,2.60
2010.11.23 18:28:26.810,1.37499,1.37529,1.10,1.10
2010.11.23 18:28:33.277,1.37501,1.37529,1.60,1.10
2010.11.23 18:28:35.657,1.37499,1.37533,2.60,2.60
2010.11.23 18:28:41.218,1.37501,1.37533,3.20,2.70
2010.11.23 18:28:48.487,1.37501,1.3753,1.60,2.60
2010.11.23 18:28:51.216,1.37499,1.3753,3.90,2.60
2010.11.23 18:28:53.428,1.37501,1.37529,4.80,1.50
2010.11.23 18:28:57.580,1.37499,1.37529,1.70,2.60
2010.11.23 18:28:57.941,1.37502,1.37529,1.70,1.50
2010.11.23 18:28:58.880,1.37489,1.37519,4.70,1.10
2010.11.23 18:29:02.265,1.37489,1.37521,4.70,2.30
2010.11.23 18:29:11.070,1.37494,1.37521,3.20,1.50
2010.11.23 18:29:14.309,1.37498,1.37527,3.20,2.70
2010.11.23 18:29:16.510,1.37495,1.37527,4.70,2.80
2010.11.23 18:29:17.958,1.37495,1.37519,1.50,1.70
2010.11.23 18:29:18.177,1.37495,1.37527,4.70,2.80
2010.11.23 18:29:23.971,1.37495,1.37527,4.80,2.70
2010.11.23 18:29:26.877,1.37495,1.37527,4.80,2.70
2010.11.23 18:29:28.998,1.37495,1.37527,3.20,2.70
2010.11.23 18:29:32.093,1.37498,1.37527,1.60,2.70
2010.11.23 18:29:37.747,1.37498,1.37527,2.40,2.00
2010.11.23 18:29:38.855,1.37496,1.37522,1.50,2.60
2010.11.23 18:29:38.972,1.37487,1.37522,1.50,3.00
2010.11.23 18:29:39.270,1.37487,1.37511,1.50,1.70
2010.11.23 18:29:39.380,1.37487,1.37518,1.50,1.20
2010.11.23 18:29:40.269,1.37487,1.37521,1.50,2.00
2010.11.23 18:29:42.461,1.37487,1.37519,1.50,1.80
2010.11.23 18:29:46.137,1.37484,1.37511,1.70,1.70
2010.11.23 18:29:52.706,1.37484,1.37511,1.60,1.70
2010.11.23 18:29:56.496,1.37481,1.37511,1.70,2.40
2010.11.23 18:29:56.939,1.37484,1.37504,1.50,1.70
2010.11.23 18:29:57.304,1.37484,1.37511,1.50,1.70
2010.11.23 18:30:00.704,1.37479,1.37508,1.60,1.10
2010.11.23 18:30:00.828,1.37475,1.37502,1.50,1.70
2010.11.23 18:30:02.722,1.37474,1.37506,4.10,3.10
2010.11.23 18:30:03.153,1.37466,1.37492,3.10,1.70
2010.11.23 18:30:05.072,1.37458,1.37479,1.50,1.70
2010.11.23 18:30:05.188,1.37458,1.37489,1.50,2.90
2010.11.23 18:30:07.870,1.37461,1.37493,1.60,1.10
2010.11.23 18:30:11.448,1.37454,1.3748,1.60,1.70
2010.11.23 18:30:11.779,1.37458,1.3748,1.50,1.70
2010.11.23 18:30:15.945,1.37453,1.37482,1.50,1.10
2010.11.23 18:30:17.959,1.37452,1.37487,1.50,1.10
2010.11.23 18:30:23.617,1.37453,1.37481,1.70,1.10
2010.11.23 18:30:25.697,1.37453,1.37486,1.90,1.10
2010.11.23 18:30:29.157,1.37458,1.37487,2.20,1.50
2010.11.23 18:30:33.438,1.37457,1.37485,1.60,1.50
2010.11.23 18:30:37.379,1.37456,1.37483,1.80,1.50
2010.11.23 18:30:40.542,1.37467,1.37486,2.70,1.70
2010.11.23 18:30:40.773,1.37475,1.375,1.40,1.70
2010.11.23 18:30:42.879,1.37479,1.37501,1.50,1.50
2010.11.23 18:30:43.232,1.37469,1.37501,4.90,1.50
2010.11.23 18:30:46.886,1.37469,1.37499,2.60,1.50
2010.11.23 18:30:50.087,1.37469,1.375,2.60,1.10
2010.11.23 18:30:52.937,1.37469,1.375,2.50,1.10
2010.11.23 18:30:59.710,1.37469,1.37498,2.50,1.70
2010.11.23 18:31:01.187,1.37472,1.37505,1.70,1.10
2010.11.23 18:31:01.637,1.37485,1.37512,3.20,1.60
2010.11.23 18:31:01.755,1.37497,1.37514,2.10,1.50
2010.11.23 18:31:02.746,1.3749,1.37512,1.50,1.50
2010.11.23 18:31:03.950,1.37487,1.37509,1.50,1.50
2010.11.23 18:31:05.386,1.37487,1.37517,1.50,2.60
2010.11.23 18:31:07.648,1.37482,1.37511,1.50,5.10
2010.11.23 18:31:07.761,1.37481,1.37508,2.40,2.40
2010.11.23 18:31:07.887,1.37483,1.375,3.20,1.10
2010.11.23 18:31:08.304,1.37472,1.37505,1.50,1.10
2010.11.23 18:31:08.422,1.3748,1.37501,1.60,1.10
2010.11.23 18:31:08.864,1.37476,1.37504,2.30,1.60
2010.11.23 18:31:10.358,1.37485,1.37515,1.50,1.10
2010.11.23 18:31:12.438,1.37492,1.3752,1.60,1.50
2010.11.23 18:31:14.837,1.37489,1.37522,2.30,1.10
2010.11.23 18:31:17.986,1.37495,1.37521,1.60,1.50
2010.11.23 18:31:20.779,1.37491,1.37515,1.50,1.50
2010.11.23 18:31:25.137,1.37486,1.37514,1.50,1.50
2010.11.23 18:31:26.038,1.37478,1.37505,1.50,1.50
2010.11.23 18:31:28.260,1.3747,1.37499,2.40,1.50
2010.11.23 18:31:30.727,1.3747,1.37494,1.70,1.50
2010.11.23 18:31:31.565,1.37481,1.37502,3.90,1.80
2010.11.23 18:31:34.108,1.37477,1.37508,1.50,2.30
2010.11.23 18:31:36.152,1.37477,1.375,1.50,1.50
2010.11.23 18:31:38.578,1.37474,1.37504,1.50,1.50
2010.11.23 18:31:40.719,1.37471,1.375,1.50,1.70
2010.11.23 18:31:46.817,1.37474,1.37502,2.40,1.50
2010.11.23 18:31:49.117,1.37473,1.375,1.50,1.70
2010.11.23 18:31:54.436,1.37473,1.37499,1.50,1.50
2010.11.23 18:31:54.658,1.37471,1.37492,1.50,1.70
2010.11.23 18:31:54.768,1.37471,1.37501,1.60,5.50
2010.11.23 18:31:56.978,1.37477,1.37503,3.10,1.50
2010.11.23 18:32:00.576,1.37477,1.37502,1.50,1.50
2010.11.23 18:32:01.787,1.37469,1.37491,1.50,1.50
2010.11.23 18:32:04.019,1.37469,1.37497,1.50,3.10
2010.11.23 18:32:06.112,1.37469,1.37497,1.50,1.70
2010.11.23 18:32:12.936,1.37472,1.37495,1.50,1.70
2010.11.23 18:32:13.258,1.37474,1.37495,2.30,1.70
2010.11.23 18:32:13.404,1.3748,1.37502,1.50,1.60
2010.11.23 18:32:15.417,1.37465,1.37494,1.50,1.70
2010.11.23 18:32:18.097,1.37465,1.37493,1.50,1.60
2010.11.23 18:32:21.017,1.37465,1.37493,1.50,1.60
2010.11.23 18:32:26.320,1.37465,1.37493,1.50,1.80
2010.11.23 18:32:28.477,1.37465,1.37494,1.50,1.60
2010.11.23 18:32:31.898,1.37465,1.37495,1.50,1.20
2010.11.23 18:32:34.027,1.37465,1.37495,1.50,1.40
2010.11.23 18:32:40.096,1.37465,1.37495,1.50,1.40
2010.11.23 18:32:41.488,1.37465,1.37495,1.50,2.70
2010.11.23 18:32:42.182,1.37475,1.37504,1.50,1.20
2010.11.23 18:32:42.517,1.37464,1.37494,1.50,1.10
2010.11.23 18:32:44.777,1.37464,1.37492,1.50,1.70
2010.11.23 18:32:45.213,1.37457,1.3749,3.30,1.10
2010.11.23 18:32:49.141,1.37468,1.37497,1.60,1.10
2010.11.23 18:32:56.832,1.37467,1.37497,1.60,1.10
2010.11.23 18:33:00.677,1.37463,1.37493,1.50,1.20
2010.11.23 18:33:00.897,1.37456,1.37488,1.60,1.10
2010.11.23 18:33:03.807,1.37452,1.37484,1.60,1.10
2010.11.23 18:33:11.357,1.37453,1.37484,1.60,1.10
2010.11.23 18:33:14.267,1.37453,1.37484,3.90,1.10
2010.11.23 18:33:20.066,1.37457,1.37484,3.30,1.10
2010.11.23 18:33:25.459,1.37457,1.37488,1.80,1.10
2010.11.23 18:33:27.656,1.37467,1.37496,2.40,1.10
2010.11.23 18:33:30.131,1.37467,1.37499,3.90,1.10
2010.11.23 18:33:32.297,1.37477,1.37506,1.70,1.10
2010.11.23 18:33:34.328,1.37482,1.37507,1.60,1.10
2010.11.23 18:33:37.246,1.37473,1.37506,1.50,1.80
2010.11.23 18:33:40.766,1.37474,1.37508,2.40,1.20
2010.11.23 18:33:43.076,1.37478,1.37511,3.10,1.10
2010.11.23 18:33:47.007,1.37483,1.37511,4.00,1.10
2010.11.23 18:33:51.392,1.37482,1.37511,1.60,1.10
2010.11.23 18:33:54.370,1.37476,1.37503,1.70,1.10
2010.11.23 18:33:56.538,1.37476,1.37503,1.80,1.10
2010.11.23 18:33:59.426,1.37473,1.37504,3.30,1.10
2010.11.23 18:34:01.730,1.37473,1.37504,6.90,1.10
2010.11.23 18:34:01.840,1.37473,1.37504,3.30,1.10
2010.11.23 18:34:03.908,1.37479,1.37509,1.50,1.10
2010.11.23 18:34:24.559,1.37478,1.37509,1.70,1.10
2010.11.23 18:34:25.151,1.37488,1.37516,3.20,1.10
2010.11.23 18:34:27.390,1.37487,1.37521,1.70,1.10
2010.11.23 18:34:28.295,1.37486,1.37512,1.50,1.50
2010.11.23 18:34:28.519,1.37479,1.37508,1.50,1.50
2010.11.23 18:34:30.214,1.37485,1.37512,1.80,1.60
2010.11.23 18:34:30.715,1.37489,1.37521,1.80,1.10
2010.11.23 18:34:33.158,1.37488,1.3752,1.50,2.40
2010.11.23 18:34:36.028,1.37481,1.37514,1.60,2.60
2010.11.23 18:34:38.197,1.37481,1.37514,1.80,1.10
2010.11.23 18:34:44.110,1.37482,1.37514,2.50,1.10
2010.11.23 18:34:46.398,1.37482,1.37514,2.70,1.10
2010.11.23 18:34:48.833,1.37482,1.37514,2.40,1.10
2010.11.23 18:34:51.498,1.37481,1.37514,1.70,2.60
2010.11.23 18:34:54.048,1.37482,1.37514,2.50,1.10
2010.11.23 18:35:00.428,1.37484,1.3752,1.70,2.60
2010.11.23 18:35:01.442,1.3749,1.3752,1.20,2.60
2010.11.23 18:35:01.675,1.37502,1.3753,1.70,1.50
2010.11.23 18:35:03.816,1.37506,1.37533,1.50,1.50
2010.11.23 18:35:06.217,1.37506,1.37535,1.60,1.50
2010.11.23 18:35:10.577,1.37501,1.37534,1.70,2.40
2010.11.23 18:35:11.887,1.37497,1.37534,8.40,2.40
2010.11.23 18:35:12.002,1.37496,1.37526,4.80,1.10
2010.11.23 18:35:14.913,1.37498,1.37529,3.20,1.10
2010.11.23 18:35:18.413,1.37498,1.3753,3.90,1.10
2010.11.23 18:35:22.148,1.37497,1.3753,4.70,1.10
2010.11.23 18:35:24.222,1.37497,1.37527,1.60,1.50
2010.11.23 18:35:27.610,1.37497,1.37526,1.60,1.50
2010.11.23 18:35:31.327,1.37497,1.37526,1.60,1.50
2010.11.23 18:35:38.028,1.37497,1.37527,1.60,1.50
2010.11.23 18:35:42.926,1.37497,1.37528,1.60,1.50
2010.11.23 18:35:45.476,1.375,1.3753,1.50,1.10
2010.11.23 18:35:49.337,1.37501,1.37533,1.60,1.10
2010.11.23 18:35:55.176,1.37503,1.37533,1.60,4.20
2010.11.23 18:35:55.507,1.37506,1.37533,1.20,1.10
2010.11.23 18:35:58.032,1.37507,1.37537,2.50,1.10
2010.11.23 18:36:00.399,1.37507,1.37536,1.90,2.60
2010.11.23 18:36:01.707,1.37513,1.37547,1.50,1.10
2010.11.23 18:36:02.917,1.37521,1.37546,1.50,1.50
2010.11.23 18:36:07.466,1.3751,1.37542,2.40,1.10
2010.11.23 18:36:09.613,1.37518,1.3755,1.70,1.80
2010.11.23 18:36:10.418,1.37523,1.3755,3.90,1.20
2010.11.23 18:36:10.997,1.37507,1.37533,3.10,1.70
2010.11.23 18:36:11.114,1.37521,1.37547,1.70,2.40
2010.11.23 18:36:11.232,1.37521,1.37548,3.20,1.10
2010.11.23 18:36:13.330,1.37518,1.37552,1.50,1.10
2010.11.23 18:36:15.369,1.37511,1.37541,1.50,1.90
2010.11.23 18:36:15.639,1.37511,1.37541,1.50,2.60
2010.11.23 18:36:18.499,1.37511,1.37541,2.30,1.10
2010.11.23 18:36:20.598,1.3751,1.37541,1.50,1.10
2010.11.23 18:36:31.048,1.3751,1.37541,2.40,1.10
2010.11.23 18:36:31.159,1.37519,1.3755,1.50,2.60
2010.11.23 18:36:35.509,1.37515,1.37544,1.50,1.10
2010.11.23 18:36:38.209,1.37512,1.3754,1.50,1.10
2010.11.23 18:36:38.317,1.37512,1.37532,1.50,1.60
2010.11.23 18:36:38.537,1.37501,1.37532,1.70,4.30
2010.11.23 18:36:45.597,1.37502,1.37532,1.50,1.10
2010.11.23 18:36:48.897,1.37501,1.3753,1.60,1.10
2010.11.23 18:36:50.942,1.37498,1.37528,1.50,1.60
2010.11.23 18:36:51.062,1.37498,1.37528,1.70,3.20
2010.11.23 18:36:51.539,1.37507,1.37537,1.50,1.50
2010.11.23 18:36:52.772,1.37495,1.37529,3.90,1.80
2010.11.23 18:36:53.220,1.37488,1.37523,1.50,1.90
2010.11.23 18:36:54.218,1.37492,1.37522,2.40,1.10
2010.11.23 18:36:58.386,1.37494,1.37525,1.50,2.70
2010.11.23 18:37:07.538,1.37489,1.37521,1.50,1.50
2010.11.23 18:37:12.570,1.37489,1.37523,1.60,1.10
2010.11.23 18:37:20.003,1.37493,1.37523,1.50,2.70
2010.11.23 18:37:22.208,1.37493,1.37523,1.60,1.10
2010.11.23 18:37:25.026,1.37496,1.37526,1.70,1.10
2010.11.23 18:37:28.093,1.37499,1.37532,1.60,1.10
2010.11.23 18:37:31.367,1.37503,1.37536,1.50,1.20
2010.11.23 18:37:49.578,1.37499,1.37531,1.60,1.10
2010.11.23 18:37:58.404,1.37495,1.37526,1.50,1.60
2010.11.23 18:38:01.728,1.37486,1.37517,1.50,1.10
2010.11.23 18:38:06.098,1.37485,1.37518,1.60,1.10
2010.11.23 18:38:13.220,1.37494,1.37525,1.50,1.10
2010.11.23 18:38:15.548,1.37496,1.37529,1.60,1.10
2010.11.23 18:38:18.170,1.37502,1.37532,1.70,1.10
2010.11.23 18:38:25.008,1.37501,1.37532,2.40,1.10
2010.11.23 18:38:32.749,1.37504,1.37532,1.50,1.70
2010.11.23 18:38:34.928,1.37504,1.37536,1.70,1.10
2010.11.23 18:38:46.608,1.37501,1.37536,2.40,2.60
2010.11.23 18:38:55.083,1.375,1.37528,2.00,1.10
2010.11.23 18:38:57.239,1.37496,1.37529,1.50,1.10
2010.11.23 18:39:00.378,1.37496,1.37529,1.50,1.20
2010.11.23 18:39:05.681,1.37497,1.37525,1.60,1.10
2010.11.23 18:39:11.448,1.37493,1.37526,5.00,1.10
2010.11.23 18:39:16.066,1.37493,1.37525,5.00,1.50
2010.11.23 18:39:17.215,1.37486,1.37513,3.10,1.50
2010.11.23 18:39:19.219,1.37486,1.37514,1.50,1.50
2010.11.23 18:39:20.401,1.3748,1.3751,1.60,2.80
2010.11.23 18:39:20.745,1.37474,1.37503,1.50,1.10
2010.11.23 18:39:24.759,1.37475,1.37505,4.70,1.50
2010.11.23 18:39:28.600,1.37475,1.37504,4.70,1.50
2010.11.23 18:39:30.829,1.37475,1.37506,4.70,1.60
2010.11.23 18:39:33.359,1.37475,1.37505,3.20,1.50
2010.11.23 18:39:36.591,1.37471,1.37502,1.60,1.10
2010.11.23 18:39:41.960,1.37466,1.37499,1.70,1.10
2010.11.23 18:39:46.629,1.37466,1.37499,1.60,1.30
2010.11.23 18:39:48.890,1.37462,1.37495,1.80,1.10
2010.11.23 18:39:55.063,1.37462,1.37494,1.50,2.50
2010.11.23 18:40:03.730,1.37462,1.37493,1.50,2.50
2010.11.23 18:40:08.460,1.37459,1.37489,3.40,1.10
2010.11.23 18:40:12.330,1.37464,1.37494,1.60,1.10
2010.11.23 18:40:16.076,1.37464,1.37499,2.40,1.20
2010.11.23 18:40:16.204,1.37469,1.37499,1.50,1.10
2010.11.23 18:40:16.874,1.37465,1.37499,2.30,1.10
2010.11.23 18:40:20.588,1.37463,1.37492,1.60,1.10
2010.11.23 18:40:22.890,1.37464,1.37492,1.60,1.10
2010.11.23 18:40:25.128,1.37464,1.37492,3.10,1.10
2010.11.23 18:40:33.201,1.37465,1.37492,3.50,1.10
2010.11.23 18:40:37.143,1.37466,1.37496,1.70,1.10
2010.11.23 18:40:47.235,1.37466,1.37496,2.50,1.10
2010.11.23 18:40:54.471,1.3747,1.37499,1.70,1.50
2010.11.23 18:40:57.310,1.37471,1.375,1.70,1.50
2010.11.23 18:41:01.598,1.3747,1.37499,1.70,1.50
2010.11.23 18:41:03.889,1.3747,1.37501,1.70,2.30
2010.11.23 18:41:22.861,1.3747,1.37502,1.70,1.10
2010.11.23 18:41:25.060,1.37476,1.37504,1.50,1.70
2010.11.23 18:41:27.431,1.37476,1.37506,1.50,1.40
2010.11.23 18:41:31.729,1.37476,1.37506,1.50,1.20
2010.11.23 18:41:33.761,1.37476,1.37503,1.50,1.90
2010.11.23 18:41:34.532,1.37476,1.37497,3.10,1.90
2010.11.23 18:41:35.536,1.37476,1.37504,1.60,1.80
2010.11.23 18:41:35.906,1.37475,1.37506,1.70,1.10
2010.11.23 18:41:37.043,1.37484,1.37506,1.50,1.10
2010.11.23 18:41:37.371,1.37484,1.37517,1.80,1.50
2010.11.23 18:41:39.563,1.3748,1.37513,1.50,1.10
2010.11.23 18:41:40.332,1.37476,1.3751,1.50,1.10
2010.11.23 18:41:42.760,1.37477,1.37505,1.50,1.50
2010.11.23 18:41:49.629,1.37477,1.37506,1.50,2.60
2010.11.23 18:41:52.621,1.37477,1.37506,3.10,2.60
2010.11.23 18:41:57.706,1.37477,1.37506,1.50,2.60
2010.11.23 18:42:02.842,1.37477,1.37506,1.50,1.10
2010.11.23 18:42:03.834,1.3747,1.37503,1.60,2.90
2010.11.23 18:42:04.061,1.37469,1.37502,1.70,1.50
2010.11.23 18:42:06.233,1.37469,1.37502,4.70,1.90
2010.11.23 18:42:08.423,1.37469,1.37502,2.40,2.60
2010.11.23 18:42:10.452,1.37459,1.37489,1.50,1.10
2010.11.23 18:42:14.241,1.37454,1.37482,1.80,1.10
2010.11.23 18:42:14.940,1.37453,1.37484,1.60,1.10
2010.11.23 18:42:17.573,1.37448,1.37477,3.40,1.10
2010.11.23 18:42:29.199,1.37443,1.37472,3.20,1.10
2010.11.23 18:42:32.321,1.37442,1.37471,1.50,1.70
2010.11.23 18:42:32.543,1.37435,1.37463,1.50,1.70
2010.11.23 18:42:33.494,1.37441,1.37463,1.70,1.70
2010.11.23 18:42:33.939,1.37441,1.37474,1.50,1.70
2010.11.23 18:42:34.162,1.37441,1.37474,1.50,1.70
2010.11.23 18:42:38.269,1.37445,1.37475,1.60,1.10
2010.11.23 18:42:40.540,1.3744,1.37472,1.60,1.30
2010.11.23 18:42:41.091,1.3744,1.37472,1.60,2.80
2010.11.23 18:42:41.548,1.37444,1.37471,1.50,1.30
2010.11.23 18:42:46.773,1.37441,1.37471,1.50,1.40
2010.11.23 18:42:49.129,1.37441,1.37471,1.50,1.30
2010.11.23 18:42:52.270,1.37441,1.37471,1.50,1.30
2010.11.23 18:42:53.613,1.37441,1.37471,1.70,1.30
2010.11.23 18:42:53.836,1.37449,1.37479,1.90,1.20
2010.11.23 18:42:54.262,1.37442,1.37473,3.40,1.50
2010.11.23 18:42:54.372,1.37441,1.3747,3.30,1.50
2010.11.23 18:42:56.023,1.37451,1.37474,1.60,1.10
2010.11.23 18:42:56.465,1.37455,1.3748,1.60,1.50
2010.11.23 18:42:59.612,1.3746,1.37487,1.60,3.20
2010.11.23 18:42:59.837,1.37449,1.3748,2.40,1.10
2010.11.23 18:43:03.597,1.37458,1.37487,1.60,1.10
2010.11.23 18:43:08.497,1.37457,1.37488,2.40,1.80
2010.11.23 18:43:11.788,1.37459,1.37488,1.50,1.50
2010.11.23 18:43:14.341,1.37457,1.37487,1.50,1.10
2010.11.23 18:43:17.509,1.37457,1.37486,1.50,1.50
2010.11.23 18:43:19.847,1.37467,1.37492,1.50,2.30
2010.11.23 18:43:19.965,1.37463,1.37497,1.10,2.40
2010.11.23 18:43:22.051,1.37467,1.37493,1.60,1.10
2010.11.23 18:43:25.021,1.37467,1.37497,4.90,1.10
2010.11.23 18:43:29.170,1.37471,1.37503,1.50,1.20
2010.11.23 18:43:36.080,1.37471,1.37503,1.50,1.30
2010.11.23 18:43:38.243,1.37471,1.37503,1.50,1.40
2010.11.23 18:43:40.960,1.37471,1.37503,1.50,2.60
2010.11.23 18:43:43.019,1.37471,1.37503,1.50,2.60
2010.11.23 18:43:46.065,1.37471,1.37503,1.50,1.20
2010.11.23 18:43:46.404,1.37466,1.37494,1.50,2.40
2010.11.23 18:43:46.524,1.3746,1.37489,1.50,1.10
2010.11.23 18:43:48.573,1.37463,1.37493,1.90,1.10
2010.11.23 18:43:48.791,1.37467,1.37497,2.50,1.10
2010.11.23 18:43:55.851,1.37477,1.37506,1.50,1.50
2010.11.23 18:43:59.722,1.37482,1.37507,3.90,1.50
2010.11.23 18:44:02.355,1.37482,1.37513,1.50,2.60
2010.11.23 18:44:07.359,1.37482,1.37509,1.50,1.50
2010.11.23 18:44:14.126,1.37479,1.37509,1.50,1.60
2010.11.23 18:44:22.972,1.37479,1.37505,1.50,1.80
2010.11.23 18:44:25.467,1.37466,1.37499,4.70,1.10
2010.11.23 18:44:30.021,1.37467,1.375,2.50,1.20
2010.11.23 18:44:32.340,1.37472,1.37502,1.50,1.10
2010.11.23 18:44:36.357,1.37479,1.37509,3.10,1.10
2010.11.23 18:44:41.130,1.37479,1.37504,1.50,2.00
2010.11.23 18:44:45.084,1.37475,1.37502,1.50,1.60
2010.11.23 18:44:52.220,1.37475,1.37504,3.20,1.70
2010.11.23 18:45:03.446,1.37477,1.37504,1.60,1.70
2010.11.23 18:45:06.182,1.37475,1.37501,1.50,1.60
2010.11.23 18:45:08.380,1.37475,1.37492,1.50,1.50
2010.11.23 18:45:08.490,1.37466,1.37492,1.50,1.50
2010.11.23 18:45:10.512,1.37464,1.37494,1.70,1.90
2010.11.23 18:45:12.745,1.37468,1.37491,1.50,1.70
2010.11.23 18:45:13.193,1.37465,1.37494,1.70,2.40
2010.11.23 18:45:15.509,1.37469,1.37491,1.50,1.50
2010.11.23 18:45:18.790,1.37465,1.37492,1.50,1.50
2010.11.23 18:45:29.139,1.37465,1.37493,1.50,1.50
2010.11.23 18:45:33.095,1.37465,1.37491,1.50,1.50
2010.11.23 18:45:42.897,1.3747,1.37496,1.50,1.50
2010.11.23 18:45:47.735,1.37463,1.37492,3.50,1.10
2010.11.23 18:45:47.973,1.37467,1.37493,1.10,1.50
2010.11.23 18:45:50.072,1.37471,1.37499,2.60,1.10
2010.11.23 18:45:50.578,1.37467,1.37497,3.90,1.50
2010.11.23 18:45:52.801,1.37466,1.37496,1.50,1.50
2010.11.23 18:45:54.204,1.3747,1.37505,1.50,1.50
2010.11.23 18:45:54.421,1.37476,1.37505,1.50,1.50
2010.11.23 18:45:59.312,1.37476,1.37504,1.60,1.50
2010.11.23 18:46:02.534,1.37473,1.37502,1.70,1.50
2010.11.23 18:46:07.011,1.37467,1.3749,4.20,1.50
2010.11.23 18:46:09.462,1.37463,1.3749,1.80,1.50
2010.11.23 18:46:09.572,1.37466,1.37497,1.60,1.60
2010.11.23 18:46:12.252,1.37479,1.37497,1.70,1.60
2010.11.23 18:46:12.472,1.3748,1.37506,3.40,1.50
2010.11.23 18:46:12.583,1.3748,1.37513,1.80,1.10
2010.11.23 18:46:14.624,1.37484,1.37512,2.00,1.50
2010.11.23 18:46:17.594,1.37486,1.37515,1.90,1.50
2010.11.23 18:46:19.978,1.3748,1.37513,3.20,1.10
2010.11.23 18:46:22.449,1.3748,1.3751,3.20,1.60
2010.11.23 18:46:24.689,1.3748,1.37509,1.50,1.10
2010.11.23 18:46:28.670,1.37477,1.37508,1.50,2.30
2010.11.23 18:46:32.122,1.37477,1.37508,1.70,2.30
2010.11.23 18:46:34.966,1.37477,1.37506,1.50,1.50
2010.11.23 18:46:37.944,1.37484,1.37512,1.50,1.50
2010.11.23 18:46:43.310,1.37484,1.37513,1.50,1.60
2010.11.23 18:46:45.580,1.37487,1.37516,1.50,1.50
2010.11.23 18:46:45.911,1.37492,1.37516,1.70,1.50
2010.11.23 18:46:47.960,1.37494,1.37523,3.40,1.10
2010.11.23 18:46:48.420,1.37494,1.37518,3.20,2.80
2010.11.23 18:46:48.789,1.37486,1.37513,1.60,1.50
2010.11.23 18:46:53.543,1.3749,1.37519,2.60,2.30
2010.11.23 18:46:59.241,1.37496,1.37522,1.50,1.10
2010.11.23 18:46:59.761,1.37486,1.37518,1.50,2.40
2010.11.23 18:47:04.932,1.37486,1.37517,1.60,1.50
2010.11.23 18:47:07.553,1.37487,1.37513,1.50,1.50
2010.11.23 18:47:10.415,1.37484,1.37513,1.50,1.50
2010.11.23 18:47:16.432,1.37484,1.37515,1.80,1.10
2010.11.23 18:47:21.611,1.37489,1.37517,1.50,1.50
2010.11.23 18:47:22.705,1.37489,1.37509,1.50,1.70
2010.11.23 18:47:25.451,1.37489,1.37517,3.20,1.50
2010.11.23 18:47:31.043,1.37489,1.37515,1.50,1.50
2010.11.23 18:47:31.784,1.37489,1.37509,1.50,1.70
2010.11.23 18:47:34.063,1.37489,1.37517,1.50,1.80
2010.11.23 18:47:36.881,1.37489,1.37518,3.10,1.50
2010.11.23 18:47:40.889,1.37489,1.37516,1.50,1.70
2010.11.23 18:47:46.131,1.37487,1.37507,1.50,1.70
2010.11.23 18:47:47.644,1.37483,1.37504,1.50,1.70
2010.11.23 18:47:50.000,1.37476,1.37504,1.50,1.70
2010.11.23 18:47:50.509,1.37476,1.37486,1.50,1.70
2010.11.23 18:47:50.623,1.37465,1.37489,1.50,1.70
2010.11.23 18:47:51.212,1.3747,1.37496,1.70,1.70
2010.11.23 18:47:51.430,1.3747,1.37506,1.70,3.90
2010.11.23 18:47:54.451,1.3748,1.37511,1.60,2.40
2010.11.23 18:47:54.564,1.3748,1.375,1.60,1.70
2010.11.23 18:47:56.613,1.37484,1.3751,3.20,2.40
2010.11.23 18:48:00.171,1.37484,1.37507,3.10,1.70
2010.11.23 18:48:00.652,1.37488,1.37516,1.70,1.70
2010.11.23 18:48:00.870,1.37489,1.37516,2.60,1.70
2010.11.23 18:48:03.921,1.37496,1.37514,1.50,1.70
2010.11.23 18:48:04.843,1.37487,1.37503,1.60,1.70
2010.11.23 18:48:04.951,1.37487,1.37512,1.60,1.70
2010.11.23 18:48:08.031,1.37491,1.37511,1.50,1.50
2010.11.23 18:48:08.516,1.37475,1.37497,1.70,1.70
2010.11.23 18:48:11.021,1.37475,1.37497,1.50,1.70
2010.11.23 18:48:11.131,1.37475,1.3749,1.50,1.70
2010.11.23 18:48:13.280,1.37475,1.37492,1.50,1.70
2010.11.23 18:48:14.847,1.37465,1.37471,1.20,1.70
2010.11.23 18:48:15.196,1.37462,1.37485,1.70,1.70
2010.11.23 18:48:15.425,1.37461,1.37487,1.50,1.70
2010.11.23 18:48:15.542,1.37461,1.37478,1.50,1.70
2010.11.23 18:48:16.046,1.3746,1.37488,1.50,1.70
2010.11.23 18:48:16.164,1.37457,1.37472,3.10,1.70
2010.11.23 18:48:18.429,1.37456,1.37477,1.70,1.70
2010.11.23 18:48:20.232,1.37459,1.37485,1.10,1.70
2010.11.23 18:48:20.562,1.37458,1.37477,5.00,1.70
2010.11.23 18:48:21.002,1.37461,1.37477,1.10,1.70
2010.11.23 18:48:21.111,1.37461,1.37484,1.10,1.70
2010.11.23 18:48:21.332,1.37458,1.37477,3.40,1.70
2010.11.23 18:48:23.702,1.37458,1.37477,1.80,1.70
2010.11.23 18:48:25.972,1.37458,1.37477,5.00,1.70
2010.11.23 18:48:26.304,1.37462,1.37485,1.70,1.70
2010.11.23 18:48:27.072,1.37462,1.37477,1.50,1.70
2010.11.23 18:48:31.195,1.37453,1.37468,1.60,1.70
2010.11.23 18:48:31.680,1.37445,1.37467,2.30,1.70
2010.11.23 18:48:31.859,1.37451,1.37467,1.70,1.70
2010.11.23 18:48:31.989,1.37458,1.37484,1.60,2.70
2010.11.23 18:48:34.014,1.3746,1.3749,1.50,1.70
2010.11.23 18:48:34.408,1.37457,1.3748,4.10,1.70
2010.11.23 18:48:34.969,1.37451,1.3748,3.10,2.80
2010.11.23 18:48:35.093,1.37447,1.37471,1.50,1.70
2010.11.23 18:48:35.601,1.37446,1.37471,2.50,1.70
2010.11.23 18:48:36.066,1.37457,1.37481,1.10,2.00
2010.11.23 18:48:36.184,1.37461,1.37486,1.80,1.10
2010.11.23 18:48:36.295,1.37462,1.37487,1.70,1.10
2010.11.23 18:48:39.271,1.37465,1.37491,3.40,1.10
2010.11.23 18:48:42.217,1.3746,1.37485,3.20,1.70
2010.11.23 18:48:42.563,1.3746,1.37492,2.60,2.00
2010.11.23 18:48:43.481,1.37466,1.37492,1.10,1.70
2010.11.23 18:48:44.030,1.37489,1.3751,3.20,1.50
2010.11.23 18:48:46.721,1.37485,1.37513,1.80,1.70
2010.11.23 18:48:46.941,1.37484,1.37504,1.60,1.70
2010.11.23 18:48:47.052,1.37478,1.37499,1.70,1.70
2010.11.23 18:48:47.380,1.37478,1.37508,1.50,2.40
2010.11.23 18:48:49.893,1.37472,1.37499,1.60,1.70
2010.11.23 18:48:50.001,1.37471,1.37499,1.60,1.70
2010.11.23 18:48:50.931,1.37471,1.37481,1.50,1.70
2010.11.23 18:48:51.043,1.37464,1.37481,1.50,1.70
2010.11.23 18:48:52.719,1.37454,1.37475,3.00,1.70
2010.11.23 18:48:52.831,1.37453,1.37475,3.00,1.70
2010.11.23 18:48:52.941,1.37454,1.37475,2.70,1.70
2010.11.23 18:48:53.052,1.37459,1.37485,4.00,1.10
2010.11.23 18:48:53.271,1.37465,1.37495,1.70,1.10
2010.11.23 18:48:56.820,1.3747,1.37496,1.90,1.70
2010.11.23 18:49:00.051,1.37473,1.37491,1.50,1.70
2010.11.23 18:49:02.228,1.37469,1.37491,1.50,1.70
2010.11.23 18:49:04.792,1.37469,1.37492,4.70,1.70
2010.11.23 18:49:07.984,1.3747,1.375,1.70,3.20
2010.11.23 18:49:11.070,1.37473,1.37499,1.50,1.50
2010.11.23 18:49:15.726,1.37469,1.37501,3.10,2.50
2010.11.23 18:49:17.971,1.37469,1.375,3.10,1.60
2010.11.23 18:49:20.240,1.37469,1.37498,1.50,1.60
2010.11.23 18:49:20.792,1.37462,1.37494,1.50,1.10
2010.11.23 18:49:21.953,1.37458,1.37491,2.50,2.60
2010.11.23 18:49:22.850,1.37458,1.37491,1.70,1.70
2010.11.23 18:49:26.292,1.37458,1.37489,1.10,1.10
2010.11.23 18:49:28.732,1.37451,1.37483,3.90,1.50
2010.11.23 18:49:30.747,1.37451,1.37485,5.00,2.70
2010.11.23 18:49:32.951,1.37455,1.3748,1.50,1.70
2010.11.23 18:49:35.011,1.37455,1.37484,1.70,1.50
2010.11.23 18:49:37.610,1.37455,1.37486,1.50,1.70
2010.11.23 18:49:39.721,1.37459,1.37491,1.50,1.50
2010.11.23 18:49:42.791,1.37462,1.37491,1.50,1.60
2010.11.23 18:49:44.809,1.37458,1.37485,1.50,1.70
2010.11.23 18:49:45.325,1.37444,1.37478,3.10,1.60
2010.11.23 18:49:47.503,1.37449,1.37475,3.20,1.10
2010.11.23 18:49:51.653,1.3745,1.37483,1.60,2.60
2010.11.23 18:49:54.679,1.3745,1.37483,1.50,2.60
2010.11.23 18:49:56.270,1.37453,1.37477,1.50,1.70
2010.11.23 18:49:58.961,1.37451,1.37482,1.60,2.40
2010.11.23 18:50:01.290,1.37449,1.37482,3.20,2.40
2010.11.23 18:50:03.437,1.37449,1.37481,1.70,1.60
2010.11.23 18:50:04.242,1.3745,1.37486,2.60,2.10
2010.11.23 18:50:04.703,1.37456,1.37487,1.60,1.70
2010.11.23 18:50:06.972,1.37466,1.37495,1.50,1.70
2010.11.23 18:50:08.133,1.37466,1.37493,1.50,1.70
2010.11.23 18:50:09.182,1.37462,1.37491,1.50,3.20
2010.11.23 18:50:11.633,1.37466,1.37493,1.50,3.30
2010.11.23 18:50:14.110,1.37462,1.37492,1.50,2.70
2010.11.23 18:50:16.204,1.3746,1.37491,1.50,1.70
2010.11.23 18:50:18.640,1.37459,1.37489,1.60,1.50
2010.11.23 18:50:23.841,1.37455,1.37483,1.50,1.70
2010.11.23 18:50:26.408,1.37458,1.37489,3.30,1.70
2010.11.23 18:50:28.627,1.37458,1.3749,3.50,1.50
2010.11.23 18:50:31.615,1.37468,1.37498,1.50,2.60
2010.11.23 18:50:33.721,1.37464,1.3749,1.50,3.20
2010.11.23 18:50:35.974,1.37466,1.37495,1.60,1.90
2010.11.23 18:50:38.376,1.37462,1.3749,1.50,2.60
2010.11.23 18:50:40.950,1.37466,1.37496,1.50,1.50
2010.11.23 18:50:43.453,1.37468,1.375,2.40,2.40
2010.11.23 18:50:45.630,1.3748,1.37507,1.50,1.50
2010.11.23 18:50:47.652,1.37482,1.37509,1.50,1.50
2010.11.23 18:50:50.131,1.37491,1.37513,1.50,1.50
2010.11.23 18:50:50.655,1.37474,1.37497,1.50,1.50
2010.11.23 18:50:53.374,1.37469,1.37499,2.40,2.30
2010.11.23 18:50:55.568,1.37475,1.37501,1.50,1.70
2010.11.23 18:50:57.355,1.37476,1.37498,3.20,1.50
2010.11.23 18:50:57.931,1.37462,1.37498,1.50,2.30
2010.11.23 18:51:00.394,1.37468,1.37499,1.50,1.60
2010.11.23 18:51:03.075,1.37472,1.37501,1.60,2.30
2010.11.23 18:51:05.886,1.37472,1.37499,1.50,1.50
2010.11.23 18:51:08.303,1.37465,1.3749,1.80,1.70
2010.11.23 18:51:12.212,1.37459,1.37483,1.50,1.80
2010.11.23 18:51:14.330,1.37459,1.37481,1.50,1.70
2010.11.23 18:51:16.434,1.37454,1.37482,1.50,1.60
2010.11.23 18:51:19.660,1.37451,1.37482,1.50,5.90
2010.11.23 18:51:23.470,1.37447,1.37476,1.50,1.80
2010.11.23 18:51:25.480,1.37445,1.37475,4.70,1.10
2010.11.23 18:51:28.714,1.37445,1.37476,3.90,2.80
2010.11.23 18:51:33.481,1.37448,1.37475,1.50,1.80
2010.11.23 18:51:35.721,1.37448,1.37475,1.50,1.70
2010.11.23 18:51:36.331,1.37452,1.37482,1.50,1.10
2010.11.23 18:51:36.442,1.37457,1.37483,1.50,1.70
2010.11.23 18:51:36.955,1.37457,1.37483,1.50,2.20
2010.11.23 18:51:37.076,1.37451,1.37477,1.60,1.30
2010.11.23 18:51:39.084,1.37449,1.37476,1.60,1.50
2010.11.23 18:51:41.161,1.37445,1.3748,1.50,2.00
2010.11.23 18:51:41.600,1.37451,1.37484,2.40,1.70
2010.11.23 18:51:44.082,1.37463,1.3749,1.50,1.80
2010.11.23 18:51:46.210,1.37471,1.37497,1.50,1.70
2010.11.23 18:51:48.531,1.37467,1.37493,1.50,2.00
2010.11.23 18:51:52.070,1.37467,1.37494,1.50,1.70
2010.11.23 18:52:03.509,1.37467,1.37493,1.50,1.60
2010.11.23 18:52:05.821,1.37471,1.37501,1.50,1.60
2010.11.23 18:52:07.143,1.37475,1.37506,1.50,2.50
2010.11.23 18:52:07.473,1.37467,1.37483,1.90,1.70
2010.11.23 18:52:07.692,1.37467,1.37491,1.50,3.20
2010.11.23 18:52:10.971,1.37467,1.37493,1.50,3.20
2010.11.23 18:52:13.070,1.37467,1.37496,1.50,1.80
2010.11.23 18:52:20.671,1.37467,1.37488,1.50,1.70
2010.11.23 18:52:21.002,1.3746,1.37483,1.50,1.70
2010.11.23 18:52:21.337,1.3746,1.37491,1.50,3.40
2010.11.23 18:52:24.564,1.37465,1.37496,1.50,1.20
2010.11.23 18:52:33.164,1.37465,1.37497,1.50,2.00
2010.11.23 18:52:36.151,1.3747,1.37502,3.90,1.10
2010.11.23 18:52:37.473,1.3746,1.37494,6.30,1.10
2010.11.23 18:52:40.447,1.37472,1.37502,4.70,1.10
2010.11.23 18:52:51.452,1.37472,1.37502,1.50,1.10
2010.11.23 18:52:56.203,1.37472,1.37502,1.90,1.10
2010.11.23 18:52:59.137,1.37479,1.37508,4.10,1.10
2010.11.23 18:52:59.568,1.37482,1.37514,2.40,1.10
2010.11.23 18:53:01.672,1.37484,1.37511,1.50,1.60
2010.11.23 18:53:03.868,1.37484,1.37515,1.60,2.60
2010.11.23 18:53:06.446,1.37487,1.37518,1.50,1.10
2010.11.23 18:53:08.778,1.37484,1.37513,1.50,1.10
2010.11.23 18:53:08.892,1.37477,1.37508,2.60,2.70
2010.11.23 18:53:13.487,1.37476,1.37508,1.50,1.10
2010.11.23 18:53:18.196,1.37473,1.37505,1.70,1.10
2010.11.23 18:53:23.440,1.37478,1.37508,1.50,2.80
2010.11.23 18:53:26.201,1.37478,1.37508,1.50,2.80
2010.11.23 18:53:32.189,1.37478,1.37508,1.50,2.80
2010.11.23 18:53:33.884,1.37478,1.37504,1.50,1.90
2010.11.23 18:53:34.813,1.37486,1.37515,4.10,1.20
2010.11.23 18:53:35.268,1.37486,1.37513,1.60,1.10
2010.11.23 18:53:36.743,1.3749,1.3751,3.20,1.10
2010.11.23 18:53:39.342,1.3749,1.37519,3.20,1.10
2010.11.23 18:53:40.220,1.37492,1.37521,1.50,1.10
2010.11.23 18:53:52.493,1.37492,1.37521,1.50,1.30
2010.11.23 18:53:55.983,1.37486,1.37517,1.60,1.10
2010.11.23 18:53:59.770,1.37491,1.3752,3.20,1.10
2010.11.23 18:54:02.244,1.37491,1.37515,3.20,1.10
2010.11.23 18:54:08.413,1.37487,1.37519,1.50,1.10
2010.11.23 18:54:11.233,1.37484,1.37515,4.70,1.10
2010.11.23 18:54:14.140,1.37484,1.37515,1.50,1.10
2010.11.23 18:54:14.711,1.37484,1.37514,1.50,2.30
2010.11.23 18:54:15.251,1.37481,1.37515,1.50,1.10
2010.11.23 18:54:17.288,1.37477,1.37509,1.60,1.10
2010.11.23 18:54:19.371,1.37472,1.37501,4.70,2.10
2010.11.23 18:54:41.514,1.37472,1.37503,2.40,3.80
2010.11.23 18:54:41.965,1.37466,1.3749,3.20,1.70
2010.11.23 18:54:42.183,1.37467,1.37501,1.80,2.80
2010.11.23 18:54:42.293,1.37472,1.37501,1.70,1.10
2010.11.23 18:54:44.576,1.37475,1.37505,1.50,1.10
2010.11.23 18:54:46.595,1.37475,1.37505,1.50,1.10
2010.11.23 18:54:50.689,1.37475,1.37505,1.50,1.10
2010.11.23 18:54:53.921,1.37475,1.37505,1.50,1.10
2010.11.23 18:54:59.821,1.37475,1.37505,1.50,1.10
2010.11.23 18:55:03.213,1.37477,1.37505,1.60,1.10
2010.11.23 18:55:06.125,1.37474,1.37509,1.50,1.10
2010.11.23 18:55:08.225,1.37479,1.37509,1.50,2.90
2010.11.23 18:55:09.133,1.3747,1.375,1.50,1.80
2010.11.23 18:55:11.693,1.3747,1.375,1.50,1.80
2010.11.23 18:55:17.013,1.3747,1.375,1.50,1.80
2010.11.23 18:55:17.356,1.3747,1.3749,1.50,1.90
2010.11.23 18:55:17.464,1.37464,1.3749,1.50,2.00
2010.11.23 18:55:17.992,1.37467,1.375,1.70,1.10
2010.11.23 18:55:20.463,1.37468,1.375,3.20,1.10
2010.11.23 18:55:27.724,1.3747,1.375,1.80,1.10
2010.11.23 18:55:30.966,1.37478,1.375,1.60,1.10
2010.11.23 18:55:31.074,1.37478,1.37507,1.80,1.10
2010.11.23 18:55:33.872,1.37476,1.37504,1.60,1.10
2010.11.23 18:55:34.681,1.37481,1.37505,1.60,2.60
2010.11.23 18:55:34.794,1.37473,1.37505,1.50,2.60
2010.11.23 18:55:43.132,1.37472,1.37502,3.20,1.10
2010.11.23 18:55:45.103,1.37499,1.37504,3.80,1.10
2010.11.23 18:55:45.325,1.37517,1.37527,3.20,1.50
2010.11.23 18:55:45.546,1.37517,1.37521,4.70,1.50
2010.11.23 18:55:45.967,1.37498,1.37521,2.30,1.50
2010.11.23 18:55:46.089,1.375,1.37532,1.50,2.60
2010.11.23 18:55:49.155,1.37494,1.37525,4.00,1.10
2010.11.23 18:55:49.682,1.37499,1.37525,4.60,1.10
2010.11.23 18:55:50.123,1.37509,1.37536,1.70,1.60
2010.11.23 18:55:54.677,1.3751,1.37543,1.50,2.70
2010.11.23 18:55:57.084,1.3751,1.37542,1.50,1.10
2010.11.23 18:55:57.572,1.37507,1.37532,1.50,1.70
2010.11.23 18:55:58.124,1.37514,1.3754,1.70,1.10
2010.11.23 18:56:00.125,1.37513,1.37544,1.50,1.20
2010.11.23 18:56:02.277,1.37517,1.37548,1.50,2.80
2010.11.23 18:56:04.384,1.37514,1.37545,2.50,1.10
2010.11.23 18:56:04.603,1.37519,1.37552,1.70,1.10
2010.11.23 18:56:08.258,1.37519,1.37548,1.50,1.50
2010.11.23 18:56:13.272,1.37523,1.37553,1.50,1.20
2010.11.23 18:56:13.713,1.37521,1.37549,1.30,1.10
2010.11.23 18:56:14.043,1.37533,1.3756,1.70,1.10
2010.11.23 18:56:16.181,1.37514,1.37542,1.50,1.10
2010.11.23 18:56:16.297,1.3751,1.37542,2.40,1.10
2010.11.23 18:56:20.010,1.37514,1.37547,4.80,1.10
2010.11.23 18:56:23.875,1.37514,1.37547,1.60,1.10
2010.11.23 18:56:27.392,1.37512,1.37545,1.60,1.80
2010.11.23 18:56:29.552,1.37513,1.37546,1.10,2.60
2010.11.23 18:56:31.403,1.37512,1.37542,1.90,4.50
2010.11.23 18:56:31.733,1.37495,1.37524,3.10,1.70
2010.11.23 18:56:33.755,1.37503,1.37528,1.60,1.10
2010.11.23 18:56:34.084,1.3751,1.37537,1.60,1.10
2010.11.23 18:56:36.312,1.3751,1.37541,1.60,1.30
2010.11.23 18:56:37.002,1.37509,1.37538,1.50,1.70
2010.11.23 18:56:38.356,1.37515,1.37545,3.20,1.10
2010.11.23 18:56:41.526,1.37515,1.37545,1.80,1.10
2010.11.23 18:56:43.546,1.37522,1.37545,1.80,1.10
2010.11.23 18:56:45.904,1.37513,1.37544,1.70,1.10
2010.11.23 18:56:49.029,1.37519,1.37554,1.50,1.30
2010.11.23 18:56:49.730,1.37506,1.37527,3.90,1.70
2010.11.23 18:56:49.957,1.37509,1.37541,2.50,1.10
2010.11.23 18:56:52.271,1.3752,1.37548,1.50,1.70
2010.11.23 18:56:53.046,1.37511,1.37527,1.50,1.70
2010.11.23 18:56:53.389,1.37513,1.37544,1.50,1.10
2010.11.23 18:56:56.124,1.37515,1.37528,1.50,1.70
2010.11.23 18:56:56.454,1.37504,1.37533,1.50,1.20
2010.11.23 18:56:58.033,1.37509,1.3754,1.50,2.60
2010.11.23 18:57:00.457,1.37516,1.37546,1.50,2.00
2010.11.23 18:57:02.842,1.37516,1.37538,1.50,1.80
2010.11.23 18:57:04.107,1.37524,1.37538,3.20,1.70
2010.11.23 18:57:04.568,1.37512,1.37547,2.40,3.70
2010.11.23 18:57:06.693,1.37516,1.3755,1.50,1.40
2010.11.23 18:57:11.133,1.37516,1.3755,1.50,1.20
2010.11.23 18:57:12.414,1.37522,1.3755,1.50,1.10
2010.11.23 18:57:12.531,1.37513,1.37544,1.60,1.10
2010.11.23 18:57:16.093,1.37512,1.37544,1.50,1.10
2010.11.23 18:57:19.104,1.37512,1.37543,1.50,2.40
2010.11.23 18:57:19.215,1.37512,1.37537,1.50,4.50
2010.11.23 18:57:19.560,1.37503,1.37522,3.20,1.70
2010.11.23 18:57:19.967,1.37502,1.3753,1.50,2.00
2010.11.23 18:57:21.335,1.37507,1.3753,1.50,1.80
2010.11.23 18:57:21.447,1.37507,1.3753,1.60,1.70
2010.11.23 18:57:21.666,1.37514,1.37541,1.60,1.50
2010.11.23 18:57:23.854,1.37514,1.37546,1.50,1.20
2010.11.23 18:57:26.282,1.37518,1.37545,3.20,1.10
2010.11.23 18:57:28.394,1.37514,1.37542,1.50,2.00
2010.11.23 18:57:30.440,1.37518,1.37547,1.60,1.30
2010.11.23 18:57:31.434,1.37516,1.37547,1.50,1.10
2010.11.23 18:57:36.903,1.37518,1.37547,1.60,1.10
2010.11.23 18:57:40.383,1.37518,1.37547,3.20,1.10
2010.11.23 18:57:44.673,1.37516,1.37547,1.90,1.10
2010.11.23 18:57:47.154,1.37519,1.3755,1.50,1.10
2010.11.23 18:57:49.522,1.37519,1.3755,1.60,1.10
2010.11.23 18:57:51.562,1.37519,1.3755,1.80,1.10
2010.11.23 18:57:54.944,1.37519,1.3755,1.90,1.10
2010.11.23 18:57:59.201,1.37524,1.37553,1.50,1.10
2010.11.23 18:58:02.318,1.37532,1.37562,3.20,1.20
2010.11.23 18:58:04.982,1.37535,1.37566,1.50,1.10
2010.11.23 18:58:07.054,1.37535,1.37567,3.10,1.20
2010.11.23 18:58:09.407,1.37537,1.3757,3.90,1.10
2010.11.23 18:58:09.965,1.37535,1.37574,1.50,1.30
2010.11.23 18:58:12.402,1.37538,1.37568,1.50,4.10
2010.11.23 18:58:14.343,1.37532,1.37563,1.50,1.10
2010.11.23 18:58:15.957,1.37532,1.37564,1.50,2.60
2010.11.23 18:58:18.458,1.37529,1.37561,1.20,1.10
2010.11.23 18:58:27.432,1.37535,1.37564,1.50,1.60
2010.11.23 18:58:31.104,1.3753,1.37562,1.50,4.10
2010.11.23 18:58:33.583,1.3753,1.37559,1.50,4.10
2010.11.23 18:58:35.213,1.37529,1.37551,1.50,1.60
2010.11.23 18:58:35.324,1.37529,1.37558,1.50,1.60
2010.11.23 18:58:36.578,1.37528,1.37561,1.50,1.70
2010.11.23 18:58:38.913,1.37531,1.37563,1.50,2.40
2010.11.23 18:58:48.878,1.3753,1.37561,1.50,1.10
2010.11.23 18:58:53.448,1.3753,1.37559,1.50,1.10
2010.11.23 18:58:54.524,1.37537,1.37559,1.50,1.10
2010.11.23 18:58:56.537,1.37529,1.37561,2.30,4.20
2010.11.23 18:58:58.608,1.37527,1.37557,3.20,1.10
2010.11.23 18:58:58.934,1.37523,1.37558,3.00,1.10
2010.11.23 18:59:01.085,1.37529,1.37563,1.50,1.30
2010.11.23 18:59:04.042,1.37531,1.37563,1.50,1.10
2010.11.23 18:59:10.530,1.37536,1.37566,1.50,1.30
2010.11.23 18:59:18.303,1.37538,1.37566,1.20,1.10
2010.11.23 18:59:24.752,1.37535,1.37567,1.20,1.10
2010.11.23 18:59:24.976,1.37542,1.37567,4.50,1.10
2010.11.23 18:59:25.195,1.3755,1.37581,1.70,1.10
2010.11.23 18:59:25.579,1.37548,1.37573,1.70,1.10
2010.11.23 18:59:25.695,1.37542,1.37573,1.50,1.10
2010.11.23 18:59:27.708,1.37532,1.37564,1.50,1.10
2010.11.23 18:59:29.124,1.37536,1.37566,2.30,1.10
2010.11.23 18:59:29.731,1.37542,1.37579,1.50,1.10
2010.11.23 18:59:29.847,1.37548,1.3758,1.70,1.80
2010.11.23 18:59:30.284,1.37551,1.37586,1.50,2.60
2010.11.23 18:59:32.215,1.37565,1.37596,1.70,1.10
2010.11.23 18:59:32.544,1.37581,1.37603,1.50,1.70
2010.11.23 18:59:32.872,1.37574,1.37607,2.50,1.50
2010.11.23 18:59:35.309,1.37566,1.37594,1.50,1.50
2010.11.23 18:59:37.165,1.37561,1.37586,1.50,1.50
2010.11.23 18:59:40.142,1.37563,1.37591,4.50,2.80
2010.11.23 18:59:40.472,1.37572,1.37607,1.70,1.10
2010.11.23 18:59:41.433,1.37578,1.37611,1.70,1.10
2010.11.23 18:59:41.765,1.37584,1.37617,2.50,1.50
2010.11.23 18:59:43.957,1.37592,1.37622,1.70,1.50
2010.11.23 18:59:45.637,1.37591,1.37621,1.70,1.50
2010.11.23 18:59:47.880,1.37592,1.37623,1.70,2.40
2010.11.23 18:59:48.287,1.37599,1.37619,1.40,1.10
2010.11.23 18:59:48.647,1.3761,1.3764,1.50,1.50
2010.11.23 18:59:50.755,1.3761,1.37637,1.50,1.50
2010.11.23 18:59:53.173,1.37604,1.37628,1.50,1.50
2010.11.23 18:59:55.392,1.376,1.37624,1.70,1.50
