2010.11.19 13:00:00.360,1.3912,1.39144,1.50,1.70
2010.11.19 13:00:03.769,1.39124,1.39148,1.50,2.30
2010.11.19 13:00:03.996,1.39139,1.39162,1.50,1.80
2010.11.19 13:00:05.011,1.39147,1.39171,1.50,1.50
2010.11.19 13:00:07.745,1.39143,1.39169,1.50,2.30
2010.11.19 13:00:08.075,1.39137,1.39161,1.50,1.40
2010.11.19 13:00:09.063,1.39124,1.3915,1.70,1.40
2010.11.19 13:00:15.285,1.39125,1.39149,1.70,1.40
2010.11.19 13:00:15.616,1.3913,1.39156,1.60,2.90
2010.11.19 13:00:18.366,1.39129,1.39149,1.70,1.40
2010.11.19 13:00:19.511,1.39122,1.39147,1.10,1.40
2010.11.19 13:00:22.174,1.39119,1.39143,3.20,1.40
2010.11.19 13:00:24.534,1.39114,1.39138,1.60,1.40
2010.11.19 13:00:28.195,1.39114,1.3913,1.50,1.70
2010.11.19 13:00:28.526,1.39102,1.39128,3.20,1.40
2010.11.19 13:00:30.935,1.39108,1.39132,1.90,1.40
2010.11.19 13:00:32.725,1.39103,1.39132,1.50,1.90
2010.11.19 13:00:33.214,1.39117,1.39133,1.70,1.40
2010.11.19 13:00:33.437,1.39111,1.39133,1.50,1.40
2010.11.19 13:00:35.699,1.39103,1.39129,1.50,2.90
2010.11.19 13:00:40.115,1.39109,1.39131,1.70,1.50
2010.11.19 13:00:41.201,1.391,1.39124,1.50,1.40
2010.11.19 13:00:43.274,1.39094,1.39118,1.50,1.40
2010.11.19 13:00:45.535,1.39097,1.39121,1.50,1.40
2010.11.19 13:00:46.275,1.39097,1.39123,1.50,3.20
2010.11.19 13:00:50.225,1.39105,1.39126,1.50,1.70
2010.11.19 13:00:52.316,1.39118,1.39129,1.70,1.40
2010.11.19 13:00:52.538,1.3911,1.39134,1.50,1.90
2010.11.19 13:00:53.167,1.39099,1.39124,1.70,1.40
2010.11.19 13:00:56.638,1.39096,1.39124,1.80,1.40
2010.11.19 13:00:57.075,1.39092,1.39106,1.50,1.70
2010.11.19 13:00:59.987,1.39087,1.39108,1.50,1.50
2010.11.19 13:01:02.101,1.39102,1.39113,1.50,1.50
2010.11.19 13:01:02.557,1.39093,1.39114,1.50,1.50
2010.11.19 13:01:03.105,1.39082,1.39108,1.50,1.40
2010.11.19 13:01:05.558,1.39083,1.39108,1.50,2.30
2010.11.19 13:01:07.274,1.39094,1.39112,1.50,1.50
2010.11.19 13:01:09.359,1.3909,1.39114,3.20,2.90
2010.11.19 13:01:12.296,1.39089,1.39111,1.70,1.50
2010.11.19 13:01:14.437,1.39089,1.39113,1.80,2.90
2010.11.19 13:01:17.751,1.391,1.39123,1.50,1.50
2010.11.19 13:01:19.863,1.39103,1.39127,1.70,1.50
2010.11.19 13:01:23.723,1.39103,1.39124,1.50,1.50
2010.11.19 13:01:25.268,1.39097,1.3912,1.50,1.50
2010.11.19 13:01:30.875,1.39095,1.39123,1.50,2.30
2010.11.19 13:01:39.955,1.39095,1.39117,3.20,1.50
2010.11.19 13:01:44.848,1.39094,1.39121,3.40,2.30
2010.11.19 13:01:46.909,1.39101,1.39122,1.50,1.40
2010.11.19 13:01:47.358,1.39093,1.39118,1.50,2.30
2010.11.19 13:01:50.587,1.3909,1.39113,1.70,1.50
2010.11.19 13:01:52.726,1.3909,1.39113,1.50,3.20
2010.11.19 13:01:55.316,1.39085,1.39109,1.50,1.40
2010.11.19 13:01:57.944,1.39089,1.39115,1.70,2.90
2010.11.19 13:02:01.134,1.3909,1.39115,1.50,2.90
2010.11.19 13:02:03.019,1.39085,1.39111,1.50,1.60
2010.11.19 13:02:03.641,1.39079,1.39102,1.50,1.90
2010.11.19 13:02:06.425,1.39079,1.39101,1.70,1.40
2010.11.19 13:02:10.708,1.39086,1.39104,1.50,1.50
2010.11.19 13:02:12.834,1.39093,1.39112,2.40,1.50
2010.11.19 13:02:14.032,1.39087,1.39113,3.20,2.90
2010.11.19 13:02:17.785,1.39086,1.39104,1.50,1.50
2010.11.19 13:02:18.724,1.39069,1.3909,1.70,1.50
2010.11.19 13:02:21.243,1.39072,1.39092,1.60,1.50
2010.11.19 13:02:25.744,1.39067,1.39088,3.20,1.50
2010.11.19 13:02:27.954,1.39067,1.39093,3.30,2.90
2010.11.19 13:02:29.846,1.39071,1.39095,1.50,1.40
2010.11.19 13:02:30.956,1.39075,1.3909,4.60,1.50
2010.11.19 13:02:31.643,1.39081,1.39104,1.50,1.50
2010.11.19 13:02:31.982,1.39069,1.39091,1.50,1.90
2010.11.19 13:02:32.882,1.39065,1.39085,1.70,1.40
2010.11.19 13:02:34.778,1.39075,1.39095,1.70,1.50
2010.11.19 13:02:35.777,1.39089,1.39103,1.70,1.50
2010.11.19 13:02:38.579,1.39089,1.39109,1.50,1.50
2010.11.19 13:02:39.935,1.3908,1.39103,1.80,1.40
2010.11.19 13:02:43.204,1.39079,1.39099,1.50,1.50
2010.11.19 13:02:43.857,1.39068,1.39092,1.50,1.40
2010.11.19 13:02:46.326,1.39071,1.39093,1.50,1.50
2010.11.19 13:02:46.886,1.39062,1.39089,1.50,1.70
2010.11.19 13:02:48.928,1.39059,1.39078,1.70,1.50
2010.11.19 13:02:49.507,1.39052,1.39078,1.50,1.40
2010.11.19 13:02:51.078,1.39052,1.39078,1.50,1.40
2010.11.19 13:02:51.759,1.39059,1.3908,1.50,1.50
2010.11.19 13:02:54.270,1.39062,1.39081,1.50,1.50
2010.11.19 13:02:56.159,1.39062,1.39085,1.90,1.50
2010.11.19 13:02:57.956,1.39078,1.39094,1.50,1.50
2010.11.19 13:03:00.520,1.39078,1.39098,1.50,1.50
2010.11.19 13:03:02.996,1.39082,1.39094,1.50,1.50
2010.11.19 13:03:05.429,1.39077,1.39092,1.50,1.50
2010.11.19 13:03:07.755,1.39072,1.39092,1.50,1.50
2010.11.19 13:03:12.837,1.39077,1.39094,1.50,1.50
2010.11.19 13:03:14.993,1.39082,1.391,1.50,1.50
2010.11.19 13:03:16.607,1.3909,1.39099,1.50,1.50
2010.11.19 13:03:19.071,1.39089,1.39106,1.50,1.50
2010.11.19 13:03:20.064,1.39098,1.39115,1.50,1.50
2010.11.19 13:03:22.070,1.39094,1.39113,1.70,1.40
2010.11.19 13:03:22.517,1.39099,1.39118,1.50,1.50
2010.11.19 13:03:23.656,1.39099,1.39125,1.70,2.30
2010.11.19 13:03:26.456,1.39106,1.39124,1.50,1.10
2010.11.19 13:03:26.791,1.39097,1.39112,1.50,1.50
2010.11.19 13:03:29.179,1.39094,1.39115,1.50,1.50
2010.11.19 13:03:31.952,1.39095,1.39118,1.50,1.50
2010.11.19 13:03:36.909,1.39095,1.3912,1.50,1.50
2010.11.19 13:03:39.098,1.39096,1.39123,1.50,2.50
2010.11.19 13:03:42.008,1.39096,1.39118,1.50,1.90
2010.11.19 13:03:44.827,1.39096,1.3912,1.50,2.90
2010.11.19 13:03:48.166,1.39096,1.39115,1.50,1.70
2010.11.19 13:03:48.387,1.39084,1.39106,1.70,1.40
2010.11.19 13:03:50.806,1.39085,1.39106,1.50,1.40
2010.11.19 13:03:53.031,1.39084,1.39105,2.50,2.90
2010.11.19 13:03:53.158,1.39079,1.39108,1.50,4.00
2010.11.19 13:03:53.870,1.39085,1.39109,1.50,3.10
2010.11.19 13:03:57.198,1.39089,1.39115,1.50,2.90
2010.11.19 13:03:59.946,1.39089,1.39115,1.70,2.90
2010.11.19 13:04:00.056,1.39097,1.39115,1.70,1.40
2010.11.19 13:04:00.665,1.39087,1.39107,1.70,1.50
2010.11.19 13:04:02.844,1.39091,1.39112,1.50,1.50
2010.11.19 13:04:05.652,1.39098,1.39118,3.20,1.50
2010.11.19 13:04:08.397,1.39094,1.39113,1.50,1.50
2010.11.19 13:04:10.045,1.39092,1.39113,2.40,1.50
2010.11.19 13:04:11.500,1.39089,1.39103,1.50,1.70
2010.11.19 13:04:12.178,1.39091,1.39115,1.50,1.40
2010.11.19 13:04:17.778,1.39083,1.39108,1.50,3.20
2010.11.19 13:04:18.756,1.39076,1.39102,1.50,1.40
2010.11.19 13:04:20.593,1.39087,1.39108,1.70,1.40
2010.11.19 13:04:22.269,1.39095,1.39119,3.20,1.40
2010.11.19 13:04:25.556,1.39097,1.39121,1.50,1.50
2010.11.19 13:04:27.076,1.39092,1.3912,3.20,1.60
2010.11.19 13:04:27.187,1.39092,1.39113,1.50,1.70
2010.11.19 13:04:29.355,1.39092,1.39112,1.50,1.70
2010.11.19 13:04:34.219,1.39088,1.39112,1.50,1.90
2010.11.19 13:04:35.192,1.39091,1.39117,1.50,1.40
2010.11.19 13:04:37.205,1.39101,1.39118,1.70,1.40
2010.11.19 13:04:37.318,1.39089,1.39117,1.50,3.90
2010.11.19 13:04:39.320,1.39096,1.39121,1.50,2.30
2010.11.19 13:04:39.644,1.39091,1.39116,2.60,1.40
2010.11.19 13:04:41.029,1.391,1.3912,1.70,1.40
2010.11.19 13:04:41.660,1.39107,1.3913,2.60,1.40
2010.11.19 13:04:45.524,1.39103,1.39129,1.50,1.40
2010.11.19 13:04:48.883,1.39109,1.39135,1.50,2.90
2010.11.19 13:04:50.044,1.39116,1.39135,1.70,1.40
2010.11.19 13:04:52.718,1.39109,1.39133,1.50,1.70
2010.11.19 13:04:52.939,1.39105,1.39134,1.50,1.40
2010.11.19 13:04:54.496,1.39103,1.39129,1.50,1.40
2010.11.19 13:04:55.181,1.391,1.39121,1.50,1.50
2010.11.19 13:04:56.295,1.39105,1.39123,1.70,1.70
2010.11.19 13:04:57.220,1.39096,1.39125,1.50,1.70
2010.11.19 13:04:57.776,1.39086,1.39112,1.50,1.40
2010.11.19 13:04:59.895,1.39093,1.39117,1.50,2.90
2010.11.19 13:05:00.118,1.39093,1.39121,4.00,1.40
2010.11.19 13:05:02.737,1.391,1.39124,1.50,1.50
2010.11.19 13:05:04.886,1.39102,1.39124,3.00,1.50
2010.11.19 13:05:07.124,1.39102,1.39125,2.50,1.50
2010.11.19 13:05:09.127,1.391,1.39125,1.50,1.50
2010.11.19 13:05:11.784,1.39101,1.39122,1.70,1.70
2010.11.19 13:05:12.279,1.39085,1.39105,1.50,1.50
2010.11.19 13:05:15.237,1.39085,1.39105,1.50,1.50
2010.11.19 13:05:19.366,1.39085,1.39109,1.50,1.60
2010.11.19 13:05:19.696,1.39077,1.39103,1.50,1.40
2010.11.19 13:05:23.206,1.39081,1.39109,2.70,1.40
2010.11.19 13:05:24.351,1.39082,1.3911,2.40,1.50
2010.11.19 13:05:28.022,1.39091,1.39112,1.70,1.40
2010.11.19 13:05:30.077,1.39085,1.39111,1.50,1.40
2010.11.19 13:05:32.892,1.39086,1.39111,1.10,1.40
2010.11.19 13:05:34.485,1.39083,1.39109,1.50,1.40
2010.11.19 13:05:35.182,1.39093,1.39117,1.50,2.90
2010.11.19 13:05:38.444,1.39092,1.39119,1.50,2.30
2010.11.19 13:05:40.782,1.39094,1.3912,1.50,2.30
2010.11.19 13:05:42.815,1.39094,1.39123,1.80,1.40
2010.11.19 13:05:45.064,1.39099,1.39123,1.50,1.40
2010.11.19 13:05:45.717,1.39099,1.3912,1.50,1.70
2010.11.19 13:05:45.935,1.39093,1.39115,1.50,3.00
2010.11.19 13:05:48.134,1.39088,1.39112,1.50,1.40
2010.11.19 13:05:48.927,1.39088,1.3912,1.70,1.40
2010.11.19 13:05:49.035,1.39096,1.3912,1.50,1.40
2010.11.19 13:05:51.749,1.39093,1.39121,1.50,1.40
2010.11.19 13:05:53.836,1.39085,1.39111,1.50,1.60
2010.11.19 13:05:57.426,1.39091,1.39114,3.20,1.50
2010.11.19 13:05:58.689,1.39102,1.39123,1.70,1.50
2010.11.19 13:06:01.872,1.39093,1.39118,1.50,2.10
2010.11.19 13:06:04.069,1.39084,1.3911,1.50,1.40
2010.11.19 13:06:04.483,1.39081,1.39098,3.90,1.50
2010.11.19 13:06:08.948,1.39077,1.39099,1.50,1.50
2010.11.19 13:06:10.390,1.39087,1.3911,1.70,2.90
2010.11.19 13:06:12.395,1.39089,1.39114,1.50,2.30
2010.11.19 13:06:14.514,1.39086,1.3911,3.20,1.60
2010.11.19 13:06:17.856,1.3909,1.39114,1.50,1.40
2010.11.19 13:06:21.994,1.3909,1.39113,1.50,1.50
2010.11.19 13:06:24.295,1.3909,1.3911,1.50,1.50
2010.11.19 13:06:28.275,1.39087,1.39107,1.70,2.30
2010.11.19 13:06:28.605,1.3909,1.39112,1.70,1.40
2010.11.19 13:06:31.576,1.39093,1.39112,1.50,1.40
2010.11.19 13:06:31.799,1.39091,1.39117,1.50,1.40
2010.11.19 13:06:35.896,1.39094,1.3912,2.50,1.40
2010.11.19 13:06:40.943,1.3909,1.39116,3.30,1.40
2010.11.19 13:06:44.829,1.39093,1.39116,1.50,1.50
2010.11.19 13:06:46.855,1.3909,1.39112,1.70,1.40
2010.11.19 13:06:49.016,1.39085,1.39109,1.50,1.40
2010.11.19 13:06:51.756,1.39085,1.39107,1.50,1.50
2010.11.19 13:06:55.365,1.39085,1.39109,1.80,1.40
2010.11.19 13:07:03.893,1.39091,1.39113,1.50,1.50
2010.11.19 13:07:09.348,1.39084,1.39108,1.50,1.40
2010.11.19 13:07:15.536,1.3908,1.39101,1.70,1.50
2010.11.19 13:07:18.481,1.3907,1.39095,1.80,1.40
2010.11.19 13:07:18.603,1.39067,1.39095,1.50,2.90
2010.11.19 13:07:22.913,1.3906,1.3909,1.50,1.40
2010.11.19 13:07:23.025,1.3906,1.39086,1.50,1.40
2010.11.19 13:07:28.414,1.39059,1.39085,2.40,1.40
2010.11.19 13:07:29.382,1.39052,1.39076,1.50,1.40
2010.11.19 13:07:32.426,1.39064,1.39081,1.50,1.70
2010.11.19 13:07:34.564,1.39058,1.39079,1.50,1.50
2010.11.19 13:07:36.711,1.39047,1.3907,1.50,1.50
2010.11.19 13:07:40.094,1.39046,1.39067,1.50,1.50
2010.11.19 13:07:43.504,1.39046,1.39069,1.50,1.50
2010.11.19 13:07:46.277,1.39046,1.3907,1.50,3.20
2010.11.19 13:07:49.540,1.39046,1.3907,1.50,3.30
2010.11.19 13:07:49.662,1.39041,1.39059,1.50,1.70
2010.11.19 13:07:49.888,1.39041,1.39065,1.50,1.40
2010.11.19 13:07:52.424,1.39046,1.39067,1.50,1.50
2010.11.19 13:07:55.275,1.39046,1.39067,1.50,1.60
2010.11.19 13:07:57.424,1.39046,1.39067,1.50,3.00
2010.11.19 13:08:00.024,1.39046,1.39065,1.50,1.50
2010.11.19 13:08:00.735,1.3905,1.39069,1.90,1.50
2010.11.19 13:08:01.657,1.39057,1.39082,1.50,1.50
2010.11.19 13:08:02.768,1.39058,1.3908,1.50,1.70
2010.11.19 13:08:07.159,1.39058,1.39081,1.70,1.40
2010.11.19 13:08:07.599,1.39061,1.39087,1.70,2.30
2010.11.19 13:08:07.706,1.39069,1.3909,1.70,2.90
2010.11.19 13:08:09.036,1.39059,1.39088,1.50,1.70
2010.11.19 13:08:09.696,1.39065,1.39091,1.50,3.80
2010.11.19 13:08:10.745,1.39058,1.39082,1.50,1.40
2010.11.19 13:08:12.370,1.39062,1.39091,1.70,1.40
2010.11.19 13:08:15.237,1.39064,1.39088,1.50,2.30
2010.11.19 13:08:16.440,1.39061,1.39065,1.50,1.70
2010.11.19 13:08:16.559,1.3905,1.39065,1.50,1.70
2010.11.19 13:08:16.676,1.3905,1.39072,1.50,1.70
2010.11.19 13:08:23.158,1.3905,1.39076,2.50,1.40
2010.11.19 13:08:25.987,1.3905,1.39079,1.50,1.10
2010.11.19 13:08:28.255,1.39047,1.39076,1.50,1.60
2010.11.19 13:08:30.266,1.39047,1.39071,1.50,1.10
2010.11.19 13:08:30.599,1.39048,1.39075,1.50,1.40
2010.11.19 13:08:34.235,1.39049,1.39078,1.70,1.40
2010.11.19 13:08:46.184,1.39049,1.39076,1.50,1.40
2010.11.19 13:08:50.163,1.39053,1.39079,1.50,1.40
2010.11.19 13:08:52.366,1.39042,1.39071,1.50,2.00
2010.11.19 13:08:53.507,1.39034,1.39059,1.50,1.40
2010.11.19 13:09:00.042,1.39034,1.39061,3.00,2.40
2010.11.19 13:09:01.295,1.39044,1.3907,1.50,1.40
2010.11.19 13:09:08.716,1.39042,1.39069,1.70,1.40
2010.11.19 13:09:11.806,1.39046,1.39075,1.50,1.40
2010.11.19 13:09:14.118,1.39052,1.39075,1.70,1.40
2010.11.19 13:09:18.268,1.39052,1.39074,1.90,1.50
2010.11.19 13:09:21.537,1.39046,1.39074,2.40,2.30
2010.11.19 13:09:21.758,1.39045,1.39069,1.50,1.40
2010.11.19 13:09:22.237,1.3905,1.39079,2.40,2.40
2010.11.19 13:09:24.827,1.39057,1.39079,1.50,1.40
2010.11.19 13:09:27.931,1.39058,1.3908,1.50,1.70
2010.11.19 13:09:30.120,1.39058,1.39084,3.20,1.40
2010.11.19 13:09:32.155,1.39067,1.39088,1.70,1.40
2010.11.19 13:09:34.458,1.39071,1.39095,1.50,1.50
2010.11.19 13:09:36.505,1.39071,1.39092,1.50,1.50
2010.11.19 13:09:38.653,1.39055,1.39084,1.50,1.60
2010.11.19 13:09:38.785,1.39055,1.39081,1.50,1.60
2010.11.19 13:09:41.469,1.3906,1.39084,1.50,1.50
2010.11.19 13:09:43.812,1.39055,1.39078,3.20,1.50
2010.11.19 13:09:44.259,1.39065,1.39078,1.70,1.50
2010.11.19 13:09:44.475,1.39065,1.39084,1.70,2.90
2010.11.19 13:09:47.586,1.3906,1.39084,1.50,1.40
2010.11.19 13:09:48.253,1.39057,1.39081,1.50,1.40
2010.11.19 13:09:49.460,1.39064,1.39081,1.70,1.40
2010.11.19 13:09:51.255,1.39058,1.39085,1.70,3.20
2010.11.19 13:09:51.476,1.39058,1.39082,1.50,1.50
2010.11.19 13:09:52.402,1.39045,1.39072,2.00,1.40
2010.11.19 13:10:00.038,1.39042,1.39066,1.50,1.40
2010.11.19 13:10:02.366,1.39049,1.39072,1.70,1.40
2010.11.19 13:10:06.127,1.39049,1.39072,2.40,1.40
2010.11.19 13:10:06.634,1.39068,1.39089,1.90,1.50
2010.11.19 13:10:08.492,1.39057,1.39082,1.50,1.50
2010.11.19 13:10:10.608,1.39058,1.3908,1.50,1.40
2010.11.19 13:10:10.717,1.39065,1.3908,1.70,1.40
2010.11.19 13:10:16.356,1.39065,1.39086,1.70,1.50
2010.11.19 13:10:18.715,1.39061,1.39086,1.50,1.50
2010.11.19 13:10:22.253,1.39066,1.39088,1.50,1.80
2010.11.19 13:10:24.067,1.39059,1.39068,3.20,3.00
2010.11.19 13:10:24.629,1.39049,1.39068,1.50,3.20
2010.11.19 13:10:26.521,1.39049,1.39075,1.50,3.40
2010.11.19 13:10:28.698,1.39049,1.39075,1.50,3.40
2010.11.19 13:10:30.470,1.39047,1.39056,1.50,1.90
2010.11.19 13:10:30.934,1.39033,1.39056,1.50,1.90
2010.11.19 13:10:31.065,1.39033,1.3906,1.50,1.90
2010.11.19 13:10:31.617,1.39038,1.39068,1.50,3.10
2010.11.19 13:10:34.477,1.39039,1.39064,1.70,1.40
2010.11.19 13:10:43.056,1.39044,1.39069,2.60,1.40
2010.11.19 13:10:47.405,1.39044,1.39069,1.90,1.40
2010.11.19 13:10:48.068,1.39035,1.39059,1.70,1.40
2010.11.19 13:10:50.743,1.39034,1.39059,2.40,1.40
2010.11.19 13:10:55.028,1.39032,1.39056,1.70,1.40
2010.11.19 13:10:56.979,1.39031,1.39056,1.10,1.40
2010.11.19 13:11:04.238,1.39031,1.39056,1.70,1.40
2010.11.19 13:11:05.260,1.39025,1.39052,2.40,1.40
2010.11.19 13:11:05.376,1.39022,1.39046,1.50,1.40
2010.11.19 13:11:07.898,1.39026,1.3905,2.00,1.40
2010.11.19 13:11:09.955,1.39029,1.39053,1.70,1.40
2010.11.19 13:11:14.707,1.39029,1.39053,1.80,1.40
2010.11.19 13:11:20.815,1.39029,1.39053,1.80,1.40
2010.11.19 13:11:25.694,1.39029,1.39053,1.90,1.40
2010.11.19 13:11:25.916,1.39033,1.39058,1.70,1.40
2010.11.19 13:11:26.028,1.3904,1.39067,1.70,1.50
2010.11.19 13:11:26.508,1.39041,1.39063,1.50,1.40
2010.11.19 13:11:29.176,1.39033,1.39057,1.50,1.40
2010.11.19 13:11:36.885,1.39033,1.39057,1.70,1.40
2010.11.19 13:11:41.077,1.3903,1.39055,1.10,1.40
2010.11.19 13:11:41.192,1.39024,1.3905,1.70,1.40
2010.11.19 13:11:44.218,1.39024,1.39053,1.60,1.40
2010.11.19 13:11:47.538,1.39026,1.39044,1.50,1.70
2010.11.19 13:11:48.067,1.39028,1.39053,1.70,1.70
2010.11.19 13:11:48.289,1.39028,1.39052,1.50,1.70
2010.11.19 13:11:48.517,1.39021,1.39044,1.50,1.70
2010.11.19 13:11:52.675,1.39021,1.39046,1.80,1.40
2010.11.19 13:11:56.336,1.39019,1.39043,1.50,2.30
2010.11.19 13:12:00.248,1.39015,1.39038,1.70,1.40
2010.11.19 13:12:03.598,1.39015,1.39038,1.50,1.40
2010.11.19 13:12:05.619,1.39015,1.39038,1.90,1.40
2010.11.19 13:12:06.194,1.39021,1.39046,1.10,1.40
2010.11.19 13:12:08.617,1.3902,1.39044,1.50,1.40
2010.11.19 13:12:13.262,1.3902,1.39044,2.50,1.40
2010.11.19 13:12:15.636,1.39025,1.39044,4.50,1.40
2010.11.19 13:12:16.139,1.39026,1.39051,1.70,1.40
2010.11.19 13:12:16.253,1.39025,1.39051,1.50,1.40
2010.11.19 13:12:16.807,1.39029,1.39056,2.50,1.40
2010.11.19 13:12:18.899,1.39039,1.39056,4.50,1.40
2010.11.19 13:12:19.480,1.39039,1.39062,1.50,1.70
2010.11.19 13:12:20.038,1.39039,1.39053,1.50,1.70
2010.11.19 13:12:20.525,1.39025,1.39053,1.50,3.00
2010.11.19 13:12:22.034,1.39026,1.3905,1.10,1.40
2010.11.19 13:12:22.147,1.39029,1.39056,4.00,1.40
2010.11.19 13:12:22.367,1.39029,1.39056,1.50,1.40
2010.11.19 13:12:24.370,1.39025,1.39048,1.50,1.70
2010.11.19 13:12:26.067,1.39025,1.39039,1.50,1.70
2010.11.19 13:12:26.286,1.39017,1.39039,1.50,1.70
2010.11.19 13:12:26.947,1.39015,1.39039,1.50,4.00
2010.11.19 13:12:27.411,1.39005,1.39029,1.50,1.70
2010.11.19 13:12:28.775,1.39009,1.39033,1.50,1.70
2010.11.19 13:12:32.809,1.39005,1.39029,1.50,1.40
2010.11.19 13:12:33.360,1.39021,1.39041,1.90,2.90
2010.11.19 13:12:34.052,1.39006,1.39035,1.70,1.40
2010.11.19 13:12:36.006,1.39011,1.39034,1.50,1.70
2010.11.19 13:12:39.026,1.39005,1.3903,1.70,1.40
2010.11.19 13:12:39.505,1.39013,1.39039,1.50,1.40
2010.11.19 13:12:41.985,1.39014,1.39039,1.70,1.40
2010.11.19 13:12:44.536,1.39013,1.39042,1.50,1.60
2010.11.19 13:12:46.106,1.39022,1.39037,1.70,1.40
2010.11.19 13:12:48.195,1.39014,1.39037,1.50,1.20
2010.11.19 13:12:48.656,1.39004,1.3903,1.70,1.40
2010.11.19 13:12:51.035,1.39011,1.39035,1.50,1.40
2010.11.19 13:12:53.486,1.39013,1.39039,1.90,1.40
2010.11.19 13:12:56.135,1.39012,1.39039,1.10,1.40
2010.11.19 13:12:57.016,1.39012,1.39039,2.30,1.40
2010.11.19 13:12:57.154,1.39033,1.39058,1.50,2.40
2010.11.19 13:13:00.626,1.39033,1.39059,1.50,1.40
2010.11.19 13:13:02.836,1.39029,1.39053,1.50,1.40
2010.11.19 13:13:07.937,1.39033,1.39057,1.50,2.90
2010.11.19 13:13:10.006,1.39036,1.39062,1.50,2.90
2010.11.19 13:13:18.105,1.39036,1.39062,1.50,1.60
2010.11.19 13:13:22.375,1.39035,1.39064,1.70,2.90
2010.11.19 13:13:24.425,1.39031,1.39059,1.50,1.40
2010.11.19 13:13:27.349,1.39038,1.39064,1.50,1.40
2010.11.19 13:13:29.310,1.39033,1.39064,3.50,1.40
2010.11.19 13:13:38.785,1.39028,1.39058,1.50,1.40
2010.11.19 13:13:42.475,1.39032,1.39056,1.50,1.40
2010.11.19 13:13:43.945,1.39036,1.39064,1.50,1.40
2010.11.19 13:13:44.168,1.39042,1.39065,1.50,1.40
2010.11.19 13:13:46.278,1.39036,1.39064,1.50,1.40
2010.11.19 13:13:47.584,1.39041,1.39067,1.50,1.40
2010.11.19 13:13:48.947,1.39042,1.39064,1.50,1.40
2010.11.19 13:13:49.279,1.39036,1.39061,1.50,2.10
2010.11.19 13:13:51.647,1.39033,1.39062,1.50,1.40
2010.11.19 13:13:54.087,1.39036,1.39065,1.50,2.50
2010.11.19 13:13:54.654,1.3903,1.39058,1.50,1.40
2010.11.19 13:13:56.748,1.39032,1.39055,1.50,3.00
2010.11.19 13:13:58.517,1.39026,1.39054,1.50,2.40
2010.11.19 13:13:59.577,1.39036,1.39062,1.50,1.40
2010.11.19 13:14:01.688,1.39039,1.39067,1.50,1.40
2010.11.19 13:14:03.725,1.39035,1.39061,1.50,1.40
2010.11.19 13:14:07.606,1.39033,1.39059,1.50,1.40
2010.11.19 13:14:09.566,1.39026,1.39052,1.50,1.40
2010.11.19 13:14:18.088,1.39027,1.39052,1.60,1.40
2010.11.19 13:14:18.651,1.39031,1.39061,1.50,1.60
2010.11.19 13:14:22.321,1.39031,1.39054,1.50,1.70
2010.11.19 13:14:23.355,1.3902,1.39046,1.50,2.40
2010.11.19 13:14:23.576,1.39019,1.39045,1.50,1.40
2010.11.19 13:14:25.688,1.39025,1.39049,1.50,2.30
2010.11.19 13:14:29.027,1.39025,1.39045,1.50,1.70
2010.11.19 13:14:31.415,1.39022,1.39043,1.50,1.90
2010.11.19 13:14:33.545,1.39028,1.3905,2.40,1.50
2010.11.19 13:14:35.508,1.39029,1.39053,1.50,1.40
2010.11.19 13:14:37.512,1.39025,1.39051,1.50,1.40
2010.11.19 13:14:39.002,1.39033,1.39057,1.50,1.40
2010.11.19 13:14:40.931,1.39028,1.39054,1.50,1.40
2010.11.19 13:14:43.705,1.39028,1.39053,1.50,1.10
2010.11.19 13:14:45.736,1.39029,1.39052,1.90,1.40
2010.11.19 13:14:48.297,1.39029,1.39052,2.00,1.40
2010.11.19 13:14:50.710,1.39038,1.39063,2.60,1.40
2010.11.19 13:14:53.947,1.39042,1.39068,1.50,1.60
2010.11.19 13:14:54.386,1.39042,1.39062,1.50,1.70
2010.11.19 13:14:54.918,1.39031,1.39057,1.60,1.40
2010.11.19 13:14:56.653,1.39039,1.39063,1.70,2.90
2010.11.19 13:14:58.269,1.39038,1.39061,2.60,1.40
2010.11.19 13:14:58.749,1.39035,1.39059,1.50,1.40
2010.11.19 13:14:58.859,1.39029,1.39051,1.50,1.40
2010.11.19 13:15:00.888,1.39013,1.3904,1.70,1.40
2010.11.19 13:15:01.353,1.39018,1.3904,1.50,1.70
2010.11.19 13:15:01.576,1.39017,1.39041,1.50,1.40
2010.11.19 13:15:02.550,1.39021,1.39051,1.50,1.40
2010.11.19 13:15:02.779,1.39035,1.39061,1.50,2.90
2010.11.19 13:15:05.167,1.39035,1.39061,1.50,1.40
2010.11.19 13:15:05.820,1.39042,1.39071,1.50,2.10
2010.11.19 13:15:06.160,1.39043,1.39073,1.10,2.10
2010.11.19 13:15:06.788,1.39054,1.39074,1.50,1.70
2010.11.19 13:15:07.564,1.39046,1.39067,1.50,1.70
2010.11.19 13:15:08.116,1.39048,1.39074,1.50,1.40
2010.11.19 13:15:08.572,1.39043,1.39067,1.50,1.40
2010.11.19 13:15:10.389,1.3905,1.39074,1.70,1.40
2010.11.19 13:15:13.927,1.39048,1.3907,1.50,1.70
2010.11.19 13:15:14.647,1.39047,1.39074,2.40,1.40
2010.11.19 13:15:14.765,1.39042,1.39066,1.50,1.40
2010.11.19 13:15:17.046,1.39046,1.3907,1.50,1.40
2010.11.19 13:15:19.278,1.39042,1.39066,1.50,1.60
2010.11.19 13:15:21.314,1.39046,1.39069,1.50,1.50
2010.11.19 13:15:22.430,1.39042,1.39066,1.50,1.70
2010.11.19 13:15:25.350,1.39041,1.39065,1.50,1.40
2010.11.19 13:15:30.866,1.39043,1.39069,1.60,1.40
2010.11.19 13:15:31.681,1.39052,1.39076,1.50,1.40
2010.11.19 13:15:31.907,1.39052,1.39076,1.50,2.40
2010.11.19 13:15:32.018,1.39052,1.39076,1.50,3.10
2010.11.19 13:15:32.473,1.39044,1.39068,3.30,1.40
2010.11.19 13:15:39.036,1.39044,1.39068,1.50,1.40
2010.11.19 13:15:39.480,1.39051,1.39075,1.50,1.40
2010.11.19 13:15:41.205,1.39044,1.3907,1.50,1.40
2010.11.19 13:15:41.536,1.39043,1.39065,3.20,1.40
2010.11.19 13:15:42.014,1.39047,1.39071,1.50,1.40
2010.11.19 13:15:44.027,1.39043,1.39067,1.50,3.00
2010.11.19 13:15:46.197,1.39039,1.39063,1.50,1.60
2010.11.19 13:15:48.578,1.39037,1.39068,2.60,1.40
2010.11.19 13:15:48.687,1.39043,1.39069,1.50,3.20
2010.11.19 13:15:49.492,1.3904,1.39063,1.50,1.60
2010.11.19 13:15:50.267,1.39029,1.39055,1.60,1.40
2010.11.19 13:15:52.466,1.39032,1.39058,1.50,3.00
2010.11.19 13:15:53.930,1.39051,1.39064,1.50,1.50
2010.11.19 13:15:54.458,1.39051,1.39075,1.50,2.90
2010.11.19 13:15:54.583,1.3904,1.39068,1.50,1.90
2010.11.19 13:15:54.698,1.39039,1.39068,1.50,3.40
2010.11.19 13:15:56.799,1.39036,1.39058,1.50,1.70
2010.11.19 13:15:59.051,1.39028,1.39053,1.50,1.70
2010.11.19 13:16:01.422,1.39031,1.39055,1.50,4.70
2010.11.19 13:16:01.975,1.39031,1.39046,1.50,1.70
2010.11.19 13:16:03.330,1.39027,1.39054,1.50,1.70
2010.11.19 13:16:07.134,1.39035,1.39058,1.80,1.50
2010.11.19 13:16:09.496,1.39043,1.39066,1.50,3.20
2010.11.19 13:16:11.702,1.39036,1.39063,1.50,1.70
2010.11.19 13:16:11.824,1.39035,1.39056,1.50,1.70
2010.11.19 13:16:16.092,1.39038,1.39061,1.50,2.90
2010.11.19 13:16:21.914,1.39039,1.39056,1.50,1.50
2010.11.19 13:16:23.370,1.39036,1.3905,1.50,1.70
2010.11.19 13:16:24.925,1.39024,1.39049,1.50,2.40
2010.11.19 13:16:31.155,1.39028,1.39052,1.50,2.90
2010.11.19 13:16:32.230,1.39028,1.39038,1.60,1.70
2010.11.19 13:16:32.567,1.39024,1.39047,1.50,1.50
2010.11.19 13:16:35.331,1.39021,1.39043,1.50,1.40
2010.11.19 13:16:43.055,1.39014,1.39038,1.70,1.40
2010.11.19 13:16:44.759,1.39021,1.39042,1.90,2.90
2010.11.19 13:16:45.252,1.39021,1.3904,1.70,1.70
2010.11.19 13:16:45.381,1.39008,1.39034,1.50,1.40
2010.11.19 13:16:52.181,1.39011,1.39037,2.50,1.40
2010.11.19 13:16:55.577,1.39011,1.39037,4.80,1.40
2010.11.19 13:16:59.239,1.39022,1.39037,2.60,1.40
2010.11.19 13:16:59.713,1.39021,1.39045,1.50,2.30
2010.11.19 13:16:59.937,1.39015,1.39038,1.50,1.40
2010.11.19 13:17:02.302,1.39013,1.39036,1.50,1.70
2010.11.19 13:17:04.791,1.39013,1.39037,1.50,1.90
2010.11.19 13:17:08.167,1.3901,1.39035,1.10,2.10
2010.11.19 13:17:09.679,1.39004,1.39029,3.90,2.10
2010.11.19 13:17:09.796,1.39002,1.3903,1.70,1.70
2010.11.19 13:17:11.932,1.39011,1.39031,1.50,1.50
2010.11.19 13:17:15.032,1.39017,1.39033,1.50,1.50
2010.11.19 13:17:17.059,1.3901,1.39028,1.50,1.50
2010.11.19 13:17:20.765,1.39005,1.39027,2.60,1.50
2010.11.19 13:17:24.125,1.39008,1.3903,1.70,1.50
2010.11.19 13:17:26.877,1.39005,1.39031,1.60,1.40
2010.11.19 13:17:28.199,1.39006,1.39031,1.70,1.40
2010.11.19 13:17:30.426,1.39001,1.39026,1.50,2.30
2010.11.19 13:17:32.639,1.39001,1.39022,1.50,1.70
2010.11.19 13:17:33.709,1.38983,1.39013,1.60,1.60
2010.11.19 13:17:36.766,1.3899,1.39011,1.50,1.50
2010.11.19 13:17:38.916,1.38992,1.39017,1.50,1.70
2010.11.19 13:17:41.577,1.38995,1.3902,2.30,1.40
2010.11.19 13:17:45.089,1.38998,1.39021,1.50,1.40
2010.11.19 13:17:47.458,1.38998,1.39025,1.90,2.30
2010.11.19 13:17:47.577,1.39007,1.39031,1.50,2.90
2010.11.19 13:17:49.018,1.39015,1.39036,1.50,2.90
2010.11.19 13:17:52.058,1.39015,1.39036,1.60,1.40
2010.11.19 13:17:54.517,1.39019,1.3904,1.50,1.50
2010.11.19 13:17:57.247,1.39015,1.39037,1.50,1.50
2010.11.19 13:17:59.395,1.3902,1.39038,1.50,1.50
2010.11.19 13:18:01.647,1.39016,1.39037,1.70,1.50
2010.11.19 13:18:03.649,1.39013,1.39037,1.50,1.40
2010.11.19 13:18:06.722,1.39007,1.3903,1.50,1.50
2010.11.19 13:18:14.508,1.39007,1.39023,1.50,1.70
2010.11.19 13:18:17.405,1.39004,1.39024,1.50,1.50
2010.11.19 13:18:19.435,1.39004,1.39028,1.50,1.50
2010.11.19 13:18:23.717,1.39004,1.39025,1.50,1.30
2010.11.19 13:18:24.239,1.38991,1.39015,1.50,1.40
2010.11.19 13:18:26.963,1.39009,1.39031,1.50,1.50
2010.11.19 13:18:28.495,1.39009,1.39034,1.50,3.80
2010.11.19 13:18:28.718,1.38993,1.39007,2.30,1.40
2010.11.19 13:18:29.493,1.38972,1.38987,1.50,1.70
2010.11.19 13:18:30.169,1.38963,1.38984,1.50,1.70
2010.11.19 13:18:30.283,1.38963,1.38988,1.50,2.90
2010.11.19 13:18:31.808,1.38963,1.3899,1.70,1.40
2010.11.19 13:18:33.866,1.38968,1.38986,1.50,1.70
2010.11.19 13:18:34.323,1.38968,1.38994,1.50,1.40
2010.11.19 13:18:35.226,1.38965,1.38987,1.50,1.20
2010.11.19 13:18:35.336,1.38965,1.38979,1.50,1.70
2010.11.19 13:18:35.446,1.38959,1.38979,1.50,1.70
2010.11.19 13:18:37.505,1.38956,1.38979,1.50,1.60
2010.11.19 13:18:37.726,1.38956,1.38971,1.50,1.70
2010.11.19 13:18:39.945,1.38948,1.38974,1.50,1.40
2010.11.19 13:18:42.061,1.38952,1.38972,1.50,1.70
2010.11.19 13:18:44.277,1.38952,1.38976,1.50,1.40
2010.11.19 13:18:44.387,1.38945,1.38968,1.50,1.50
2010.11.19 13:18:44.499,1.38945,1.38971,2.30,3.00
2010.11.19 13:18:45.201,1.38933,1.38957,1.50,1.40
2010.11.19 13:18:45.649,1.3894,1.3896,1.50,1.50
2010.11.19 13:18:47.355,1.38939,1.38964,1.90,1.40
2010.11.19 13:18:50.079,1.38935,1.38964,1.50,1.40
2010.11.19 13:18:52.861,1.38935,1.38957,1.50,1.70
2010.11.19 13:18:54.537,1.38935,1.3895,1.50,1.50
2010.11.19 13:18:54.761,1.38925,1.38947,1.50,1.50
2010.11.19 13:18:57.747,1.38915,1.38941,2.50,1.40
2010.11.19 13:18:57.861,1.38928,1.38951,1.50,1.70
2010.11.19 13:19:00.277,1.38933,1.38957,1.50,1.60
2010.11.19 13:19:00.607,1.38933,1.38957,1.50,1.40
2010.11.19 13:19:01.397,1.38933,1.38957,1.50,3.00
2010.11.19 13:19:01.997,1.38938,1.38964,3.40,1.50
2010.11.19 13:19:03.528,1.38944,1.38957,1.50,1.70
2010.11.19 13:19:03.638,1.38933,1.38956,1.50,1.40
2010.11.19 13:19:04.205,1.38941,1.38966,3.00,1.40
2010.11.19 13:19:04.317,1.38947,1.38972,1.50,1.40
2010.11.19 13:19:04.977,1.38951,1.38966,1.50,1.20
2010.11.19 13:19:06.412,1.38946,1.38971,1.50,3.00
2010.11.19 13:19:14.107,1.38953,1.38971,1.50,1.70
2010.11.19 13:19:14.221,1.38953,1.38979,1.50,1.40
2010.11.19 13:19:15.266,1.38953,1.38972,1.50,1.70
2010.11.19 13:19:17.917,1.38949,1.38972,1.50,1.70
2010.11.19 13:19:20.528,1.38954,1.38972,1.50,1.70
2010.11.19 13:19:21.899,1.38937,1.38967,1.80,1.40
2010.11.19 13:19:24.648,1.38937,1.38963,1.50,1.40
2010.11.19 13:19:27.525,1.38937,1.38963,1.80,1.40
2010.11.19 13:19:27.746,1.38951,1.38972,1.50,1.70
2010.11.19 13:19:28.244,1.38945,1.38968,1.50,1.40
2010.11.19 13:19:29.747,1.3895,1.38965,1.70,1.40
2010.11.19 13:19:33.226,1.38943,1.38964,1.50,1.40
2010.11.19 13:19:35.425,1.38939,1.38964,1.50,1.40
2010.11.19 13:19:46.428,1.38935,1.38961,1.50,1.40
2010.11.19 13:19:50.258,1.38936,1.38961,1.60,1.40
2010.11.19 13:19:51.262,1.38935,1.38961,3.30,1.40
2010.11.19 13:19:56.619,1.38935,1.38961,3.30,1.40
2010.11.19 13:19:59.062,1.38935,1.38961,3.20,1.40
2010.11.19 13:20:00.407,1.38949,1.38957,1.70,1.40
2010.11.19 13:20:00.886,1.3894,1.38965,1.70,2.10
2010.11.19 13:20:01.003,1.38948,1.38962,1.50,1.70
2010.11.19 13:20:01.117,1.38948,1.38971,1.50,1.90
2010.11.19 13:20:03.816,1.38951,1.38979,1.50,1.40
2010.11.19 13:20:06.679,1.38954,1.38977,1.50,1.40
2010.11.19 13:20:11.273,1.38956,1.38981,1.50,1.40
2010.11.19 13:20:15.867,1.38952,1.38969,1.70,1.40
2010.11.19 13:20:15.978,1.38945,1.38969,1.50,1.40
2010.11.19 13:20:20.627,1.38942,1.38969,3.20,1.50
2010.11.19 13:20:21.205,1.38935,1.38964,1.50,1.70
2010.11.19 13:20:23.240,1.38937,1.38956,3.40,1.40
2010.11.19 13:20:23.363,1.38944,1.38967,1.50,1.40
2010.11.19 13:20:23.862,1.38952,1.38973,1.50,1.40
2010.11.19 13:20:24.862,1.38961,1.38984,2.40,2.20
2010.11.19 13:20:24.986,1.3896,1.38983,1.50,1.70
2010.11.19 13:20:26.289,1.38956,1.38974,1.50,1.70
2010.11.19 13:20:30.070,1.38953,1.3898,1.50,1.40
2010.11.19 13:20:31.315,1.38949,1.38977,1.50,2.30
2010.11.19 13:20:33.446,1.38951,1.38977,1.50,1.60
2010.11.19 13:20:33.936,1.38951,1.38967,1.50,1.70
2010.11.19 13:20:35.042,1.38946,1.38966,1.70,2.30
2010.11.19 13:20:37.776,1.38936,1.38959,1.70,1.40
2010.11.19 13:20:39.877,1.38939,1.38965,1.50,1.60
2010.11.19 13:20:40.208,1.38933,1.38958,1.50,1.70
2010.11.19 13:20:40.320,1.38922,1.38954,2.40,2.40
2010.11.19 13:20:40.757,1.38921,1.38948,1.50,1.40
2010.11.19 13:20:49.627,1.38932,1.38949,1.70,1.40
2010.11.19 13:20:49.956,1.3892,1.38945,1.50,2.40
2010.11.19 13:20:52.206,1.38921,1.38943,1.50,1.70
2010.11.19 13:20:59.329,1.38921,1.38944,1.50,1.70
2010.11.19 13:21:00.792,1.38925,1.38944,1.50,1.70
2010.11.19 13:21:01.022,1.38931,1.38952,1.50,1.40
2010.11.19 13:21:03.114,1.38928,1.3895,1.70,1.40
2010.11.19 13:21:07.322,1.38927,1.38953,1.50,1.10
2010.11.19 13:21:07.551,1.38916,1.38946,3.20,1.50
2010.11.19 13:21:10.048,1.38921,1.38948,1.50,1.40
2010.11.19 13:21:13.098,1.38925,1.38951,2.40,1.40
2010.11.19 13:21:16.591,1.38923,1.38947,1.50,1.40
2010.11.19 13:21:18.397,1.38923,1.38947,1.50,1.40
2010.11.19 13:21:21.475,1.38922,1.38943,1.50,1.70
2010.11.19 13:21:21.986,1.38927,1.38951,1.50,1.40
2010.11.19 13:21:25.567,1.3892,1.38945,1.50,1.70
2010.11.19 13:21:26.560,1.38922,1.38947,1.50,1.70
2010.11.19 13:21:26.671,1.38922,1.38948,1.50,1.40
2010.11.19 13:21:30.258,1.38922,1.3895,1.50,3.00
2010.11.19 13:21:33.222,1.38921,1.3895,1.50,1.40
2010.11.19 13:21:37.907,1.38919,1.38947,1.50,1.40
2010.11.19 13:21:40.407,1.38917,1.38944,2.40,1.40
2010.11.19 13:21:44.467,1.3892,1.38944,1.50,1.60
2010.11.19 13:21:46.170,1.38908,1.38934,1.60,1.40
2010.11.19 13:21:48.589,1.38906,1.38933,2.40,2.90
2010.11.19 13:21:48.928,1.38913,1.38939,1.50,1.40
2010.11.19 13:21:49.148,1.38913,1.38945,1.50,1.40
2010.11.19 13:21:49.624,1.38921,1.38944,1.50,1.40
2010.11.19 13:21:50.635,1.3892,1.38939,1.70,1.70
2010.11.19 13:21:53.276,1.38911,1.3894,1.50,2.60
2010.11.19 13:21:57.128,1.38915,1.38945,3.20,1.40
2010.11.19 13:21:59.425,1.38921,1.38947,1.50,1.40
2010.11.19 13:22:02.487,1.38913,1.3894,1.50,1.70
2010.11.19 13:22:04.582,1.38919,1.3894,1.50,1.90
2010.11.19 13:22:05.029,1.38925,1.38944,1.50,1.50
2010.11.19 13:22:05.529,1.38925,1.38949,1.50,2.30
2010.11.19 13:22:05.648,1.38933,1.38957,1.50,2.90
2010.11.19 13:22:06.086,1.38937,1.38956,1.50,1.50
2010.11.19 13:22:07.227,1.38931,1.38951,1.50,1.70
2010.11.19 13:22:10.579,1.38931,1.38955,1.50,1.40
2010.11.19 13:22:12.739,1.38927,1.38948,1.50,1.50
2010.11.19 13:22:14.362,1.38923,1.38946,1.50,1.70
2010.11.19 13:22:17.289,1.38928,1.38952,1.50,1.40
2010.11.19 13:22:22.157,1.3893,1.38952,1.70,1.40
2010.11.19 13:22:22.818,1.38937,1.38957,1.70,1.40
2010.11.19 13:22:24.529,1.3894,1.38962,1.50,1.70
2010.11.19 13:22:26.669,1.3894,1.38961,1.50,1.50
2010.11.19 13:22:27.691,1.38935,1.38956,1.70,1.50
2010.11.19 13:22:27.811,1.38929,1.38951,1.50,3.00
2010.11.19 13:22:29.850,1.3893,1.38952,1.70,2.90
2010.11.19 13:22:34.625,1.3893,1.38955,1.70,1.40
2010.11.19 13:22:37.556,1.38937,1.38959,1.50,1.50
2010.11.19 13:22:40.025,1.38933,1.38959,1.50,2.30
2010.11.19 13:22:40.145,1.38929,1.38956,1.50,2.50
2010.11.19 13:22:43.097,1.38922,1.3895,3.20,1.40
2010.11.19 13:22:53.193,1.3893,1.38953,1.50,1.40
2010.11.19 13:22:55.257,1.38933,1.38959,1.50,1.40
2010.11.19 13:22:58.266,1.3893,1.38956,1.70,1.40
2010.11.19 13:22:59.197,1.38933,1.38954,1.50,1.40
2010.11.19 13:23:02.829,1.38929,1.38954,1.50,1.50
2010.11.19 13:23:03.869,1.38932,1.38962,1.50,1.40
2010.11.19 13:23:05.699,1.38931,1.38955,1.50,1.40
2010.11.19 13:23:07.476,1.38924,1.3895,1.50,1.60
2010.11.19 13:23:10.069,1.38924,1.3895,1.50,1.40
2010.11.19 13:23:10.839,1.3893,1.38943,1.70,1.40
2010.11.19 13:23:11.382,1.3892,1.38943,1.70,1.40
2010.11.19 13:23:17.081,1.38926,1.38943,1.70,1.40
2010.11.19 13:23:17.202,1.38919,1.38943,1.50,1.40
2010.11.19 13:23:17.868,1.3893,1.38949,1.70,2.90
2010.11.19 13:23:21.198,1.38931,1.38952,1.50,1.40
2010.11.19 13:23:27.773,1.38931,1.38957,1.70,1.40
2010.11.19 13:23:27.999,1.38931,1.38957,1.50,1.40
2010.11.19 13:23:29.471,1.38931,1.38956,1.50,1.80
2010.11.19 13:23:29.698,1.38923,1.38947,1.50,1.70
2010.11.19 13:23:32.098,1.38921,1.38945,1.50,2.90
2010.11.19 13:23:34.642,1.38921,1.38945,1.50,2.90
2010.11.19 13:23:36.620,1.38917,1.38942,1.50,1.40
2010.11.19 13:23:39.627,1.38921,1.38945,1.50,1.40
2010.11.19 13:23:42.628,1.38925,1.38941,1.70,1.40
2010.11.19 13:23:42.849,1.38917,1.38941,3.20,1.40
2010.11.19 13:23:45.638,1.38917,1.38941,3.30,1.40
2010.11.19 13:23:47.492,1.38909,1.38928,1.70,1.40
2010.11.19 13:23:52.238,1.38917,1.38935,1.70,1.40
2010.11.19 13:23:55.981,1.38924,1.38945,1.70,1.40
2010.11.19 13:23:56.102,1.38924,1.38945,1.70,1.40
2010.11.19 13:23:59.480,1.38923,1.38945,1.90,1.40
2010.11.19 13:23:59.589,1.38926,1.38952,2.30,1.40
2010.11.19 13:24:00.429,1.3892,1.38946,1.50,1.60
2010.11.19 13:24:15.898,1.38919,1.38942,1.70,1.40
2010.11.19 13:24:18.678,1.38915,1.38942,1.50,1.40
2010.11.19 13:24:21.031,1.38922,1.38951,1.50,1.40
2010.11.19 13:24:23.096,1.3893,1.38954,1.50,1.40
2010.11.19 13:24:23.536,1.38926,1.38953,1.50,4.10
2010.11.19 13:24:28.446,1.38921,1.38948,1.50,1.40
2010.11.19 13:24:41.994,1.38919,1.38942,1.70,1.40
2010.11.19 13:24:44.197,1.38925,1.38951,1.50,1.40
2010.11.19 13:24:48.536,1.38935,1.38959,1.50,1.40
2010.11.19 13:24:49.231,1.3893,1.38953,1.70,1.70
2010.11.19 13:24:49.557,1.38929,1.38953,1.50,1.70
2010.11.19 13:24:57.255,1.3894,1.38954,1.70,1.40
2010.11.19 13:25:12.526,1.3894,1.38964,1.70,1.40
2010.11.19 13:25:14.159,1.38934,1.38958,1.50,1.40
2010.11.19 13:25:17.228,1.3894,1.38958,1.70,1.40
2010.11.19 13:25:20.936,1.38934,1.38958,1.70,1.40
2010.11.19 13:25:27.657,1.38939,1.38964,2.60,1.40
2010.11.19 13:25:30.419,1.3895,1.38969,1.70,1.40
2010.11.19 13:25:33.307,1.38943,1.38965,1.70,1.40
2010.11.19 13:25:35.597,1.38939,1.38961,1.10,1.40
2010.11.19 13:25:36.066,1.3894,1.38967,1.50,1.70
2010.11.19 13:25:57.273,1.38943,1.38966,1.50,1.40
2010.11.19 13:26:01.378,1.38944,1.38967,1.70,3.10
2010.11.19 13:26:02.017,1.38934,1.38963,2.50,3.00
2010.11.19 13:26:03.086,1.38934,1.3896,2.60,1.40
2010.11.19 13:26:05.298,1.3894,1.38966,1.50,1.40
2010.11.19 13:26:08.468,1.38945,1.38971,1.50,1.40
2010.11.19 13:26:10.717,1.38949,1.38965,1.70,1.40
2010.11.19 13:26:13.137,1.38952,1.38976,1.50,1.40
2010.11.19 13:26:16.168,1.38948,1.38976,2.40,1.40
2010.11.19 13:26:16.290,1.38944,1.38968,1.50,1.50
2010.11.19 13:26:16.401,1.38939,1.38968,1.50,1.50
2010.11.19 13:26:18.938,1.3895,1.38974,1.50,1.40
2010.11.19 13:26:21.193,1.38945,1.38969,1.50,1.40
2010.11.19 13:26:23.589,1.3895,1.38974,1.50,1.40
2010.11.19 13:26:26.631,1.38951,1.38974,1.70,1.40
2010.11.19 13:26:40.799,1.38953,1.38977,1.50,1.90
2010.11.19 13:26:44.588,1.38953,1.38979,1.50,1.40
2010.11.19 13:26:45.051,1.38964,1.38988,1.50,3.40
2010.11.19 13:26:47.059,1.38952,1.38979,1.50,2.30
2010.11.19 13:26:49.124,1.38948,1.38977,1.50,1.40
2010.11.19 13:26:52.758,1.38953,1.38979,1.50,1.60
2010.11.19 13:26:57.851,1.38953,1.38979,1.50,1.40
2010.11.19 13:26:59.958,1.38956,1.38979,1.70,1.40
2010.11.19 13:27:03.086,1.38951,1.3898,1.50,1.40
2010.11.19 13:27:07.289,1.38955,1.38979,1.50,1.10
2010.11.19 13:27:09.570,1.38951,1.38974,1.70,1.40
2010.11.19 13:27:09.679,1.38955,1.38979,1.50,1.40
2010.11.19 13:27:12.009,1.38959,1.38979,1.70,1.40
2010.11.19 13:27:16.827,1.38959,1.38984,2.40,1.40
2010.11.19 13:27:17.049,1.38952,1.38976,1.50,1.40
2010.11.19 13:27:17.707,1.38958,1.3898,1.90,1.40
2010.11.19 13:27:20.108,1.3896,1.38984,2.50,1.40
2010.11.19 13:27:20.558,1.3896,1.38984,1.70,1.40
2010.11.19 13:27:20.820,1.38967,1.38993,1.50,1.50
2010.11.19 13:27:23.010,1.38973,1.38999,1.50,2.90
2010.11.19 13:27:24.167,1.3897,1.38998,2.40,1.70
2010.11.19 13:27:26.173,1.38969,1.38995,1.50,1.70
2010.11.19 13:27:29.930,1.38974,1.38998,1.50,2.90
2010.11.19 13:27:31.680,1.38961,1.38987,1.50,1.40
2010.11.19 13:27:33.716,1.38962,1.38986,1.70,1.40
2010.11.19 13:27:36.558,1.38975,1.38992,1.70,1.40
2010.11.19 13:27:37.364,1.38978,1.39002,1.50,1.40
2010.11.19 13:27:38.713,1.38975,1.39001,1.70,1.40
2010.11.19 13:27:39.758,1.38983,1.39007,1.50,2.90
2010.11.19 13:27:40.787,1.38985,1.39007,1.70,2.30
2010.11.19 13:27:40.900,1.38977,1.39001,1.50,2.60
2010.11.19 13:27:41.535,1.38984,1.39001,1.50,1.50
2010.11.19 13:27:41.650,1.38984,1.39007,1.50,1.50
2010.11.19 13:27:43.729,1.38986,1.39007,1.70,1.40
2010.11.19 13:27:46.102,1.38986,1.39007,1.70,1.40
2010.11.19 13:27:49.656,1.38981,1.39006,1.50,2.10
2010.11.19 13:27:49.991,1.38977,1.38995,1.70,1.70
2010.11.19 13:27:50.485,1.38967,1.38993,1.50,3.20
2010.11.19 13:27:52.939,1.38963,1.38988,1.50,2.30
2010.11.19 13:27:54.648,1.38953,1.38983,1.50,1.60
2010.11.19 13:27:55.818,1.3896,1.38981,1.50,1.40
2010.11.19 13:27:58.759,1.38983,1.38992,1.70,10.70
2010.11.19 13:27:58.979,1.38996,1.39011,1.70,2.50
2010.11.19 13:27:59.489,1.38981,1.39007,3.20,1.40
2010.11.19 13:27:59.618,1.38998,1.39018,1.70,2.90
2010.11.19 13:27:59.728,1.38988,1.39018,2.40,2.90
2010.11.19 13:28:01.828,1.38987,1.39012,3.20,1.40
2010.11.19 13:28:02.667,1.38997,1.39012,1.70,1.40
2010.11.19 13:28:02.891,1.38994,1.39018,1.50,1.40
2010.11.19 13:28:05.221,1.38981,1.39007,1.50,1.40
2010.11.19 13:28:07.307,1.38989,1.39016,1.50,2.30
2010.11.19 13:28:10.701,1.38989,1.39016,1.50,2.30
2010.11.19 13:28:12.796,1.38986,1.39007,1.70,1.40
2010.11.19 13:28:17.828,1.38983,1.39007,1.50,1.40
2010.11.19 13:28:24.286,1.38987,1.39007,1.70,1.40
2010.11.19 13:28:31.600,1.38987,1.39007,1.70,1.60
2010.11.19 13:28:32.148,1.38976,1.39003,2.40,1.40
2010.11.19 13:28:34.069,1.38971,1.38997,1.50,1.40
2010.11.19 13:28:36.755,1.38981,1.39005,2.40,1.70
2010.11.19 13:28:37.883,1.38978,1.39003,1.70,1.40
2010.11.19 13:28:38.564,1.38992,1.39013,1.50,1.50
2010.11.19 13:28:39.525,1.38998,1.3902,1.50,1.50
2010.11.19 13:28:41.829,1.38994,1.39019,1.50,1.10
2010.11.19 13:28:44.530,1.38994,1.39019,1.50,2.30
2010.11.19 13:28:45.554,1.3899,1.39001,1.50,1.70
2010.11.19 13:28:45.779,1.38979,1.38998,1.50,1.70
2010.11.19 13:28:48.288,1.38982,1.39006,1.50,1.40
2010.11.19 13:28:49.002,1.38989,1.39013,1.50,2.90
2010.11.19 13:28:49.129,1.38982,1.39005,1.50,1.50
2010.11.19 13:28:49.809,1.38978,1.39002,1.50,1.40
2010.11.19 13:28:52.948,1.38974,1.38998,1.50,1.40
2010.11.19 13:29:03.248,1.3897,1.38994,1.50,1.60
2010.11.19 13:29:03.467,1.38962,1.38986,1.50,1.40
2010.11.19 13:29:10.450,1.38972,1.38996,1.50,1.40
2010.11.19 13:29:11.221,1.38978,1.39002,1.50,1.40
2010.11.19 13:29:14.152,1.38979,1.39005,1.50,1.40
2010.11.19 13:29:16.338,1.38983,1.39006,1.50,1.40
2010.11.19 13:29:16.779,1.38975,1.38999,1.50,2.30
2010.11.19 13:29:17.455,1.38968,1.38995,1.50,1.40
2010.11.19 13:29:19.920,1.38968,1.38995,1.50,1.40
2010.11.19 13:29:21.318,1.38971,1.38997,1.10,1.40
2010.11.19 13:29:21.430,1.38978,1.39001,1.70,2.90
2010.11.19 13:29:25.374,1.38978,1.39004,2.40,1.40
2010.11.19 13:29:26.624,1.38983,1.3901,1.50,1.40
2010.11.19 13:29:27.288,1.38992,1.39013,1.50,1.80
2010.11.19 13:29:30.207,1.38992,1.39017,1.50,1.70
2010.11.19 13:29:30.537,1.38992,1.39012,1.50,1.70
2010.11.19 13:29:33.856,1.3899,1.39018,1.50,1.40
2010.11.19 13:29:34.550,1.38993,1.39013,1.50,1.90
2010.11.19 13:29:39.044,1.38985,1.39009,1.50,1.40
2010.11.19 13:29:40.023,1.38985,1.39009,2.50,1.40
2010.11.19 13:29:40.146,1.39001,1.39016,1.70,1.40
2010.11.19 13:29:40.257,1.38988,1.39016,2.30,1.60
2010.11.19 13:29:43.018,1.38993,1.39015,1.70,1.40
2010.11.19 13:29:43.239,1.38993,1.39022,3.20,1.40
2010.11.19 13:29:43.347,1.38993,1.39025,3.30,2.90
2010.11.19 13:29:47.768,1.39004,1.3903,1.50,1.40
2010.11.19 13:29:49.789,1.39001,1.39027,1.50,1.40
2010.11.19 13:29:55.803,1.39006,1.39028,3.20,1.50
2010.11.19 13:29:57.307,1.39015,1.39034,2.60,1.40
2010.11.19 13:29:57.418,1.39017,1.39041,2.50,1.40
2010.11.19 13:29:57.638,1.39031,1.39047,1.70,1.50
2010.11.19 13:29:58.096,1.39021,1.39044,3.20,1.40
2010.11.19 13:30:02.073,1.39011,1.39045,1.50,1.40
2010.11.19 13:30:02.225,1.39012,1.39039,1.70,1.40
2010.11.19 13:30:04.660,1.3902,1.39043,1.50,2.30
2010.11.19 13:30:06.734,1.39011,1.39043,2.60,1.40
2010.11.19 13:30:09.089,1.39015,1.39044,1.50,1.50
2010.11.19 13:30:09.427,1.39021,1.39047,1.50,1.40
2010.11.19 13:30:11.679,1.3901,1.39037,1.50,1.40
2010.11.19 13:30:17.501,1.39005,1.39033,1.50,1.40
2010.11.19 13:30:18.825,1.39007,1.39023,1.70,1.70
2010.11.19 13:30:19.480,1.39002,1.39026,1.50,1.40
2010.11.19 13:30:23.384,1.39008,1.39033,3.20,1.60
2010.11.19 13:30:24.168,1.3901,1.39032,1.50,1.10
2010.11.19 13:30:24.770,1.38999,1.39025,1.50,2.30
2010.11.19 13:30:29.353,1.38996,1.39022,1.50,2.30
2010.11.19 13:30:31.388,1.39,1.39022,1.70,1.40
2010.11.19 13:30:34.097,1.38993,1.39019,1.50,1.40
2010.11.19 13:30:37.030,1.38994,1.3902,1.50,1.40
2010.11.19 13:30:41.749,1.39002,1.39026,1.50,1.40
2010.11.19 13:30:42.638,1.38999,1.39028,1.50,2.90
2010.11.19 13:30:42.968,1.38992,1.39026,1.50,2.30
2010.11.19 13:30:43.430,1.38992,1.39015,1.70,1.40
2010.11.19 13:30:43.758,1.38993,1.39015,2.60,1.40
2010.11.19 13:30:45.120,1.39001,1.39019,4.50,1.40
2010.11.19 13:30:45.595,1.39017,1.39029,1.70,1.60
2010.11.19 13:30:45.707,1.38997,1.39025,1.50,2.30
2010.11.19 13:30:46.148,1.3899,1.39016,1.50,2.30
2010.11.19 13:30:46.257,1.3899,1.39016,1.50,3.00
2010.11.19 13:30:50.348,1.38989,1.39007,1.70,1.40
2010.11.19 13:30:52.384,1.38986,1.3901,1.50,1.40
2010.11.19 13:30:55.270,1.38986,1.39005,1.50,1.70
2010.11.19 13:30:57.489,1.38993,1.39019,1.70,1.40
2010.11.19 13:30:57.603,1.39,1.39024,1.50,1.40
2010.11.19 13:30:58.727,1.39006,1.39035,2.50,1.40
2010.11.19 13:30:58.840,1.39011,1.39043,2.50,2.40
2010.11.19 13:30:58.950,1.39017,1.39043,1.50,1.70
2010.11.19 13:30:59.058,1.39017,1.39039,1.50,2.60
2010.11.19 13:30:59.624,1.3901,1.39031,1.50,1.40
2010.11.19 13:31:00.435,1.38998,1.39023,1.50,1.40
2010.11.19 13:31:00.879,1.39007,1.39023,1.70,1.40
2010.11.19 13:31:01.356,1.39006,1.39032,1.50,1.40
2010.11.19 13:31:03.682,1.39005,1.3903,1.50,1.40
2010.11.19 13:31:04.900,1.38995,1.39022,2.30,3.00
2010.11.19 13:31:05.022,1.38991,1.39015,1.70,1.40
2010.11.19 13:31:05.138,1.38983,1.39015,1.10,2.10
2010.11.19 13:31:07.740,1.38975,1.39005,3.00,1.40
2010.11.19 13:31:11.848,1.38969,1.39,3.20,1.40
2010.11.19 13:31:11.960,1.3897,1.38998,2.40,1.40
2010.11.19 13:31:12.072,1.38973,1.39002,2.30,1.40
2010.11.19 13:31:18.819,1.38972,1.38998,1.50,1.40
2010.11.19 13:31:22.913,1.38978,1.39006,1.50,1.40
2010.11.19 13:31:27.113,1.38976,1.39,1.50,1.40
2010.11.19 13:31:29.173,1.38963,1.38993,1.70,1.40
2010.11.19 13:31:30.441,1.3898,1.39004,1.50,1.40
2010.11.19 13:31:32.811,1.38971,1.38996,1.50,2.50
2010.11.19 13:31:33.358,1.38967,1.38991,1.50,1.70
2010.11.19 13:31:33.581,1.38959,1.38983,1.50,1.40
2010.11.19 13:31:34.098,1.38981,1.39001,1.70,4.40
2010.11.19 13:31:37.040,1.38979,1.39003,1.50,1.20
2010.11.19 13:31:37.157,1.38969,1.38993,1.50,1.40
2010.11.19 13:31:39.212,1.38972,1.38996,1.70,1.40
2010.11.19 13:31:39.660,1.38978,1.39002,1.50,1.40
2010.11.19 13:31:41.620,1.38985,1.39011,1.50,1.40
2010.11.19 13:31:41.840,1.38986,1.39015,1.70,1.40
2010.11.19 13:31:43.898,1.38994,1.39018,1.50,1.50
2010.11.19 13:31:46.522,1.38992,1.39015,1.70,1.40
2010.11.19 13:31:46.860,1.39004,1.39021,1.90,1.50
2010.11.19 13:31:46.969,1.39003,1.39033,1.50,2.90
2010.11.19 13:31:47.190,1.39003,1.39032,1.50,1.70
2010.11.19 13:31:47.760,1.38994,1.39024,3.00,1.40
2010.11.19 13:31:48.465,1.38987,1.39014,1.50,2.60
2010.11.19 13:31:48.594,1.3898,1.39009,2.30,2.50
2010.11.19 13:31:51.338,1.38979,1.39005,1.50,1.40
2010.11.19 13:31:55.196,1.38971,1.38997,1.50,1.40
2010.11.19 13:31:57.690,1.38972,1.39,1.50,1.40
2010.11.19 13:32:00.375,1.38981,1.39009,3.20,2.30
2010.11.19 13:32:06.977,1.38982,1.39009,1.50,1.40
2010.11.19 13:32:07.514,1.38978,1.39002,1.50,1.40
2010.11.19 13:32:09.779,1.38987,1.39013,1.50,1.40
2010.11.19 13:32:12.112,1.38987,1.39013,1.50,1.40
2010.11.19 13:32:15.199,1.38986,1.39009,1.50,1.40
2010.11.19 13:32:17.622,1.38997,1.39025,1.50,3.10
2010.11.19 13:32:20.040,1.38995,1.39017,1.50,1.70
2010.11.19 13:32:24.861,1.38995,1.39018,1.50,1.70
2010.11.19 13:32:28.308,1.38995,1.39017,1.50,2.00
2010.11.19 13:32:32.698,1.38992,1.39016,1.50,1.40
2010.11.19 13:32:34.708,1.38993,1.39021,1.50,1.40
2010.11.19 13:32:39.990,1.38985,1.39014,1.50,1.40
2010.11.19 13:32:40.104,1.38982,1.39008,1.50,1.40
2010.11.19 13:32:43.332,1.38983,1.39012,1.50,1.40
2010.11.19 13:32:49.053,1.38983,1.39013,1.50,3.10
2010.11.19 13:32:49.388,1.38984,1.39006,1.50,1.40
2010.11.19 13:32:52.613,1.38984,1.39006,1.50,1.40
2010.11.19 13:32:59.357,1.3898,1.39007,1.50,1.40
2010.11.19 13:33:01.374,1.38984,1.3901,1.50,1.40
2010.11.19 13:33:03.437,1.38986,1.3901,1.50,1.40
2010.11.19 13:33:05.610,1.38981,1.39006,1.70,1.40
2010.11.19 13:33:09.665,1.38973,1.39001,1.50,1.40
2010.11.19 13:33:10.773,1.38975,1.38998,1.50,1.70
2010.11.19 13:33:11.296,1.38978,1.39004,1.20,1.40
2010.11.19 13:33:13.455,1.38983,1.38996,1.70,1.40
2010.11.19 13:33:13.572,1.38972,1.38996,2.30,1.40
2010.11.19 13:33:14.580,1.38978,1.39002,1.50,2.90
2010.11.19 13:33:16.911,1.38978,1.39005,1.50,1.60
2010.11.19 13:33:17.350,1.38986,1.39012,2.40,2.10
2010.11.19 13:33:18.200,1.3898,1.39007,1.50,2.40
2010.11.19 13:33:20.318,1.38979,1.39003,1.50,1.40
2010.11.19 13:33:22.659,1.38976,1.39002,4.10,1.40
2010.11.19 13:33:22.773,1.38982,1.39013,1.50,1.40
2010.11.19 13:33:25.342,1.38987,1.39015,2.40,2.10
2010.11.19 13:33:32.833,1.38981,1.39007,2.50,1.40
2010.11.19 13:33:33.069,1.38988,1.39014,2.50,1.40
2010.11.19 13:33:33.288,1.38995,1.39021,1.50,1.40
2010.11.19 13:33:35.302,1.3899,1.39011,1.70,1.40
2010.11.19 13:33:36.129,1.38976,1.39,1.50,1.60
2010.11.19 13:33:38.407,1.38971,1.38999,1.50,1.40
2010.11.19 13:33:40.750,1.38972,1.38999,1.50,2.30
2010.11.19 13:33:41.267,1.38964,1.38994,1.50,1.40
2010.11.19 13:33:41.383,1.3896,1.38994,1.50,2.90
2010.11.19 13:33:44.280,1.38955,1.38982,3.20,1.40
2010.11.19 13:33:46.637,1.38955,1.38981,1.50,1.40
2010.11.19 13:33:52.075,1.38962,1.38989,1.50,1.40
2010.11.19 13:33:52.739,1.38967,1.38989,3.20,1.40
2010.11.19 13:33:53.195,1.3897,1.38995,3.20,1.40
2010.11.19 13:33:55.198,1.38966,1.38992,1.50,3.20
2010.11.19 13:33:57.662,1.38964,1.38987,1.70,1.40
2010.11.19 13:33:58.438,1.38963,1.38978,1.50,2.40
2010.11.19 13:33:58.897,1.38957,1.38964,1.50,1.70
2010.11.19 13:33:59.020,1.38932,1.38956,1.50,1.40
2010.11.19 13:34:00.283,1.38935,1.38958,6.00,1.40
2010.11.19 13:34:00.405,1.38945,1.38969,1.50,1.40
2010.11.19 13:34:00.632,1.38952,1.38972,1.50,1.50
2010.11.19 13:34:03.777,1.38948,1.38975,1.50,2.40
2010.11.19 13:34:04.330,1.38941,1.38967,1.50,1.70
2010.11.19 13:34:06.867,1.38935,1.38961,1.50,1.40
2010.11.19 13:34:09.030,1.38939,1.38963,1.50,1.60
2010.11.19 13:34:09.138,1.38934,1.38957,1.50,1.90
2010.11.19 13:34:10.709,1.38936,1.38967,3.20,1.40
2010.11.19 13:34:11.153,1.38943,1.38971,1.50,1.40
2010.11.19 13:34:16.041,1.38951,1.38972,1.70,1.40
2010.11.19 13:34:19.157,1.38941,1.38966,2.40,1.40
2010.11.19 13:34:21.468,1.38935,1.38963,2.30,1.60
2010.11.19 13:34:26.769,1.38931,1.38958,2.30,1.40
2010.11.19 13:34:29.052,1.38938,1.38966,1.50,1.40
2010.11.19 13:34:33.334,1.38936,1.3896,2.40,1.40
2010.11.19 13:34:34.730,1.38936,1.38964,2.40,1.40
2010.11.19 13:34:37.662,1.38946,1.38958,3.20,1.40
2010.11.19 13:34:37.772,1.3895,1.38969,1.70,1.40
2010.11.19 13:34:46.559,1.38949,1.38973,1.70,1.40
2010.11.19 13:34:50.957,1.38952,1.38976,1.50,1.40
2010.11.19 13:34:53.479,1.38952,1.38971,1.50,1.70
2010.11.19 13:35:13.787,1.38947,1.38971,1.50,1.70
2010.11.19 13:35:18.815,1.38947,1.38971,1.60,1.70
2010.11.19 13:35:23.539,1.38952,1.38976,1.90,1.40
2010.11.19 13:35:24.480,1.38958,1.38976,1.50,1.70
2010.11.19 13:35:24.590,1.38953,1.38984,1.70,3.00
2010.11.19 13:35:24.809,1.38954,1.38983,1.70,1.40
2010.11.19 13:35:26.827,1.38952,1.38977,1.50,3.00
2010.11.19 13:35:34.858,1.3895,1.38977,1.50,1.40
2010.11.19 13:35:37.937,1.38943,1.38969,1.50,1.40
2010.11.19 13:35:40.875,1.38943,1.38966,1.70,1.40
2010.11.19 13:35:42.568,1.38935,1.3896,1.70,1.40
2010.11.19 13:35:45.771,1.38935,1.3896,1.50,1.40
2010.11.19 13:35:48.067,1.38938,1.38964,1.50,3.10
2010.11.19 13:36:02.916,1.38933,1.38954,1.50,1.70
2010.11.19 13:36:04.740,1.38928,1.38953,1.50,6.90
2010.11.19 13:36:06.916,1.3893,1.38957,3.20,1.40
2010.11.19 13:36:09.729,1.3893,1.38953,1.50,3.00
2010.11.19 13:36:12.219,1.38921,1.38947,1.50,2.40
2010.11.19 13:36:14.591,1.38926,1.38948,1.50,1.40
2010.11.19 13:36:16.910,1.38935,1.38961,1.50,2.90
2010.11.19 13:36:19.046,1.38936,1.38961,1.50,2.30
2010.11.19 13:36:21.109,1.38951,1.38971,1.70,1.40
2010.11.19 13:36:26.549,1.38956,1.38981,2.50,4.50
2010.11.19 13:36:30.256,1.38951,1.38975,1.50,1.90
2010.11.19 13:36:30.369,1.38951,1.38975,1.50,1.90
2010.11.19 13:36:33.869,1.3894,1.38963,1.70,1.40
2010.11.19 13:36:39.262,1.38941,1.38962,1.70,1.40
2010.11.19 13:36:41.529,1.38939,1.38966,1.50,1.50
2010.11.19 13:36:44.248,1.38939,1.38964,1.50,1.70
2010.11.19 13:36:46.289,1.38939,1.38964,1.50,1.90
2010.11.19 13:36:48.603,1.38935,1.38955,1.70,1.40
2010.11.19 13:36:48.748,1.38925,1.38955,4.70,1.40
2010.11.19 13:36:50.936,1.38932,1.38961,1.70,1.40
2010.11.19 13:36:54.199,1.38937,1.38961,1.50,1.40
2010.11.19 13:36:57.541,1.3894,1.38964,1.50,3.00
2010.11.19 13:36:57.991,1.38932,1.38955,1.50,1.70
2010.11.19 13:36:59.380,1.38928,1.38952,6.00,1.40
2010.11.19 13:36:59.929,1.38934,1.38956,1.50,1.90
2010.11.19 13:37:02.231,1.38938,1.38962,1.50,1.40
2010.11.19 13:37:05.238,1.38941,1.38965,1.50,1.40
2010.11.19 13:37:05.570,1.38949,1.38965,1.90,1.40
2010.11.19 13:37:05.791,1.38941,1.38965,3.00,1.40
2010.11.19 13:37:08.449,1.38946,1.38972,1.50,1.40
2010.11.19 13:37:11.992,1.38942,1.38964,1.50,1.70
2010.11.19 13:37:12.219,1.3894,1.38962,1.50,1.70
2010.11.19 13:37:14.309,1.38943,1.38968,1.50,1.60
2010.11.19 13:37:30.048,1.38943,1.38964,1.50,1.70
2010.11.19 13:37:33.209,1.38936,1.38964,1.50,3.00
2010.11.19 13:37:33.759,1.38947,1.38973,1.70,1.40
2010.11.19 13:37:35.934,1.38951,1.38976,1.50,2.90
2010.11.19 13:37:36.057,1.38956,1.38976,1.90,2.90
2010.11.19 13:37:38.147,1.38955,1.38976,1.50,1.40
2010.11.19 13:37:39.368,1.3896,1.38981,1.50,1.50
2010.11.19 13:37:41.608,1.38957,1.38981,1.50,1.40
2010.11.19 13:37:46.649,1.38948,1.38974,1.50,1.40
2010.11.19 13:37:50.040,1.38936,1.38959,1.50,1.40
2010.11.19 13:37:58.329,1.38936,1.38959,1.70,1.40
2010.11.19 13:38:00.534,1.38939,1.38969,1.70,1.40
2010.11.19 13:38:02.688,1.38943,1.38971,1.50,1.40
2010.11.19 13:38:04.732,1.38938,1.38962,1.50,1.40
2010.11.19 13:38:05.281,1.38944,1.38962,1.70,1.40
2010.11.19 13:38:05.719,1.38949,1.38974,1.90,1.40
2010.11.19 13:38:09.440,1.38951,1.38973,1.70,1.40
2010.11.19 13:38:11.510,1.38955,1.38978,1.70,1.40
2010.11.19 13:38:16.091,1.38954,1.38981,3.40,1.40
2010.11.19 13:38:22.228,1.38954,1.38976,3.20,1.40
2010.11.19 13:38:24.468,1.38954,1.38978,1.50,1.40
2010.11.19 13:38:24.590,1.38957,1.38984,1.70,1.40
2010.11.19 13:38:31.688,1.38956,1.38979,2.50,1.40
2010.11.19 13:38:31.825,1.38969,1.38997,1.70,3.80
2010.11.19 13:38:32.642,1.38966,1.38991,1.70,1.40
2010.11.19 13:38:38.481,1.38966,1.38989,1.50,1.70
2010.11.19 13:38:38.702,1.3896,1.38979,1.50,1.70
2010.11.19 13:38:39.968,1.38962,1.38988,1.50,1.40
2010.11.19 13:38:49.168,1.38963,1.38985,1.50,1.70
2010.11.19 13:38:53.244,1.38963,1.38986,1.70,2.40
2010.11.19 13:38:55.240,1.38963,1.3899,1.50,2.80
2010.11.19 13:38:57.821,1.3896,1.38987,1.50,1.40
2010.11.19 13:38:57.928,1.38956,1.38987,1.70,1.50
2010.11.19 13:38:58.773,1.38949,1.38975,1.70,1.40
2010.11.19 13:39:00.928,1.38951,1.38974,1.50,1.40
2010.11.19 13:39:03.459,1.38952,1.38973,3.20,1.40
2010.11.19 13:39:03.791,1.38961,1.38981,1.50,1.40
2010.11.19 13:39:04.502,1.38961,1.3899,1.50,1.40
2010.11.19 13:39:05.195,1.3897,1.38992,1.50,1.40
2010.11.19 13:39:06.040,1.3896,1.38981,1.50,1.40
2010.11.19 13:39:06.375,1.38964,1.38991,1.50,1.40
2010.11.19 13:39:07.389,1.38975,1.38998,1.50,1.40
2010.11.19 13:39:08.212,1.38965,1.38989,1.50,1.40
2010.11.19 13:39:13.539,1.38965,1.38989,1.50,1.60
2010.11.19 13:39:14.115,1.3896,1.38985,2.30,1.40
2010.11.19 13:39:14.809,1.38962,1.38984,4.10,1.40
2010.11.19 13:39:15.641,1.38973,1.39002,1.70,1.40
2010.11.19 13:39:16.384,1.3898,1.39003,1.50,1.70
2010.11.19 13:39:16.506,1.38967,1.38997,1.70,1.40
2010.11.19 13:39:19.070,1.38964,1.38988,1.50,3.00
2010.11.19 13:39:19.290,1.38957,1.38988,1.50,3.00
2010.11.19 13:39:22.445,1.38958,1.38987,1.50,1.40
2010.11.19 13:39:25.929,1.38958,1.38983,1.50,2.10
2010.11.19 13:39:28.699,1.38958,1.38987,1.50,1.40
2010.11.19 13:39:33.069,1.38967,1.38992,1.50,1.40
2010.11.19 13:39:33.649,1.38971,1.38995,1.50,1.40
2010.11.19 13:39:41.100,1.38967,1.38994,1.50,1.40
2010.11.19 13:39:43.000,1.3897,1.39002,1.70,1.40
2010.11.19 13:39:43.110,1.38978,1.39002,1.50,1.40
2010.11.19 13:39:46.097,1.38974,1.39002,1.50,1.40
2010.11.19 13:39:49.580,1.38981,1.39004,1.50,1.70
2010.11.19 13:39:51.378,1.38977,1.39004,6.20,1.40
2010.11.19 13:39:52.387,1.38981,1.39005,1.50,1.40
2010.11.19 13:39:55.391,1.38988,1.39014,1.50,1.40
2010.11.19 13:40:03.297,1.38988,1.39017,1.60,1.40
2010.11.19 13:40:05.809,1.38994,1.39018,1.70,1.40
2010.11.19 13:40:17.857,1.38994,1.3902,2.70,1.40
2010.11.19 13:40:19.190,1.38983,1.39007,2.50,1.70
2010.11.19 13:40:19.308,1.38975,1.39006,3.20,1.40
2010.11.19 13:40:19.530,1.3898,1.39006,2.50,1.40
2010.11.19 13:40:22.892,1.38987,1.39009,1.50,1.40
2010.11.19 13:40:25.768,1.38989,1.39015,1.50,1.40
2010.11.19 13:40:28.264,1.3899,1.39018,1.50,1.70
2010.11.19 13:40:28.711,1.39001,1.39024,1.90,1.40
2010.11.19 13:40:28.831,1.39003,1.39029,1.70,1.40
2010.11.19 13:40:34.849,1.38999,1.39025,1.50,1.40
2010.11.19 13:40:35.585,1.3899,1.39018,1.70,1.40
2010.11.19 13:40:37.800,1.38995,1.39023,1.80,1.40
2010.11.19 13:40:38.373,1.38988,1.39012,4.50,1.40
2010.11.19 13:40:38.497,1.38984,1.39012,2.40,1.40
2010.11.19 13:40:38.611,1.38988,1.39012,1.90,1.40
2010.11.19 13:40:40.382,1.3899,1.39014,3.40,1.40
2010.11.19 13:40:42.319,1.39001,1.39025,1.50,1.40
2010.11.19 13:40:48.367,1.38997,1.39025,3.40,1.40
2010.11.19 13:40:57.251,1.38997,1.39022,2.40,1.40
2010.11.19 13:40:57.787,1.38988,1.39017,1.70,1.40
2010.11.19 13:40:58.119,1.38984,1.39008,1.50,1.40
2010.11.19 13:41:00.301,1.38992,1.39016,1.70,1.40
2010.11.19 13:41:00.520,1.38994,1.39024,1.70,1.40
2010.11.19 13:41:02.549,1.38994,1.39018,1.50,1.40
2010.11.19 13:41:06.768,1.38997,1.39023,1.50,1.40
2010.11.19 13:41:07.656,1.38989,1.39015,1.50,1.40
2010.11.19 13:41:10.582,1.38993,1.39017,3.60,1.40
2010.11.19 13:41:11.038,1.38995,1.39023,2.60,1.40
2010.11.19 13:41:11.271,1.38994,1.39017,1.70,2.30
2010.11.19 13:41:15.093,1.3899,1.39014,2.50,1.40
2010.11.19 13:41:18.658,1.38993,1.39018,2.60,1.40
2010.11.19 13:41:21.131,1.38994,1.39018,4.70,1.40
2010.11.19 13:41:21.580,1.39003,1.39026,2.60,1.40
2010.11.19 13:41:22.323,1.38998,1.39024,1.50,2.40
2010.11.19 13:41:22.673,1.38997,1.3902,1.50,1.40
2010.11.19 13:41:24.229,1.38994,1.39018,4.00,1.40
2010.11.19 13:41:24.340,1.39,1.39026,1.70,1.40
2010.11.19 13:41:26.537,1.38997,1.39023,3.00,1.40
2010.11.19 13:41:27.089,1.39001,1.39023,1.20,1.40
2010.11.19 13:41:30.830,1.38993,1.39019,3.00,1.40
2010.11.19 13:41:35.699,1.38994,1.39022,1.50,1.40
2010.11.19 13:41:40.377,1.38998,1.39022,1.50,1.60
2010.11.19 13:41:40.711,1.38998,1.39005,1.50,1.70
2010.11.19 13:41:40.930,1.38993,1.39018,3.20,1.40
2010.11.19 13:41:43.358,1.3899,1.39017,1.50,1.40
2010.11.19 13:41:45.472,1.38997,1.39023,1.50,1.40
2010.11.19 13:41:47.606,1.39002,1.39028,1.50,1.40
2010.11.19 13:41:52.426,1.38994,1.39022,1.50,1.40
2010.11.19 13:41:55.680,1.38995,1.39022,1.70,1.40
2010.11.19 13:41:56.147,1.39004,1.39028,1.50,1.40
2010.11.19 13:42:00.630,1.39001,1.39025,1.70,1.40
2010.11.19 13:42:00.851,1.38995,1.39026,1.60,1.40
2010.11.19 13:42:02.872,1.39005,1.39033,1.50,1.40
2010.11.19 13:42:14.313,1.39009,1.39034,1.50,1.40
2010.11.19 13:42:14.761,1.39006,1.39028,3.00,1.40
2010.11.19 13:42:15.310,1.39011,1.39034,1.50,1.70
2010.11.19 13:42:16.663,1.39007,1.39028,1.50,1.40
2010.11.19 13:42:18.776,1.39002,1.39025,2.50,1.40
2010.11.19 13:42:23.752,1.38996,1.39024,3.00,1.40
2010.11.19 13:42:25.650,1.39006,1.3902,1.20,1.40
2010.11.19 13:42:25.982,1.39014,1.39031,1.70,1.40
2010.11.19 13:42:26.579,1.39003,1.3903,1.70,5.30
2010.11.19 13:42:28.363,1.39,1.3903,1.50,2.90
2010.11.19 13:42:30.439,1.38998,1.39024,3.20,1.40
2010.11.19 13:42:37.797,1.38997,1.39023,3.20,1.40
2010.11.19 13:42:40.380,1.38998,1.39023,1.50,1.40
2010.11.19 13:42:43.560,1.38997,1.39022,1.50,1.70
2010.11.19 13:42:45.790,1.38999,1.39026,3.00,1.40
2010.11.19 13:42:50.295,1.38996,1.39024,3.40,1.40
2010.11.19 13:42:51.741,1.38992,1.39021,3.20,2.60
2010.11.19 13:42:57.167,1.38985,1.39012,1.50,1.40
2010.11.19 13:43:01.939,1.38982,1.39009,2.70,1.40
2010.11.19 13:43:02.381,1.38993,1.39016,1.90,1.40
2010.11.19 13:43:02.955,1.38983,1.39008,1.50,1.60
2010.11.19 13:43:03.288,1.38977,1.39002,1.90,1.40
2010.11.19 13:43:06.859,1.38979,1.39005,1.70,1.40
2010.11.19 13:43:09.156,1.3898,1.39005,1.70,1.40
2010.11.19 13:43:13.720,1.38979,1.39003,1.50,1.40
2010.11.19 13:43:14.379,1.38974,1.39,1.50,1.40
2010.11.19 13:43:20.398,1.38978,1.39004,1.80,1.40
2010.11.19 13:43:25.257,1.38978,1.39004,1.50,1.60
2010.11.19 13:43:27.968,1.38972,1.38999,1.50,1.40
2010.11.19 13:43:37.728,1.38972,1.38998,1.50,1.40
2010.11.19 13:43:39.740,1.38972,1.38998,1.60,1.70
2010.11.19 13:43:42.408,1.38971,1.38997,1.50,1.40
2010.11.19 13:43:44.168,1.38972,1.39003,3.10,1.40
2010.11.19 13:43:44.278,1.38979,1.39003,1.50,1.40
2010.11.19 13:43:49.603,1.38983,1.39007,1.50,1.40
2010.11.19 13:43:55.149,1.38978,1.39004,1.60,1.40
2010.11.19 13:43:55.479,1.38988,1.39012,1.50,1.40
2010.11.19 13:43:57.550,1.3899,1.39012,1.50,1.40
2010.11.19 13:44:03.218,1.38991,1.39014,1.50,1.70
2010.11.19 13:44:07.910,1.38994,1.39016,1.50,2.10
2010.11.19 13:44:08.910,1.38985,1.39008,1.50,1.70
2010.11.19 13:44:09.028,1.38979,1.39001,1.50,1.90
2010.11.19 13:44:10.617,1.3897,1.38999,1.50,1.60
2010.11.19 13:44:17.897,1.3897,1.38997,1.50,1.40
2010.11.19 13:44:20.049,1.38972,1.38998,1.50,1.40
2010.11.19 13:44:27.762,1.38977,1.39002,1.50,2.40
2010.11.19 13:44:29.820,1.38977,1.39002,1.50,2.40
2010.11.19 13:44:32.018,1.38971,1.38995,1.50,1.40
2010.11.19 13:44:40.624,1.38972,1.38994,1.50,1.40
2010.11.19 13:44:49.582,1.38966,1.38995,3.00,1.60
2010.11.19 13:44:52.328,1.38966,1.38991,1.50,1.40
2010.11.19 13:44:54.775,1.38969,1.3899,1.50,1.40
2010.11.19 13:44:55.791,1.38968,1.38994,1.50,1.40
2010.11.19 13:44:57.226,1.38967,1.38987,1.50,1.70
2010.11.19 13:44:59.663,1.38969,1.38995,2.30,1.40
2010.11.19 13:45:01.708,1.38965,1.3899,2.30,1.40
2010.11.19 13:45:04.076,1.38964,1.38986,1.50,1.40
2010.11.19 13:45:06.526,1.38966,1.38986,1.50,1.40
2010.11.19 13:45:11.109,1.38957,1.38981,1.50,1.40
2010.11.19 13:45:14.942,1.38964,1.38985,1.50,1.40
2010.11.19 13:45:15.571,1.38954,1.38977,1.50,1.70
2010.11.19 13:45:15.682,1.3896,1.38982,1.50,2.90
2010.11.19 13:45:17.821,1.3896,1.38978,1.50,1.70
2010.11.19 13:45:24.460,1.38953,1.38978,1.50,1.70
2010.11.19 13:45:27.038,1.38956,1.38982,1.50,2.30
2010.11.19 13:45:30.958,1.38957,1.38978,1.50,1.70
2010.11.19 13:45:31.399,1.38963,1.38981,1.50,3.40
2010.11.19 13:45:33.070,1.38974,1.38985,1.70,1.40
2010.11.19 13:45:33.401,1.38962,1.38984,1.50,1.90
2010.11.19 13:45:33.511,1.38962,1.38989,1.50,2.60
2010.11.19 13:45:34.103,1.38962,1.38981,1.50,1.50
2010.11.19 13:45:36.561,1.38962,1.3899,1.50,1.40
2010.11.19 13:45:39.534,1.38962,1.3899,1.50,1.50
2010.11.19 13:45:46.550,1.38962,1.38984,1.50,1.90
2010.11.19 13:45:46.880,1.38957,1.38981,1.50,1.40
2010.11.19 13:45:56.066,1.38957,1.38976,1.50,1.50
2010.11.19 13:45:57.979,1.38957,1.3898,1.50,1.70
2010.11.19 13:45:58.475,1.38947,1.38976,1.70,1.40
2010.11.19 13:46:01.259,1.38961,1.38988,1.50,1.40
2010.11.19 13:46:03.849,1.3897,1.38996,1.50,2.30
2010.11.19 13:46:06.051,1.38978,1.39004,1.50,1.40
2010.11.19 13:46:09.552,1.38975,1.38999,1.70,1.40
2010.11.19 13:46:10.006,1.38983,1.39003,1.70,1.40
2010.11.19 13:46:10.130,1.38965,1.3899,1.50,1.40
2010.11.19 13:46:12.661,1.38963,1.38989,2.30,1.40
2010.11.19 13:46:13.135,1.38982,1.39003,3.20,1.40
2010.11.19 13:46:15.339,1.38979,1.39003,1.50,1.40
2010.11.19 13:46:18.546,1.38983,1.39003,1.70,1.40
2010.11.19 13:46:22.588,1.38983,1.39009,2.40,1.40
2010.11.19 13:46:22.705,1.38985,1.39009,1.50,1.40
2010.11.19 13:46:24.067,1.38994,1.3901,1.70,1.40
2010.11.19 13:46:32.709,1.38995,1.39019,1.50,1.40
2010.11.19 13:46:38.129,1.3899,1.39016,1.50,1.40
2010.11.19 13:46:38.790,1.3899,1.39021,1.70,1.40
2010.11.19 13:46:51.350,1.38994,1.39017,1.70,1.40
2010.11.19 13:46:51.460,1.38999,1.39023,1.50,1.40
2010.11.19 13:46:54.670,1.38997,1.39018,1.70,1.40
2010.11.19 13:46:56.849,1.38994,1.39018,1.50,1.40
2010.11.19 13:47:14.160,1.3899,1.39014,1.50,1.40
2010.11.19 13:47:19.409,1.3899,1.3901,1.50,1.70
2010.11.19 13:47:29.611,1.38993,1.39014,2.00,1.40
2010.11.19 13:47:32.280,1.3899,1.39014,1.50,1.40
2010.11.19 13:47:36.206,1.38989,1.3901,1.70,1.40
2010.11.19 13:47:40.293,1.38982,1.39008,1.50,1.40
2010.11.19 13:47:43.982,1.38982,1.39008,1.50,1.40
2010.11.19 13:47:46.303,1.38975,1.39002,3.00,3.00
2010.11.19 13:47:46.531,1.38975,1.38996,1.50,1.40
2010.11.19 13:47:47.019,1.38968,1.38997,3.20,1.40
2010.11.19 13:47:49.124,1.38965,1.38992,1.70,1.40
2010.11.19 13:47:49.569,1.38963,1.38992,2.40,1.50
2010.11.19 13:47:50.136,1.38963,1.3899,2.60,1.40
2010.11.19 13:47:56.200,1.38957,1.38989,1.50,1.40
2010.11.19 13:47:56.312,1.38957,1.38982,1.50,1.70
2010.11.19 13:48:00.485,1.38955,1.38979,1.50,1.40
2010.11.19 13:48:03.264,1.38958,1.38979,1.50,1.40
2010.11.19 13:48:04.658,1.38959,1.38979,2.40,1.40
2010.11.19 13:48:05.287,1.38969,1.38993,1.70,1.40
2010.11.19 13:48:05.854,1.38968,1.38997,2.40,1.40
2010.11.19 13:48:08.235,1.38973,1.38999,1.50,1.40
2010.11.19 13:48:11.040,1.38973,1.38995,1.50,4.10
2010.11.19 13:48:11.153,1.38964,1.38984,1.70,1.40
2010.11.19 13:48:11.636,1.3897,1.38994,1.50,1.40
2010.11.19 13:48:15.550,1.3897,1.38998,1.50,1.40
2010.11.19 13:48:22.138,1.38972,1.38994,1.70,1.40
2010.11.19 13:48:28.828,1.3897,1.38994,1.50,1.40
2010.11.19 13:48:31.950,1.38962,1.38988,1.50,1.40
2010.11.19 13:48:32.528,1.38972,1.38994,1.70,1.40
2010.11.19 13:48:32.973,1.38966,1.3899,1.50,1.40
2010.11.19 13:48:40.897,1.38963,1.3899,1.50,1.40
2010.11.19 13:48:51.713,1.38959,1.38987,1.50,1.40
2010.11.19 13:48:55.213,1.38956,1.38979,1.50,1.70
2010.11.19 13:49:01.229,1.38952,1.38979,1.50,1.40
2010.11.19 13:49:03.710,1.38956,1.38981,1.50,1.40
2010.11.19 13:49:06.043,1.38956,1.38981,3.40,1.40
2010.11.19 13:49:08.927,1.38959,1.3898,1.50,1.40
2010.11.19 13:49:12.481,1.38959,1.3898,1.50,1.40
2010.11.19 13:49:13.415,1.38966,1.3899,2.50,1.40
2010.11.19 13:49:13.529,1.38966,1.38997,3.20,1.40
2010.11.19 13:49:18.299,1.38975,1.38999,1.50,1.70
2010.11.19 13:49:20.669,1.38968,1.38997,1.50,1.40
2010.11.19 13:49:26.342,1.38961,1.3899,1.50,1.70
2010.11.19 13:49:26.460,1.38957,1.38987,3.00,1.40
2010.11.19 13:49:29.538,1.38957,1.38981,3.20,1.40
2010.11.19 13:49:30.779,1.38967,1.38991,1.50,1.40
2010.11.19 13:49:32.741,1.38956,1.38982,1.50,1.40
2010.11.19 13:49:32.858,1.38956,1.38975,1.50,1.70
2010.11.19 13:49:34.938,1.38956,1.38975,1.50,2.40
2010.11.19 13:49:35.271,1.38949,1.38973,1.50,3.10
2010.11.19 13:49:39.941,1.38949,1.38973,1.50,1.40
2010.11.19 13:49:43.212,1.3894,1.38955,2.30,1.70
2010.11.19 13:49:43.341,1.38934,1.3896,3.00,3.00
2010.11.19 13:49:45.821,1.38917,1.38942,1.70,1.40
2010.11.19 13:49:46.772,1.38927,1.38954,1.70,1.40
2010.11.19 13:49:49.349,1.38931,1.38957,1.70,1.40
2010.11.19 13:49:49.467,1.38925,1.38953,1.70,1.40
2010.11.19 13:49:50.279,1.38929,1.38953,1.70,1.40
2010.11.19 13:49:58.030,1.38939,1.38962,2.10,1.40
2010.11.19 13:49:58.139,1.3894,1.38964,2.60,3.00
2010.11.19 13:49:59.479,1.38933,1.38959,1.70,1.40
2010.11.19 13:50:02.150,1.38933,1.38959,1.50,1.40
2010.11.19 13:50:07.505,1.38935,1.38959,1.70,1.40
2010.11.19 13:50:13.748,1.38936,1.38959,1.70,1.40
2010.11.19 13:50:16.210,1.3893,1.38954,1.50,1.40
2010.11.19 13:50:32.104,1.3893,1.38946,1.50,1.40
2010.11.19 13:50:34.309,1.38921,1.38944,1.50,1.40
2010.11.19 13:50:38.989,1.38921,1.38949,3.20,1.40
2010.11.19 13:50:39.645,1.3893,1.38955,3.00,1.40
2010.11.19 13:50:41.915,1.38927,1.38955,1.50,1.40
2010.11.19 13:50:44.203,1.38931,1.38952,1.50,1.40
2010.11.19 13:50:47.431,1.38929,1.38951,1.70,1.40
2010.11.19 13:50:47.759,1.38937,1.38955,1.70,1.40
2010.11.19 13:50:47.980,1.38944,1.38963,1.70,1.40
2010.11.19 13:50:48.312,1.38938,1.38968,2.50,1.40
2010.11.19 13:50:53.053,1.3894,1.38967,1.50,1.40
2010.11.19 13:50:55.037,1.38933,1.38963,2.40,1.40
2010.11.19 13:50:58.511,1.38941,1.38965,1.70,1.40
2010.11.19 13:51:00.949,1.38942,1.38965,1.50,1.40
2010.11.19 13:51:04.436,1.38936,1.3896,1.50,1.40
2010.11.19 13:51:04.884,1.38942,1.38968,1.50,1.40
2010.11.19 13:51:18.233,1.38947,1.38971,1.50,1.40
2010.11.19 13:51:24.660,1.38942,1.38966,1.50,1.70
2010.11.19 13:51:26.453,1.38948,1.38974,1.50,3.00
2010.11.19 13:51:27.286,1.38954,1.3898,1.50,3.00
2010.11.19 13:51:29.442,1.38941,1.38972,1.70,1.40
2010.11.19 13:51:31.292,1.38931,1.38956,1.70,1.50
2010.11.19 13:51:31.863,1.38935,1.38953,1.70,1.40
2010.11.19 13:51:32.388,1.38935,1.38961,1.50,1.40
2010.11.19 13:51:33.460,1.38941,1.38961,1.20,1.40
2010.11.19 13:51:33.579,1.38942,1.38971,1.50,4.00
2010.11.19 13:51:33.804,1.38937,1.38961,1.50,1.40
2010.11.19 13:51:35.502,1.38935,1.38956,1.50,1.40
2010.11.19 13:51:37.838,1.38932,1.38956,1.50,1.40
2010.11.19 13:51:39.341,1.38932,1.38956,4.00,1.40
2010.11.19 13:51:40.087,1.38929,1.3895,1.50,1.70
2010.11.19 13:51:40.906,1.38936,1.38953,1.90,2.30
2010.11.19 13:51:41.013,1.38935,1.38956,1.70,1.40
2010.11.19 13:51:41.509,1.38936,1.38969,3.40,1.40
2010.11.19 13:51:43.562,1.38948,1.3897,1.50,1.80
2010.11.19 13:51:45.629,1.38944,1.38973,1.50,3.00
2010.11.19 13:51:46.934,1.38939,1.38968,1.50,1.40
2010.11.19 13:51:47.052,1.38939,1.38968,1.50,1.40
2010.11.19 13:51:50.076,1.38954,1.38978,1.50,2.50
2010.11.19 13:51:52.124,1.38944,1.3897,1.50,3.40
2010.11.19 13:51:54.236,1.38944,1.38971,1.50,1.40
2010.11.19 13:51:55.291,1.38932,1.38959,1.50,2.00
2010.11.19 13:51:56.189,1.38944,1.3897,1.50,1.40
2010.11.19 13:51:58.600,1.38933,1.38959,1.50,1.40
2010.11.19 13:52:01.288,1.38937,1.38965,1.50,1.10
2010.11.19 13:52:04.993,1.3894,1.38964,2.60,1.40
2010.11.19 13:52:05.447,1.38947,1.38973,1.90,1.40
2010.11.19 13:52:05.570,1.3894,1.38966,1.50,2.90
2010.11.19 13:52:08.419,1.38947,1.38971,1.50,1.40
2010.11.19 13:52:09.460,1.38956,1.38981,1.50,2.30
2010.11.19 13:52:11.701,1.38947,1.38977,1.70,3.00
2010.11.19 13:52:11.809,1.38947,1.38971,1.70,1.40
2010.11.19 13:52:13.779,1.38948,1.38972,1.70,1.40
2010.11.19 13:52:16.792,1.38943,1.38964,1.50,1.70
2010.11.19 13:52:18.949,1.38943,1.38964,1.50,1.90
2010.11.19 13:52:19.941,1.38932,1.3895,1.50,1.70
2010.11.19 13:52:20.615,1.38932,1.38958,1.70,1.40
2010.11.19 13:52:21.966,1.38929,1.3895,1.50,1.70
2010.11.19 13:52:22.301,1.38929,1.3895,2.50,1.70
2010.11.19 13:52:22.816,1.38934,1.38962,1.70,1.40
2010.11.19 13:52:24.963,1.38937,1.38961,1.70,1.40
2010.11.19 13:52:28.009,1.38941,1.38965,2.30,1.40
2010.11.19 13:52:30.480,1.38937,1.38962,2.30,1.40
2010.11.19 13:52:33.093,1.38941,1.38962,2.30,1.40
2010.11.19 13:52:35.270,1.38937,1.38961,2.50,1.40
2010.11.19 13:52:37.479,1.38938,1.38962,2.00,1.40
2010.11.19 13:52:39.994,1.38946,1.38971,1.10,1.40
2010.11.19 13:52:43.464,1.3895,1.38975,1.50,2.90
2010.11.19 13:52:45.609,1.38945,1.38969,1.80,1.40
2010.11.19 13:52:48.378,1.38945,1.38969,1.80,1.40
2010.11.19 13:52:50.783,1.38945,1.38969,1.80,1.40
2010.11.19 13:52:52.789,1.38947,1.38971,1.80,3.00
2010.11.19 13:52:58.374,1.38943,1.38967,1.80,1.40
2010.11.19 13:53:00.708,1.38943,1.38967,1.80,1.40
2010.11.19 13:53:02.778,1.38943,1.38967,1.50,1.40
2010.11.19 13:53:05.108,1.38943,1.38967,1.50,3.00
2010.11.19 13:53:05.659,1.38943,1.38967,1.50,1.40
2010.11.19 13:53:10.006,1.38943,1.38967,1.50,3.10
2010.11.19 13:53:10.126,1.38939,1.3896,1.50,1.70
2010.11.19 13:53:11.810,1.38943,1.38959,1.50,1.70
2010.11.19 13:53:13.209,1.38943,1.38967,1.50,1.40
2010.11.19 13:53:16.753,1.38943,1.38964,1.50,1.50
2010.11.19 13:53:17.373,1.38955,1.38978,1.50,1.50
2010.11.19 13:53:19.709,1.38952,1.38975,1.50,1.50
2010.11.19 13:53:20.722,1.38946,1.3897,1.50,1.40
2010.11.19 13:53:22.926,1.3894,1.3897,1.50,1.60
2010.11.19 13:53:24.060,1.3893,1.38963,1.70,6.00
2010.11.19 13:53:24.661,1.38929,1.38955,1.70,1.40
2010.11.19 13:53:24.777,1.38939,1.38965,1.70,1.40
2010.11.19 13:53:25.607,1.3895,1.38978,2.50,3.00
2010.11.19 13:53:27.129,1.38947,1.38974,1.50,3.00
2010.11.19 13:53:29.520,1.38953,1.38979,1.50,2.50
2010.11.19 13:53:32.973,1.3895,1.38975,1.50,1.70
2010.11.19 13:53:35.151,1.38957,1.38984,2.50,1.40
2010.11.19 13:53:37.524,1.38962,1.38985,1.50,1.40
2010.11.19 13:53:37.960,1.38963,1.38985,4.70,1.40
2010.11.19 13:53:38.671,1.38959,1.38983,1.50,1.40
2010.11.19 13:53:40.398,1.38955,1.38979,1.50,1.40
2010.11.19 13:53:41.518,1.38955,1.38985,3.00,1.40
2010.11.19 13:53:41.628,1.3896,1.38986,1.50,1.50
2010.11.19 13:53:44.582,1.38954,1.3898,1.70,1.40
2010.11.19 13:53:44.800,1.38955,1.3898,1.70,1.40
2010.11.19 13:53:45.021,1.38954,1.38978,2.30,1.90
2010.11.19 13:53:45.240,1.38946,1.38969,1.50,1.50
2010.11.19 13:53:45.709,1.3894,1.38962,1.50,1.70
2010.11.19 13:53:46.859,1.3897,1.38977,3.80,3.00
2010.11.19 13:53:46.972,1.38972,1.38982,1.50,1.50
2010.11.19 13:53:47.701,1.38959,1.38982,2.30,2.10
2010.11.19 13:53:47.819,1.38951,1.38975,1.50,1.40
2010.11.19 13:53:48.050,1.38956,1.38982,1.50,1.40
2010.11.19 13:53:50.304,1.38959,1.38977,1.70,1.40
2010.11.19 13:53:50.988,1.38954,1.38978,1.50,1.40
2010.11.19 13:53:52.700,1.38975,1.38982,1.50,1.50
2010.11.19 13:53:52.812,1.38975,1.3899,1.50,1.50
2010.11.19 13:53:53.353,1.38979,1.39002,1.50,1.50
2010.11.19 13:53:53.469,1.38986,1.39002,1.50,1.50
2010.11.19 13:53:53.689,1.38986,1.39008,1.50,2.90
2010.11.19 13:53:54.373,1.38975,1.38995,1.50,1.50
2010.11.19 13:53:55.294,1.38959,1.38983,1.50,2.90
2010.11.19 13:53:56.079,1.38966,1.38979,1.70,1.40
2010.11.19 13:53:56.187,1.38954,1.38982,1.50,2.90
2010.11.19 13:54:00.484,1.38949,1.38975,1.70,1.40
2010.11.19 13:54:01.074,1.38956,1.38979,1.50,1.40
2010.11.19 13:54:03.183,1.38952,1.3898,1.50,1.60
2010.11.19 13:54:04.800,1.38952,1.38978,1.50,1.70
2010.11.19 13:54:10.390,1.38942,1.38968,1.50,1.40
2010.11.19 13:54:12.541,1.38938,1.38962,1.70,1.40
2010.11.19 13:54:14.635,1.38933,1.38962,1.50,1.40
2010.11.19 13:54:14.984,1.38933,1.38963,2.50,1.40
2010.11.19 13:54:15.438,1.38939,1.38955,1.50,1.50
2010.11.19 13:54:15.554,1.38929,1.38953,1.50,1.60
2010.11.19 13:54:17.192,1.38923,1.38949,2.50,1.40
2010.11.19 13:54:18.936,1.38929,1.38955,1.50,2.90
2010.11.19 13:54:19.574,1.38924,1.38948,1.50,1.40
2010.11.19 13:54:20.860,1.38916,1.38946,1.70,1.40
2010.11.19 13:54:21.250,1.38921,1.38946,1.50,1.40
2010.11.19 13:54:23.233,1.38925,1.38951,1.50,4.40
2010.11.19 13:54:25.538,1.38934,1.3896,1.50,1.40
2010.11.19 13:54:27.939,1.38942,1.38965,1.90,1.50
2010.11.19 13:54:28.050,1.38948,1.38965,1.70,1.50
2010.11.19 13:54:28.600,1.38949,1.38972,1.50,1.50
2010.11.19 13:54:28.831,1.38949,1.38973,1.50,1.50
2010.11.19 13:54:32.050,1.38948,1.38974,1.50,1.40
2010.11.19 13:54:34.092,1.38948,1.38973,2.50,1.50
2010.11.19 13:54:36.570,1.38942,1.38967,1.50,2.90
2010.11.19 13:54:39.151,1.38943,1.38966,1.50,1.90
2010.11.19 13:54:41.719,1.38945,1.3897,1.70,1.50
2010.11.19 13:54:44.999,1.3895,1.38972,1.50,1.50
2010.11.19 13:54:47.019,1.38953,1.38968,1.70,1.50
2010.11.19 13:54:47.647,1.38953,1.38978,1.50,2.30
2010.11.19 13:54:49.760,1.38953,1.38977,1.60,1.50
2010.11.19 13:54:49.872,1.38957,1.38985,1.70,5.30
2010.11.19 13:54:49.980,1.38964,1.38985,1.50,1.50
2010.11.19 13:54:52.233,1.38964,1.38985,1.50,1.50
2010.11.19 13:54:53.995,1.38965,1.38983,1.50,1.50
2010.11.19 13:54:54.112,1.38961,1.38984,1.50,1.50
2010.11.19 13:54:55.053,1.38952,1.38974,1.50,2.90
2010.11.19 13:54:55.160,1.38952,1.38968,1.50,1.50
2010.11.19 13:54:56.173,1.38948,1.38974,1.50,1.40
2010.11.19 13:54:56.895,1.38937,1.38963,1.50,1.40
2010.11.19 13:54:57.771,1.38927,1.38952,2.30,1.40
2010.11.19 13:54:59.566,1.38933,1.38955,1.70,1.60
2010.11.19 13:55:02.131,1.38933,1.38957,1.70,1.50
2010.11.19 13:55:05.160,1.38923,1.38952,1.50,1.40
2010.11.19 13:55:05.980,1.38946,1.38952,1.60,1.50
2010.11.19 13:55:06.089,1.38951,1.38971,1.50,1.50
2010.11.19 13:55:06.595,1.38951,1.38963,1.50,1.50
2010.11.19 13:55:06.719,1.38951,1.38976,1.50,2.30
2010.11.19 13:55:07.648,1.38944,1.38965,1.50,1.50
2010.11.19 13:55:09.704,1.38944,1.38968,1.50,1.50
2010.11.19 13:55:10.974,1.38937,1.38961,1.50,1.60
2010.11.19 13:55:13.122,1.38937,1.38957,1.50,1.50
2010.11.19 13:55:15.943,1.38937,1.38959,1.50,1.70
2010.11.19 13:55:19.039,1.38937,1.38961,1.50,2.90
2010.11.19 13:55:21.475,1.38939,1.38963,1.50,1.50
2010.11.19 13:55:23.560,1.38931,1.38957,1.50,1.40
2010.11.19 13:55:25.905,1.38937,1.38963,1.50,1.50
2010.11.19 13:55:27.671,1.38931,1.38957,1.50,1.40
2010.11.19 13:55:30.040,1.38939,1.38963,1.50,1.40
2010.11.19 13:55:39.280,1.38942,1.38966,1.50,1.50
2010.11.19 13:55:42.279,1.38942,1.38968,1.50,3.30
2010.11.19 13:55:44.359,1.3895,1.38973,1.50,1.50
2010.11.19 13:55:44.799,1.38938,1.38962,1.50,1.40
2010.11.19 13:55:45.951,1.38941,1.38968,1.50,1.50
2010.11.19 13:55:48.082,1.38944,1.38969,1.50,2.40
2010.11.19 13:55:49.400,1.3894,1.38968,1.50,2.10
2010.11.19 13:55:51.471,1.38945,1.38969,1.50,1.40
2010.11.19 13:55:54.060,1.3894,1.38964,2.50,1.40
2010.11.19 13:55:54.177,1.38948,1.38972,1.50,1.40
2010.11.19 13:55:56.469,1.3894,1.38967,1.80,1.40
2010.11.19 13:55:57.802,1.38955,1.38975,1.70,1.40
2010.11.19 13:56:00.318,1.38941,1.38968,2.60,1.40
2010.11.19 13:56:02.321,1.38938,1.38964,1.50,1.40
2010.11.19 13:56:02.957,1.38923,1.38947,1.50,1.40
2010.11.19 13:56:03.180,1.38931,1.38955,1.50,1.40
2010.11.19 13:56:03.889,1.38938,1.38964,1.50,1.40
2010.11.19 13:56:05.700,1.38938,1.38962,1.50,1.70
2010.11.19 13:56:06.416,1.38932,1.38958,1.50,1.40
2010.11.19 13:56:07.308,1.38944,1.38968,1.50,1.40
2010.11.19 13:56:09.476,1.38952,1.38969,1.50,1.40
2010.11.19 13:56:09.710,1.38957,1.38978,1.70,1.50
2010.11.19 13:56:10.392,1.38951,1.38977,1.70,1.40
2010.11.19 13:56:12.761,1.38946,1.38973,1.50,1.40
2010.11.19 13:56:14.545,1.3893,1.3896,2.50,3.20
2010.11.19 13:56:16.805,1.38942,1.38972,1.70,1.40
2010.11.19 13:56:19.250,1.38942,1.38968,2.50,1.40
2010.11.19 13:56:26.132,1.38947,1.38971,1.50,1.40
2010.11.19 13:56:26.572,1.38953,1.38974,1.50,1.50
2010.11.19 13:56:27.375,1.38953,1.38981,1.50,2.10
2010.11.19 13:56:29.710,1.3895,1.38979,2.50,2.90
2010.11.19 13:56:33.970,1.38951,1.38972,1.50,1.40
2010.11.19 13:56:34.518,1.38958,1.38981,1.50,1.50
2010.11.19 13:56:36.539,1.3895,1.38976,3.20,1.50
2010.11.19 13:56:40.491,1.38961,1.38984,1.50,1.50
2010.11.19 13:56:40.600,1.38954,1.38982,1.50,2.30
2010.11.19 13:56:40.711,1.38953,1.38979,1.50,1.40
2010.11.19 13:56:42.788,1.38942,1.38968,1.50,1.40
2010.11.19 13:56:49.062,1.38953,1.38977,1.60,1.40
2010.11.19 13:56:49.522,1.38956,1.38977,1.10,1.40
2010.11.19 13:56:49.750,1.38959,1.38981,1.50,1.40
2010.11.19 13:56:53.303,1.38957,1.38977,1.70,1.40
2010.11.19 13:56:55.319,1.38949,1.38973,1.50,1.40
2010.11.19 13:56:56.372,1.38951,1.38973,4.50,1.40
2010.11.19 13:56:56.883,1.38958,1.38986,1.70,1.50
2010.11.19 13:56:57.110,1.38957,1.38986,1.50,2.10
2010.11.19 13:57:00.118,1.38952,1.38968,1.70,1.40
2010.11.19 13:57:02.675,1.38949,1.38978,1.70,1.40
2010.11.19 13:57:06.338,1.38955,1.38988,1.50,3.00
2010.11.19 13:57:06.362,1.38962,1.38988,1.50,2.90
2010.11.19 13:57:08.392,1.38965,1.38991,1.50,1.40
2010.11.19 13:57:10.515,1.38962,1.38985,1.70,1.40
2010.11.19 13:57:11.661,1.38977,1.38989,1.70,1.40
2010.11.19 13:57:11.781,1.38973,1.38997,2.50,1.40
2010.11.19 13:57:14.960,1.38966,1.3899,1.50,1.40
2010.11.19 13:57:17.408,1.38962,1.3899,1.50,1.40
2010.11.19 13:57:19.529,1.38956,1.38977,1.50,1.40
2010.11.19 13:57:22.103,1.38958,1.38982,1.70,1.40
2010.11.19 13:57:25.701,1.38952,1.38976,1.50,1.40
2010.11.19 13:57:26.253,1.3896,1.38984,1.50,1.40
2010.11.19 13:57:28.195,1.38949,1.38979,1.70,1.40
2010.11.19 13:57:30.874,1.38951,1.38979,1.70,1.40
2010.11.19 13:57:32.959,1.38956,1.38984,1.50,1.40
2010.11.19 13:57:33.955,1.3895,1.38962,3.20,1.40
2010.11.19 13:57:34.290,1.38924,1.3895,2.30,1.70
2010.11.19 13:57:34.401,1.38923,1.38935,2.30,1.40
2010.11.19 13:57:35.039,1.3891,1.38931,1.90,1.40
2010.11.19 13:57:36.042,1.38921,1.38943,1.90,1.40
2010.11.19 13:57:38.449,1.38917,1.38942,10.10,1.40
2010.11.19 13:57:38.576,1.38928,1.38954,1.50,1.40
2010.11.19 13:57:38.802,1.38922,1.38953,1.70,1.40
2010.11.19 13:57:40.885,1.38915,1.38943,1.50,1.40
2010.11.19 13:57:43.098,1.38912,1.38939,1.70,1.40
2010.11.19 13:57:43.442,1.38906,1.3893,3.40,1.40
2010.11.19 13:57:47.042,1.38913,1.3893,1.70,1.40
2010.11.19 13:57:47.155,1.38916,1.38936,1.90,1.40
2010.11.19 13:57:49.063,1.38917,1.38943,3.20,1.40
2010.11.19 13:57:50.272,1.3892,1.38943,1.70,1.40
2010.11.19 13:57:52.299,1.38923,1.38944,1.90,1.40
2010.11.19 13:57:54.934,1.38923,1.38947,1.60,1.40
2010.11.19 13:57:57.794,1.38923,1.38943,1.70,1.40
2010.11.19 13:57:59.295,1.38916,1.38942,1.50,1.40
2010.11.19 13:58:00.732,1.38919,1.38942,1.40,1.40
2010.11.19 13:58:01.170,1.38916,1.38941,1.50,1.40
2010.11.19 13:58:01.282,1.38909,1.38935,4.00,1.40
2010.11.19 13:58:01.767,1.38917,1.38938,1.50,1.40
2010.11.19 13:58:02.570,1.38901,1.3893,1.50,1.60
2010.11.19 13:58:03.658,1.38903,1.38931,1.50,1.40
2010.11.19 13:58:04.388,1.38907,1.38934,2.10,1.40
2010.11.19 13:58:05.418,1.38898,1.38924,1.50,1.40
2010.11.19 13:58:05.530,1.38904,1.38934,1.40,2.10
2010.11.19 13:58:05.640,1.38909,1.38934,1.50,1.40
2010.11.19 13:58:05.973,1.38912,1.38931,1.50,1.50
2010.11.19 13:58:06.493,1.38914,1.38941,1.50,2.30
2010.11.19 13:58:08.592,1.38914,1.38938,1.50,1.40
2010.11.19 13:58:09.257,1.38918,1.38943,2.50,1.40
2010.11.19 13:58:10.604,1.38924,1.38945,1.40,1.40
2010.11.19 13:58:10.723,1.38919,1.38945,1.70,1.40
2010.11.19 13:58:12.711,1.38921,1.38946,1.50,2.10
2010.11.19 13:58:16.031,1.38929,1.38943,1.20,1.40
2010.11.19 13:58:16.628,1.38919,1.38946,1.50,1.40
2010.11.19 13:58:17.503,1.3893,1.38952,1.50,1.40
2010.11.19 13:58:19.872,1.38931,1.38955,1.50,1.40
2010.11.19 13:58:21.869,1.38923,1.38947,1.50,1.40
2010.11.19 13:58:22.460,1.38927,1.38947,4.50,1.40
2010.11.19 13:58:22.948,1.38929,1.38958,1.50,1.60
2010.11.19 13:58:23.170,1.3893,1.38951,1.70,1.40
2010.11.19 13:58:25.966,1.38936,1.3896,1.50,1.40
2010.11.19 13:58:29.736,1.38945,1.38969,1.50,1.40
2010.11.19 13:58:32.422,1.38932,1.38956,1.50,1.40
2010.11.19 13:58:34.590,1.38932,1.38956,1.50,1.40
2010.11.19 13:58:38.910,1.38934,1.38961,1.50,2.90
2010.11.19 13:58:39.044,1.38936,1.38956,1.50,1.50
2010.11.19 13:58:39.161,1.38936,1.38963,1.50,1.50
2010.11.19 13:58:41.740,1.38939,1.38968,1.50,2.90
2010.11.19 13:58:43.970,1.38939,1.38963,1.50,1.50
2010.11.19 13:58:45.996,1.38941,1.38968,1.10,1.40
2010.11.19 13:58:48.065,1.38949,1.38974,2.30,1.40
2010.11.19 13:58:48.730,1.38956,1.3898,1.70,1.40
2010.11.19 13:58:50.782,1.38951,1.38976,1.50,1.40
2010.11.19 13:58:54.968,1.38953,1.3898,3.20,2.30
2010.11.19 13:58:55.302,1.38952,1.38967,1.50,1.90
2010.11.19 13:58:55.413,1.38937,1.38963,1.50,1.40
2010.11.19 13:58:55.530,1.3894,1.38963,1.70,1.40
2010.11.19 13:58:57.991,1.38945,1.3897,1.50,2.60
2010.11.19 13:59:00.011,1.38942,1.38962,1.50,1.90
2010.11.19 13:59:02.339,1.38938,1.38962,1.50,1.90
2010.11.19 13:59:02.841,1.38948,1.38971,1.50,1.50
2010.11.19 13:59:08.908,1.38941,1.38965,1.50,1.40
2010.11.19 13:59:09.690,1.38939,1.38969,1.50,2.30
2010.11.19 13:59:15.508,1.38944,1.38971,1.50,1.40
2010.11.19 13:59:15.622,1.38944,1.38971,1.50,1.50
2010.11.19 13:59:16.210,1.38932,1.38956,2.30,1.40
2010.11.19 13:59:16.331,1.38939,1.38967,1.50,1.40
2010.11.19 13:59:19.441,1.3895,1.38975,1.50,1.70
2010.11.19 13:59:19.662,1.38944,1.38968,1.50,1.40
2010.11.19 13:59:22.950,1.38928,1.38954,1.50,1.40
2010.11.19 13:59:23.623,1.38929,1.38954,5.30,1.40
2010.11.19 13:59:24.098,1.38948,1.3896,1.50,1.70
2010.11.19 13:59:24.216,1.38948,1.38968,1.50,1.50
2010.11.19 13:59:24.903,1.38952,1.38967,1.50,1.70
2010.11.19 13:59:25.010,1.38946,1.38969,3.20,1.70
2010.11.19 13:59:28.130,1.38946,1.38972,1.50,1.40
2010.11.19 13:59:31.000,1.38945,1.3897,1.50,1.90
2010.11.19 13:59:31.221,1.38935,1.38963,1.70,1.40
2010.11.19 13:59:34.010,1.38934,1.38958,1.50,1.60
2010.11.19 13:59:34.951,1.38927,1.38953,1.50,1.40
2010.11.19 13:59:37.393,1.38924,1.38953,2.60,2.90
2010.11.19 13:59:37.620,1.38922,1.38946,1.70,1.40
2010.11.19 13:59:39.774,1.38922,1.38946,1.50,1.40
2010.11.19 13:59:40.000,1.38916,1.3894,1.50,1.40
2010.11.19 13:59:42.371,1.3891,1.38939,1.50,2.10
2010.11.19 13:59:42.479,1.3891,1.38939,1.50,2.90
2010.11.19 13:59:42.812,1.38907,1.38932,2.50,1.40
2010.11.19 13:59:43.521,1.38912,1.38941,1.50,1.40
2010.11.19 13:59:45.021,1.38916,1.38942,1.70,1.40
2010.11.19 13:59:48.001,1.38911,1.38937,2.50,1.40
2010.11.19 13:59:48.441,1.38914,1.38937,1.70,1.40
2010.11.19 13:59:48.555,1.38919,1.38943,1.50,1.40
2010.11.19 13:59:50.770,1.38924,1.38951,1.70,1.50
2010.11.19 13:59:51.354,1.38921,1.38945,1.50,1.40
2010.11.19 13:59:54.930,1.38925,1.3895,1.10,1.40
2010.11.19 13:59:55.446,1.38933,1.38957,1.50,1.50
2010.11.19 13:59:58.260,1.38938,1.38962,1.50,1.40
2010.11.19 13:59:59.949,1.38919,1.38945,1.50,1.40
