2011.03.17 04:00:00.388,1.41993,1.4204,1.08,1.50
2011.03.17 04:00:00.617,1.41993,1.42042,1.08,1.65
2011.03.17 04:00:00.834,1.41998,1.4205,1.08,1.50
2011.03.17 04:00:00.945,1.41996,1.4205,1.50,3.00
2011.03.17 04:00:02.374,1.41993,1.4204,1.08,1.50
2011.03.17 04:00:02.484,1.41996,1.42042,1.08,1.50
2011.03.17 04:00:02.594,1.41996,1.42043,1.08,1.50
2011.03.17 04:00:04.507,1.41996,1.42043,1.08,2.40
2011.03.17 04:00:05.064,1.41991,1.42038,1.08,1.50
2011.03.17 04:00:05.834,1.41995,1.42042,1.08,1.50
2011.03.17 04:00:06.784,1.41995,1.42042,1.08,1.50
2011.03.17 04:00:07.005,1.42,1.42047,1.08,1.65
2011.03.17 04:00:07.115,1.42,1.42047,1.08,1.50
2011.03.17 04:00:07.444,1.42,1.42047,1.08,1.50
2011.03.17 04:00:10.146,1.42,1.42047,1.08,1.50
2011.03.17 04:00:10.474,1.42002,1.42051,1.08,2.40
2011.03.17 04:00:10.915,1.42002,1.42046,1.83,1.73
2011.03.17 04:00:11.291,1.42001,1.42047,1.08,2.25
2011.03.17 04:00:11.735,1.42003,1.42049,1.08,2.40
2011.03.17 04:00:11.845,1.42004,1.4205,1.08,2.40
2011.03.17 04:00:12.065,1.42002,1.42046,1.08,3.23
2011.03.17 04:00:12.836,1.42002,1.42048,1.08,1.65
2011.03.17 04:00:13.164,1.42003,1.42053,1.08,2.40
2011.03.17 04:00:13.274,1.42003,1.42053,1.08,2.25
2011.03.17 04:00:13.496,1.42006,1.42055,1.08,2.40
2011.03.17 04:00:14.484,1.42007,1.42055,1.08,1.65
2011.03.17 04:00:14.814,1.42007,1.42055,1.08,1.80
2011.03.17 04:00:14.924,1.42007,1.42055,1.08,1.65
2011.03.17 04:00:15.474,1.42007,1.42055,1.08,1.65
2011.03.17 04:00:18.094,1.42006,1.42055,1.50,1.65
2011.03.17 04:00:18.644,1.41998,1.42048,1.08,1.50
2011.03.17 04:00:18.754,1.41997,1.42045,1.08,1.50
2011.03.17 04:00:19.527,1.42002,1.42048,3.00,1.50
2011.03.17 04:00:19.855,1.42007,1.4205,2.33,1.50
2011.03.17 04:00:19.966,1.42006,1.4205,2.33,1.50
2011.03.17 04:00:20.075,1.42002,1.42043,3.38,1.50
2011.03.17 04:00:20.185,1.41997,1.42043,1.50,1.50
2011.03.17 04:00:20.624,1.42006,1.42043,1.58,1.50
2011.03.17 04:00:20.955,1.42006,1.42051,2.33,1.50
2011.03.17 04:00:21.503,1.42006,1.42051,2.33,1.50
2011.03.17 04:00:21.944,1.42012,1.42058,3.00,1.50
2011.03.17 04:00:22.054,1.42012,1.42059,3.00,1.65
2011.03.17 04:00:22.276,1.42017,1.42061,3.00,1.50
2011.03.17 04:00:23.000,1.42024,1.42069,2.33,1.50
2011.03.17 04:00:23.554,1.42023,1.42069,1.08,1.65
2011.03.17 04:00:24.270,1.42023,1.42069,1.08,1.65
2011.03.17 04:00:25.594,1.42023,1.4207,1.08,1.50
2011.03.17 04:00:31.434,1.42023,1.42069,2.81,1.50
2011.03.17 04:00:32.797,1.42023,1.4207,2.81,2.25
2011.03.17 04:00:35.213,1.42023,1.42069,2.81,1.50
2011.03.17 04:00:36.644,1.42026,1.42072,1.23,1.65
2011.03.17 04:00:37.415,1.42026,1.42072,1.23,1.65
2011.03.17 04:00:37.744,1.42026,1.42072,1.23,1.65
2011.03.17 04:00:38.405,1.42042,1.42076,1.58,3.30
2011.03.17 04:00:38.624,1.42032,1.42076,1.08,1.65
2011.03.17 04:00:39.175,1.42032,1.42077,1.08,1.65
2011.03.17 04:00:39.614,1.42032,1.42076,1.08,1.65
2011.03.17 04:00:41.044,1.42032,1.42076,1.08,1.65
2011.03.17 04:00:41.484,1.42032,1.42076,1.08,1.65
2011.03.17 04:00:42.605,1.42027,1.4207,2.25,2.25
2011.03.17 04:00:43.123,1.42027,1.4207,2.25,1.50
2011.03.17 04:00:44.983,1.42027,1.42067,2.25,1.50
2011.03.17 04:00:49.833,1.42027,1.42066,2.25,1.50
2011.03.17 04:00:50.384,1.42027,1.42067,2.25,1.50
2011.03.17 04:00:51.102,1.42027,1.42067,2.25,2.40
2011.03.17 04:00:51.564,1.42027,1.42066,2.25,1.50
2011.03.17 04:01:00.556,1.42031,1.42066,2.33,1.65
2011.03.17 04:01:00.774,1.42026,1.42065,2.25,1.65
2011.03.17 04:01:03.323,1.42022,1.42065,3.83,1.65
2011.03.17 04:01:03.653,1.42022,1.42061,2.33,1.50
2011.03.17 04:01:03.984,1.42022,1.42061,2.33,1.50
2011.03.17 04:01:06.285,1.42022,1.42061,2.33,1.50
2011.03.17 04:01:15.203,1.42022,1.42061,2.33,1.50
2011.03.17 04:01:16.520,1.42022,1.42061,2.33,1.50
2011.03.17 04:01:18.444,1.42022,1.42059,2.33,1.50
2011.03.17 04:01:19.125,1.42022,1.42059,2.33,1.50
2011.03.17 04:01:19.345,1.42023,1.4206,2.48,1.50
2011.03.17 04:01:19.565,1.42022,1.42068,2.81,1.50
2011.03.17 04:01:19.676,1.42022,1.42068,2.81,1.65
2011.03.17 04:01:20.116,1.42016,1.42051,2.25,1.50
2011.03.17 04:01:20.664,1.42014,1.4205,2.25,1.50
2011.03.17 04:01:21.379,1.42012,1.4205,2.33,1.50
2011.03.17 04:01:24.049,1.42012,1.42051,2.33,2.25
2011.03.17 04:01:29.194,1.42012,1.42051,2.33,2.25
2011.03.17 04:01:29.415,1.42012,1.42051,2.33,2.25
2011.03.17 04:01:29.854,1.42007,1.42047,2.25,1.50
2011.03.17 04:01:30.187,1.42013,1.42051,2.33,1.50
2011.03.17 04:01:30.529,1.42021,1.42065,1.08,1.65
2011.03.17 04:01:30.755,1.42021,1.42065,1.08,3.23
2011.03.17 04:01:31.085,1.42015,1.42056,2.25,1.50
2011.03.17 04:01:31.521,1.42012,1.42056,3.83,1.50
2011.03.17 04:01:31.640,1.42012,1.42052,2.33,1.50
2011.03.17 04:01:31.973,1.42012,1.42052,2.33,1.50
2011.03.17 04:01:32.214,1.42012,1.42049,2.33,1.50
2011.03.17 04:01:32.434,1.42012,1.42053,2.33,1.50
2011.03.17 04:01:34.406,1.42012,1.42054,2.33,1.50
2011.03.17 04:01:34.627,1.42011,1.42055,1.23,1.50
2011.03.17 04:01:34.744,1.42011,1.42058,1.23,1.50
2011.03.17 04:01:37.086,1.42012,1.42059,2.33,1.65
2011.03.17 04:01:37.414,1.42011,1.42055,2.33,2.48
2011.03.17 04:01:37.634,1.42003,1.42045,1.08,1.50
2011.03.17 04:01:37.746,1.42,1.42041,2.48,1.50
2011.03.17 04:01:37.855,1.42001,1.42041,2.48,1.50
2011.03.17 04:01:37.965,1.42001,1.42043,2.48,1.50
2011.03.17 04:01:38.514,1.42001,1.42044,2.48,1.50
2011.03.17 04:01:40.939,1.41998,1.42044,3.30,1.50
2011.03.17 04:01:41.275,1.42001,1.42039,2.48,1.50
2011.03.17 04:01:41.495,1.42,1.42043,2.48,1.50
2011.03.17 04:01:42.045,1.42002,1.42043,2.48,1.50
2011.03.17 04:01:42.265,1.42007,1.4205,1.08,1.65
2011.03.17 04:01:42.595,1.42014,1.4206,1.08,1.65
2011.03.17 04:01:47.415,1.42013,1.42058,1.23,1.50
2011.03.17 04:01:47.634,1.42013,1.42056,1.08,1.50
2011.03.17 04:01:47.964,1.42009,1.42055,1.23,1.50
2011.03.17 04:01:48.074,1.42009,1.42055,1.23,1.50
2011.03.17 04:01:48.516,1.42012,1.4206,1.08,1.50
2011.03.17 04:01:48.845,1.42013,1.42061,4.16,1.50
2011.03.17 04:01:49.394,1.42017,1.42061,1.08,1.65
2011.03.17 04:01:52.146,1.4202,1.42065,1.08,1.65
2011.03.17 04:01:52.703,1.4202,1.42065,1.08,3.23
2011.03.17 04:01:52.825,1.4202,1.42065,1.08,1.65
2011.03.17 04:01:52.938,1.4202,1.42065,1.08,1.65
2011.03.17 04:01:53.606,1.42024,1.42065,1.08,1.65
2011.03.17 04:01:54.153,1.42023,1.42068,1.08,1.05
2011.03.17 04:02:01.983,1.42023,1.42067,1.08,1.05
2011.03.17 04:02:03.754,1.42023,1.42069,1.08,1.80
2011.03.17 04:02:04.194,1.42025,1.42069,1.50,1.65
2011.03.17 04:02:04.858,1.42026,1.4207,1.08,1.05
2011.03.17 04:02:05.564,1.42024,1.42068,1.08,1.80
2011.03.17 04:02:05.674,1.42024,1.42068,1.08,1.80
2011.03.17 04:02:06.878,1.42017,1.42062,2.66,1.05
2011.03.17 04:02:07.217,1.42017,1.42062,2.33,1.80
2011.03.17 04:02:07.437,1.42014,1.42058,1.08,1.65
2011.03.17 04:02:07.548,1.42014,1.42058,1.08,1.65
2011.03.17 04:02:08.105,1.42014,1.42058,1.08,1.65
2011.03.17 04:02:08.214,1.42014,1.42055,1.08,2.48
2011.03.17 04:02:08.545,1.42011,1.42054,2.33,1.65
2011.03.17 04:02:08.765,1.42014,1.42058,1.08,1.65
2011.03.17 04:02:09.093,1.42014,1.42058,1.08,1.65
2011.03.17 04:02:09.655,1.42018,1.42061,1.08,2.48
2011.03.17 04:02:10.358,1.42018,1.42061,1.08,2.48
2011.03.17 04:02:12.164,1.42018,1.4206,1.08,2.48
2011.03.17 04:02:12.273,1.42018,1.4206,1.08,2.48
2011.03.17 04:02:15.185,1.42018,1.42061,1.08,2.48
2011.03.17 04:02:15.514,1.42018,1.42053,1.08,2.33
2011.03.17 04:02:16.473,1.42014,1.42053,1.08,2.48
2011.03.17 04:02:16.694,1.42014,1.42054,1.08,2.48
2011.03.17 04:02:17.295,1.42014,1.42053,1.08,2.48
2011.03.17 04:02:17.745,1.42014,1.42058,1.08,2.48
2011.03.17 04:02:17.856,1.42014,1.4206,2.66,1.65
2011.03.17 04:02:18.184,1.42014,1.4206,2.66,1.65
2011.03.17 04:02:18.513,1.42014,1.4206,1.08,1.65
2011.03.17 04:02:19.584,1.42014,1.42056,2.33,1.65
2011.03.17 04:02:21.155,1.42019,1.4206,1.08,2.48
2011.03.17 04:02:21.484,1.42019,1.42061,1.08,2.40
2011.03.17 04:02:21.816,1.42019,1.42061,1.08,1.65
2011.03.17 04:02:22.366,1.42012,1.42058,2.33,1.05
2011.03.17 04:02:22.477,1.42011,1.42057,2.33,2.63
2011.03.17 04:02:22.707,1.42004,1.42052,2.66,1.65
2011.03.17 04:02:23.254,1.42004,1.42048,2.66,2.48
2011.03.17 04:02:23.476,1.42007,1.42051,1.08,2.33
2011.03.17 04:02:23.915,1.42014,1.42057,1.08,1.65
2011.03.17 04:02:24.139,1.42017,1.4206,1.50,1.05
2011.03.17 04:02:24.475,1.42019,1.42062,1.08,2.63
2011.03.17 04:02:25.021,1.42021,1.4206,1.08,1.05
2011.03.17 04:02:25.140,1.42014,1.42059,2.33,1.80
2011.03.17 04:02:25.476,1.42014,1.42058,2.33,1.05
2011.03.17 04:02:25.587,1.42016,1.42058,1.08,1.05
2011.03.17 04:02:25.806,1.42016,1.42061,1.08,1.05
2011.03.17 04:02:26.135,1.42016,1.42065,1.83,1.05
2011.03.17 04:02:26.245,1.42017,1.42065,1.08,1.05
2011.03.17 04:02:26.575,1.42021,1.42061,1.08,1.05
2011.03.17 04:02:26.905,1.42021,1.42059,1.08,1.05
2011.03.17 04:02:27.126,1.42013,1.42059,1.08,1.80
2011.03.17 04:02:27.674,1.42018,1.42059,1.08,1.05
2011.03.17 04:02:27.895,1.42016,1.42061,1.83,1.05
2011.03.17 04:02:28.114,1.42018,1.42061,1.08,2.63
2011.03.17 04:02:28.445,1.42018,1.42059,1.08,1.05
2011.03.17 04:02:28.665,1.42016,1.4206,1.83,1.05
2011.03.17 04:02:29.089,1.42018,1.4206,1.08,1.05
2011.03.17 04:02:29.105,1.42017,1.4206,1.08,1.05
2011.03.17 04:02:29.665,1.42015,1.42059,1.08,1.05
2011.03.17 04:02:29.890,1.42025,1.42066,1.08,2.40
2011.03.17 04:02:30.117,1.42023,1.42062,1.50,1.05
2011.03.17 04:02:30.565,1.42006,1.42046,2.33,1.50
2011.03.17 04:02:30.896,1.42002,1.42044,1.08,2.33
2011.03.17 04:02:31.115,1.42001,1.42039,1.50,1.50
2011.03.17 04:02:31.336,1.41995,1.42041,1.23,3.08
2011.03.17 04:02:31.558,1.41997,1.42043,1.50,1.05
2011.03.17 04:02:31.898,1.42007,1.42051,1.08,1.05
2011.03.17 04:02:32.125,1.42008,1.42047,1.08,1.05
2011.03.17 04:02:32.523,1.42012,1.42056,1.08,1.20
2011.03.17 04:02:32.636,1.42012,1.42054,1.08,1.20
2011.03.17 04:02:33.077,1.42012,1.42056,1.08,1.65
2011.03.17 04:02:33.196,1.42012,1.42052,1.08,2.33
2011.03.17 04:02:33.523,1.42012,1.42051,1.08,2.33
2011.03.17 04:02:37.804,1.42015,1.42053,1.08,2.48
2011.03.17 04:02:38.134,1.42015,1.42053,1.08,2.48
2011.03.17 04:02:39.072,1.42005,1.42044,1.08,1.65
2011.03.17 04:02:39.297,1.41993,1.42038,2.25,1.50
2011.03.17 04:02:39.417,1.41993,1.42035,2.25,1.65
2011.03.17 04:02:39.744,1.41984,1.42035,2.40,1.65
2011.03.17 04:02:40.406,1.41998,1.42037,1.08,1.65
2011.03.17 04:02:40.518,1.42,1.42044,1.08,1.24
2011.03.17 04:02:41.293,1.42006,1.42045,1.08,2.48
2011.03.17 04:02:41.514,1.42009,1.42045,1.08,1.73
2011.03.17 04:02:41.627,1.42009,1.42049,1.08,2.40
2011.03.17 04:02:41.846,1.4201,1.42049,1.08,2.55
2011.03.17 04:02:41.954,1.42005,1.42049,1.08,1.05
2011.03.17 04:02:42.065,1.42003,1.42049,1.83,1.80
2011.03.17 04:02:42.389,1.42003,1.42047,1.08,1.05
2011.03.17 04:02:42.605,1.42003,1.42036,1.08,1.13
2011.03.17 04:02:42.937,1.41996,1.42029,1.50,1.13
2011.03.17 04:02:43.058,1.41994,1.42042,1.08,2.40
2011.03.17 04:02:44.584,1.41999,1.42041,1.08,1.13
2011.03.17 04:02:48.154,1.41999,1.42042,1.08,1.88
2011.03.17 04:02:48.596,1.42008,1.42039,1.58,1.13
2011.03.17 04:02:48.923,1.42002,1.42038,2.25,1.13
2011.03.17 04:02:49.042,1.41999,1.42047,2.25,1.65
2011.03.17 04:02:49.157,1.42006,1.4205,1.08,1.43
2011.03.17 04:02:49.268,1.42006,1.42052,1.08,1.28
2011.03.17 04:02:49.387,1.42007,1.42043,1.08,1.13
2011.03.17 04:02:49.719,1.42001,1.4204,2.33,1.13
2011.03.17 04:02:49.946,1.41995,1.42039,2.25,1.13
2011.03.17 04:02:50.386,1.42003,1.42039,1.50,1.13
2011.03.17 04:02:50.934,1.41996,1.42043,2.25,2.40
2011.03.17 04:02:51.484,1.41993,1.42037,2.40,1.13
2011.03.17 04:02:51.818,1.41993,1.42031,2.25,1.50
2011.03.17 04:02:52.264,1.41992,1.4203,2.25,1.50
2011.03.17 04:02:52.378,1.41992,1.42031,2.25,1.88
2011.03.17 04:02:52.607,1.42007,1.42035,1.08,1.13
2011.03.17 04:02:52.947,1.42007,1.42047,1.08,1.43
2011.03.17 04:02:53.287,1.42007,1.42038,1.23,1.13
2011.03.17 04:02:53.516,1.41997,1.42032,1.08,1.13
2011.03.17 04:02:53.735,1.41994,1.42032,1.08,1.13
2011.03.17 04:02:54.178,1.41993,1.42032,2.33,1.13
2011.03.17 04:02:54.736,1.4199,1.42028,2.25,1.13
2011.03.17 04:02:54.954,1.41988,1.42025,2.25,1.50
2011.03.17 04:02:55.176,1.41991,1.42027,1.50,1.13
2011.03.17 04:02:55.506,1.42005,1.42043,1.08,1.05
2011.03.17 04:02:55.615,1.42005,1.42039,1.08,1.73
2011.03.17 04:02:55.838,1.42013,1.42036,1.08,1.13
2011.03.17 04:02:56.285,1.41999,1.42036,2.25,1.50
2011.03.17 04:02:56.711,1.41995,1.42033,1.08,1.13
2011.03.17 04:02:57.377,1.41994,1.42034,2.48,1.13
2011.03.17 04:02:57.487,1.41994,1.42031,2.33,1.50
2011.03.17 04:02:57.924,1.41989,1.42029,2.25,1.13
2011.03.17 04:02:58.475,1.41994,1.42035,2.25,1.13
2011.03.17 04:02:58.804,1.4199,1.42031,3.98,1.13
2011.03.17 04:02:59.244,1.4199,1.42032,2.40,1.13
2011.03.17 04:02:59.355,1.41995,1.42036,2.33,1.13
2011.03.17 04:03:00.144,1.41995,1.42037,2.66,1.88
2011.03.17 04:03:00.363,1.41995,1.42037,2.66,1.13
2011.03.17 04:03:00.694,1.41994,1.42032,2.33,1.50
2011.03.17 04:03:01.026,1.41994,1.42035,2.33,1.13
2011.03.17 04:03:01.465,1.41991,1.42031,1.08,1.13
2011.03.17 04:03:03.764,1.41991,1.42027,1.08,1.50
2011.03.17 04:03:03.874,1.41987,1.42012,2.33,1.13
2011.03.17 04:03:03.984,1.41971,1.42012,1.08,1.13
2011.03.17 04:03:04.203,1.41969,1.42012,1.50,1.13
2011.03.17 04:03:04.316,1.41968,1.42011,2.73,1.13
2011.03.17 04:03:04.645,1.41968,1.42012,1.23,1.13
2011.03.17 04:03:04.979,1.41969,1.42011,1.08,2.25
2011.03.17 04:03:05.206,1.41982,1.42016,1.08,1.50
2011.03.17 04:03:05.426,1.41982,1.42016,1.08,2.25
2011.03.17 04:03:09.728,1.41974,1.42013,1.08,2.25
2011.03.17 04:03:10.245,1.41974,1.42013,1.08,2.25
2011.03.17 04:03:10.615,1.41972,1.42005,1.08,1.50
2011.03.17 04:03:10.835,1.41973,1.42004,1.08,1.13
2011.03.17 04:03:11.055,1.41963,1.42009,1.08,1.65
2011.03.17 04:03:11.385,1.4197,1.42014,1.08,1.05
2011.03.17 04:03:11.494,1.4197,1.42016,1.08,2.40
2011.03.17 04:03:11.823,1.4197,1.42014,1.08,1.65
2011.03.17 04:03:12.419,1.4197,1.42014,1.08,1.65
2011.03.17 04:03:12.755,1.41968,1.42011,1.50,1.50
2011.03.17 04:03:17.126,1.41966,1.4201,1.23,1.50
2011.03.17 04:03:17.877,1.41972,1.4201,2.33,1.50
2011.03.17 04:03:17.998,1.41968,1.4201,2.33,1.50
2011.03.17 04:03:18.226,1.41968,1.4201,2.33,1.50
2011.03.17 04:03:18.555,1.41966,1.4201,1.23,1.50
2011.03.17 04:03:18.773,1.41966,1.42011,1.08,1.65
2011.03.17 04:03:19.434,1.4197,1.42014,1.08,1.80
2011.03.17 04:03:19.544,1.4197,1.42011,1.08,2.40
2011.03.17 04:03:21.944,1.41966,1.42008,1.08,1.65
2011.03.17 04:03:22.053,1.4197,1.42008,2.33,1.50
2011.03.17 04:03:22.168,1.4197,1.42011,2.33,1.50
2011.03.17 04:03:22.284,1.41979,1.42012,2.33,1.50
2011.03.17 04:03:22.505,1.41979,1.42021,2.33,1.50
2011.03.17 04:03:23.055,1.41977,1.42021,2.33,1.50
2011.03.17 04:03:23.804,1.41977,1.42021,2.33,1.50
2011.03.17 04:03:23.915,1.41987,1.42028,2.33,1.65
2011.03.17 04:03:24.354,1.41984,1.42028,2.33,1.65
2011.03.17 04:03:24.700,1.41976,1.42022,1.50,1.50
2011.03.17 04:03:24.816,1.41974,1.42014,1.08,1.13
2011.03.17 04:03:27.093,1.4197,1.42008,2.33,1.13
2011.03.17 04:03:27.536,1.4197,1.42005,2.33,2.25
2011.03.17 04:03:27.758,1.4197,1.42005,2.33,1.50
2011.03.17 04:03:27.984,1.41968,1.42005,2.33,1.50
2011.03.17 04:03:28.313,1.41969,1.42007,2.33,1.50
2011.03.17 04:03:28.646,1.41966,1.42,1.08,1.50
2011.03.17 04:03:28.756,1.41953,1.41997,1.08,1.50
2011.03.17 04:03:28.976,1.41953,1.42003,1.08,2.25
2011.03.17 04:03:29.200,1.41956,1.42005,1.08,1.50
2011.03.17 04:03:29.764,1.41957,1.42001,1.08,1.50
2011.03.17 04:03:30.104,1.41957,1.41997,1.08,1.50
2011.03.17 04:03:31.113,1.41957,1.41998,1.08,1.50
2011.03.17 04:03:31.444,1.41957,1.41996,1.08,1.50
2011.03.17 04:03:31.664,1.41957,1.41998,1.08,1.50
2011.03.17 04:03:32.106,1.41961,1.41997,1.08,1.50
2011.03.17 04:03:32.434,1.41961,1.41988,1.08,1.50
2011.03.17 04:03:32.654,1.41956,1.41985,1.08,1.50
2011.03.17 04:03:32.764,1.41954,1.41985,1.08,1.50
2011.03.17 04:03:33.214,1.41955,1.41985,1.08,1.50
2011.03.17 04:03:33.437,1.41981,1.42011,1.83,1.50
2011.03.17 04:03:33.544,1.41981,1.42016,1.83,1.65
2011.03.17 04:03:33.654,1.41987,1.42016,1.08,1.65
2011.03.17 04:03:34.371,1.41987,1.42016,1.08,1.65
2011.03.17 04:03:34.485,1.41979,1.42016,1.08,1.65
2011.03.17 04:03:34.740,1.41979,1.42016,1.08,2.40
2011.03.17 04:03:36.424,1.4198,1.42011,1.08,2.40
2011.03.17 04:03:37.353,1.4198,1.42011,1.08,2.40
2011.03.17 04:03:38.915,1.4198,1.42011,1.08,2.40
2011.03.17 04:03:40.265,1.4198,1.42011,1.08,2.25
2011.03.17 04:03:40.486,1.4198,1.42015,1.08,2.40
2011.03.17 04:03:40.704,1.41978,1.42012,1.08,2.40
2011.03.17 04:03:41.445,1.41978,1.42012,1.08,2.40
2011.03.17 04:03:41.666,1.41978,1.42017,1.83,2.25
2011.03.17 04:03:42.100,1.41981,1.42017,1.08,2.40
2011.03.17 04:03:42.986,1.41977,1.4202,2.33,2.40
2011.03.17 04:03:43.448,1.41977,1.4202,2.33,2.40
2011.03.17 04:03:43.896,1.41977,1.4202,2.33,2.40
2011.03.17 04:03:44.726,1.41973,1.4202,2.33,2.40
2011.03.17 04:03:45.168,1.41977,1.42028,1.13,2.25
2011.03.17 04:03:45.394,1.41979,1.42035,1.08,1.88
2011.03.17 04:03:45.505,1.41987,1.42042,1.08,1.65
2011.03.17 04:03:45.834,1.41987,1.42036,1.08,1.05
2011.03.17 04:03:45.945,1.41985,1.42036,1.08,1.05
2011.03.17 04:03:46.164,1.41984,1.42036,1.83,1.05
2011.03.17 04:03:46.655,1.41987,1.42035,1.08,1.05
2011.03.17 04:03:48.566,1.41987,1.42031,1.08,2.55
2011.03.17 04:03:48.784,1.41982,1.42026,1.08,1.28
2011.03.17 04:03:51.056,1.41978,1.42014,1.08,1.50
2011.03.17 04:03:51.275,1.41962,1.42013,1.08,1.50
2011.03.17 04:03:51.715,1.41955,1.42016,1.08,1.50
2011.03.17 04:03:51.935,1.41958,1.4201,1.08,1.58
2011.03.17 04:03:52.264,1.41958,1.42008,3.33,1.50
2011.03.17 04:03:52.514,1.41958,1.4201,3.33,1.58
2011.03.17 04:03:52.630,1.41964,1.42022,1.08,1.50
2011.03.17 04:03:52.966,1.41964,1.42024,1.08,1.50
2011.03.17 04:03:53.077,1.41964,1.42027,1.08,1.50
2011.03.17 04:03:53.306,1.41972,1.42029,1.08,1.50
2011.03.17 04:03:53.417,1.41972,1.42033,1.08,1.28
2011.03.17 04:03:53.525,1.41972,1.42036,1.08,3.53
2011.03.17 04:03:53.745,1.41975,1.42027,1.50,2.25
2011.03.17 04:03:54.075,1.41969,1.42022,3.00,1.50
2011.03.17 04:03:54.513,1.41968,1.42022,3.00,2.25
2011.03.17 04:03:55.826,1.41965,1.42022,1.50,2.25
2011.03.17 04:03:56.247,1.41963,1.42025,3.00,3.00
2011.03.17 04:03:56.367,1.41966,1.42023,1.50,2.25
2011.03.17 04:03:56.598,1.41966,1.42022,1.50,1.50
2011.03.17 04:03:56.716,1.41966,1.42024,1.50,3.00
2011.03.17 04:03:56.825,1.41966,1.42024,1.83,3.00
2011.03.17 04:03:57.044,1.41966,1.42024,1.83,3.00
2011.03.17 04:03:57.264,1.41964,1.42023,1.50,2.25
2011.03.17 04:03:58.094,1.4196,1.42021,1.50,2.25
2011.03.17 04:03:58.574,1.4196,1.42016,1.50,1.50
2011.03.17 04:03:59.378,1.41958,1.42006,3.00,1.50
2011.03.17 04:03:59.607,1.41945,1.42006,3.00,1.50
2011.03.17 04:03:59.835,1.41945,1.42006,3.00,1.88
2011.03.17 04:04:00.167,1.41965,1.42017,3.00,1.65
2011.03.17 04:04:00.587,1.41966,1.42019,3.00,1.65
2011.03.17 04:04:00.917,1.41969,1.42024,3.00,1.65
2011.03.17 04:04:01.462,1.41968,1.42024,3.00,1.65
2011.03.17 04:04:03.354,1.41968,1.42024,3.00,1.65
2011.03.17 04:04:03.685,1.41971,1.42027,3.00,2.40
2011.03.17 04:04:04.017,1.41976,1.42025,3.00,1.05
2011.03.17 04:04:04.126,1.41976,1.42027,3.00,2.55
2011.03.17 04:04:04.996,1.41976,1.42026,3.00,1.05
2011.03.17 04:04:05.424,1.41976,1.42024,3.00,1.05
2011.03.17 04:04:05.755,1.41976,1.42025,3.00,2.40
2011.03.17 04:04:06.724,1.41969,1.42022,1.08,2.40
2011.03.17 04:04:06.945,1.41963,1.4202,1.50,2.40
2011.03.17 04:04:07.056,1.41959,1.42007,1.08,2.25
2011.03.17 04:04:07.273,1.41953,1.42007,1.08,2.25
2011.03.17 04:04:07.493,1.41954,1.42007,1.08,1.50
2011.03.17 04:04:07.835,1.41954,1.42007,1.08,2.25
2011.03.17 04:04:08.278,1.4195,1.41998,3.00,2.25
2011.03.17 04:04:08.616,1.41956,1.42,1.13,1.50
2011.03.17 04:04:08.949,1.41956,1.42003,3.00,1.50
2011.03.17 04:04:09.070,1.41958,1.42013,1.13,1.50
2011.03.17 04:04:09.189,1.41967,1.42017,1.50,1.50
2011.03.17 04:04:09.637,1.41956,1.42014,1.83,1.50
2011.03.17 04:04:09.942,1.41956,1.42005,1.08,1.50
2011.03.17 04:04:10.275,1.41954,1.42003,1.08,1.50
2011.03.17 04:04:11.017,1.41954,1.42003,1.08,1.50
2011.03.17 04:04:12.515,1.41954,1.42003,1.08,2.25
2011.03.17 04:04:12.848,1.41954,1.41997,1.50,1.13
2011.03.17 04:04:13.076,1.41954,1.41994,1.50,1.50
2011.03.17 04:04:13.184,1.41954,1.41996,1.50,1.50
2011.03.17 04:04:13.294,1.41954,1.41997,1.50,1.50
2011.03.17 04:04:13.844,1.41954,1.42004,2.25,3.00
2011.03.17 04:04:13.955,1.41954,1.42006,2.25,1.65
2011.03.17 04:04:15.047,1.41939,1.41998,1.05,2.25
2011.03.17 04:04:15.167,1.41939,1.41998,1.05,1.50
2011.03.17 04:04:15.385,1.41939,1.41998,1.05,2.25
2011.03.17 04:04:15.947,1.41938,1.41988,1.05,1.50
2011.03.17 04:04:16.974,1.4194,1.41986,1.23,1.50
2011.03.17 04:04:17.305,1.41944,1.41988,2.73,1.50
2011.03.17 04:04:17.414,1.41944,1.41988,2.73,1.50
2011.03.17 04:04:17.527,1.41945,1.4199,1.23,1.50
2011.03.17 04:04:18.305,1.41951,1.4199,1.08,1.50
2011.03.17 04:04:18.418,1.41954,1.41997,2.40,2.25
2011.03.17 04:04:18.645,1.41952,1.41997,1.23,1.50
2011.03.17 04:04:18.756,1.41952,1.42004,1.23,1.50
2011.03.17 04:04:19.284,1.41956,1.42005,1.23,2.25
2011.03.17 04:04:20.056,1.41961,1.42012,1.05,2.25
2011.03.17 04:04:20.164,1.41961,1.42012,1.05,2.25
2011.03.17 04:04:20.384,1.41961,1.42012,1.05,2.25
2011.03.17 04:04:21.744,1.41967,1.42012,1.08,1.50
2011.03.17 04:04:22.095,1.41967,1.42012,1.08,1.50
2011.03.17 04:04:22.705,1.41967,1.42015,1.08,2.40
2011.03.17 04:04:23.448,1.41974,1.42015,1.23,1.50
2011.03.17 04:04:23.887,1.41974,1.42028,1.23,2.48
2011.03.17 04:04:25.325,1.41974,1.42028,1.61,2.48
2011.03.17 04:04:25.547,1.41983,1.42029,1.08,1.65
2011.03.17 04:04:25.665,1.41983,1.42029,1.08,1.80
2011.03.17 04:04:26.105,1.41984,1.42032,1.50,2.25
2011.03.17 04:04:26.325,1.4198,1.42032,1.23,2.40
2011.03.17 04:04:26.654,1.4198,1.42035,1.23,1.05
2011.03.17 04:04:26.765,1.4198,1.42036,1.23,2.48
2011.03.17 04:04:27.314,1.4199,1.42038,1.08,2.48
2011.03.17 04:04:27.645,1.41995,1.42045,1.08,1.05
2011.03.17 04:04:28.186,1.41995,1.42045,1.08,1.05
2011.03.17 04:04:28.294,1.41994,1.42044,1.08,1.05
2011.03.17 04:04:29.414,1.41994,1.42038,1.08,2.40
2011.03.17 04:04:29.525,1.41991,1.42035,1.08,1.65
2011.03.17 04:04:29.746,1.41988,1.42024,1.08,1.50
2011.03.17 04:04:29.855,1.41986,1.42024,1.08,1.50
2011.03.17 04:04:29.965,1.41974,1.42024,1.08,2.25
2011.03.17 04:04:30.849,1.41974,1.42024,1.08,1.88
2011.03.17 04:04:31.565,1.41971,1.42023,1.50,2.25
2011.03.17 04:04:31.675,1.41967,1.42023,1.08,2.25
2011.03.17 04:04:32.223,1.41964,1.42012,1.08,1.13
2011.03.17 04:04:33.526,1.41964,1.42013,1.08,1.88
2011.03.17 04:04:33.943,1.4199,1.42031,1.13,3.83
2011.03.17 04:04:34.057,1.42001,1.42032,1.08,1.13
2011.03.17 04:04:34.169,1.41996,1.42026,1.08,1.13
2011.03.17 04:04:34.289,1.41985,1.42022,2.33,2.25
2011.03.17 04:04:34.406,1.41985,1.42022,1.58,2.25
2011.03.17 04:04:34.628,1.41982,1.42022,1.83,1.50
2011.03.17 04:04:34.747,1.41984,1.42022,1.08,1.50
2011.03.17 04:04:34.859,1.41988,1.4203,1.08,1.13
2011.03.17 04:04:34.977,1.41989,1.42036,1.08,2.25
2011.03.17 04:04:35.086,1.41988,1.42038,1.08,1.88
2011.03.17 04:04:35.415,1.41988,1.42035,1.08,1.13
2011.03.17 04:04:35.525,1.41984,1.42034,1.08,1.13
2011.03.17 04:04:36.557,1.41984,1.4202,1.08,1.50
2011.03.17 04:04:36.667,1.41982,1.42009,1.50,1.50
2011.03.17 04:04:36.779,1.41973,1.42024,1.50,1.50
2011.03.17 04:04:37.365,1.41986,1.42025,1.08,1.50
2011.03.17 04:04:37.474,1.41984,1.42025,1.08,1.50
2011.03.17 04:04:37.695,1.41984,1.42025,1.08,1.50
2011.03.17 04:04:37.806,1.41988,1.4203,1.08,1.50
2011.03.17 04:04:38.136,1.41988,1.42031,1.08,1.50
2011.03.17 04:04:38.528,1.41992,1.42029,1.08,1.50
2011.03.17 04:04:38.869,1.41988,1.42031,1.08,1.50
2011.03.17 04:04:38.988,1.41988,1.42032,1.08,2.40
2011.03.17 04:04:39.326,1.41985,1.42017,1.08,1.50
2011.03.17 04:04:39.546,1.41985,1.42021,1.08,1.50
2011.03.17 04:04:39.885,1.41985,1.42018,1.08,1.50
2011.03.17 04:04:39.997,1.41983,1.42023,1.08,1.50
2011.03.17 04:04:40.120,1.41983,1.42027,1.08,1.50
2011.03.17 04:04:40.237,1.41983,1.42024,1.08,1.50
2011.03.17 04:04:40.564,1.41982,1.42024,1.08,1.50
2011.03.17 04:04:41.555,1.41981,1.42022,1.08,1.50
2011.03.17 04:04:41.888,1.41982,1.42024,1.08,1.50
2011.03.17 04:04:42.006,1.41982,1.42024,1.08,1.50
2011.03.17 04:04:42.555,1.41988,1.42024,1.08,1.50
2011.03.17 04:04:43.055,1.41988,1.42021,1.08,1.50
2011.03.17 04:04:43.275,1.41979,1.42021,1.08,1.50
2011.03.17 04:04:43.495,1.41979,1.42021,1.08,1.50
2011.03.17 04:04:43.825,1.41979,1.42021,1.08,1.50
2011.03.17 04:04:44.155,1.41992,1.42027,1.83,2.25
2011.03.17 04:04:44.595,1.41996,1.42027,1.08,1.50
2011.03.17 04:04:45.335,1.41996,1.42025,1.08,1.50
2011.03.17 04:04:45.445,1.41997,1.42027,1.08,1.50
2011.03.17 04:04:46.234,1.41999,1.42029,1.08,1.65
2011.03.17 04:04:47.525,1.41999,1.42026,1.83,1.50
2011.03.17 04:04:47.744,1.41999,1.42031,1.83,1.50
2011.03.17 04:04:49.368,1.42001,1.42033,1.08,1.50
2011.03.17 04:04:49.596,1.41999,1.42036,1.08,1.65
2011.03.17 04:04:49.954,1.41997,1.42036,1.08,2.03
2011.03.17 04:04:50.069,1.41995,1.42035,1.83,1.88
2011.03.17 04:04:50.730,1.41996,1.42031,1.08,1.50
2011.03.17 04:04:51.065,1.41996,1.42035,1.08,2.78
2011.03.17 04:04:51.176,1.41997,1.42035,1.08,1.65
2011.03.17 04:04:54.306,1.41997,1.42033,1.08,1.50
2011.03.17 04:04:54.853,1.41997,1.42035,1.08,1.50
2011.03.17 04:04:55.575,1.41997,1.42032,1.08,1.50
2011.03.17 04:04:55.683,1.41997,1.42034,1.08,1.50
2011.03.17 04:04:55.793,1.41997,1.42034,1.08,1.50
2011.03.17 04:04:59.565,1.41997,1.42033,1.08,1.50
2011.03.17 04:05:00.006,1.41997,1.42033,2.66,2.25
2011.03.17 04:05:00.117,1.41997,1.42039,2.66,1.65
2011.03.17 04:05:00.346,1.41997,1.42035,1.08,1.65
2011.03.17 04:05:00.674,1.41997,1.42033,1.08,1.65
2011.03.17 04:05:01.038,1.41993,1.4203,1.08,1.50
2011.03.17 04:05:01.655,1.41993,1.4203,1.08,2.63
2011.03.17 04:05:01.986,1.41991,1.42019,1.50,1.13
2011.03.17 04:05:02.206,1.4197,1.42018,1.08,2.18
2011.03.17 04:05:02.638,1.4197,1.42016,1.08,2.78
2011.03.17 04:05:02.865,1.4197,1.42016,1.08,2.78
2011.03.17 04:05:08.505,1.4197,1.42016,1.08,2.40
2011.03.17 04:05:10.778,1.4197,1.4201,1.08,1.50
2011.03.17 04:05:11.119,1.41955,1.42001,2.48,2.25
2011.03.17 04:05:11.564,1.41956,1.41997,2.33,1.50
2011.03.17 04:05:12.114,1.41955,1.41997,2.48,1.50
2011.03.17 04:05:12.444,1.41956,1.41996,2.33,1.50
2011.03.17 04:05:13.024,1.41955,1.41996,2.48,1.50
2011.03.17 04:05:14.544,1.41955,1.41996,2.48,1.50
2011.03.17 04:05:15.171,1.41956,1.41996,2.48,1.50
2011.03.17 04:05:15.724,1.41959,1.42003,1.08,2.40
2011.03.17 04:05:15.835,1.41959,1.42003,1.08,2.40
2011.03.17 04:05:16.055,1.41966,1.42007,1.50,2.33
2011.03.17 04:05:16.165,1.41977,1.42016,1.08,1.50
2011.03.17 04:05:16.275,1.41977,1.4202,1.08,1.50
2011.03.17 04:05:16.384,1.41977,1.42022,1.08,1.50
2011.03.17 04:05:18.225,1.4201,1.42033,1.08,1.50
2011.03.17 04:05:18.445,1.42004,1.42035,1.83,1.50
2011.03.17 04:05:18.554,1.42004,1.42042,1.08,1.50
2011.03.17 04:05:18.664,1.42004,1.42042,1.08,1.65
2011.03.17 04:05:18.774,1.42004,1.42042,1.08,1.50
2011.03.17 04:05:19.393,1.42004,1.42042,1.08,1.50
2011.03.17 04:05:20.335,1.42002,1.42049,1.83,2.25
2011.03.17 04:05:20.444,1.42002,1.42045,1.08,1.50
2011.03.17 04:05:22.135,1.42002,1.42038,1.08,2.25
2011.03.17 04:05:22.466,1.4199,1.42021,1.08,2.25
2011.03.17 04:05:22.576,1.4199,1.42022,3.00,2.33
2011.03.17 04:05:22.685,1.4199,1.42038,3.75,1.50
2011.03.17 04:05:22.797,1.42001,1.42044,1.08,1.50
2011.03.17 04:05:22.905,1.42001,1.42038,1.08,1.58
2011.03.17 04:05:26.844,1.41997,1.42038,1.08,1.73
2011.03.17 04:05:26.955,1.41997,1.42038,1.08,1.58
2011.03.17 04:05:27.067,1.42,1.42036,1.08,2.33
2011.03.17 04:05:27.402,1.41987,1.42034,1.50,1.50
2011.03.17 04:05:27.735,1.41988,1.42034,2.33,1.50
2011.03.17 04:05:27.954,1.41992,1.42039,1.08,1.50
2011.03.17 04:05:28.217,1.41992,1.42026,1.08,1.50
2011.03.17 04:05:28.546,1.41987,1.42014,1.50,1.58
2011.03.17 04:05:28.655,1.4199,1.42036,1.08,1.50
2011.03.17 04:05:28.985,1.41989,1.42036,1.08,3.83
2011.03.17 04:05:29.095,1.41989,1.4203,1.08,1.58
2011.03.17 04:05:29.424,1.41992,1.4203,1.08,1.58
2011.03.17 04:05:29.976,1.41992,1.42029,1.08,1.50
2011.03.17 04:05:30.084,1.41992,1.42026,1.08,1.50
2011.03.17 04:05:30.305,1.41987,1.42026,1.08,1.50
2011.03.17 04:05:30.414,1.41987,1.42003,1.08,1.50
2011.03.17 04:05:30.747,1.41966,1.42,1.08,1.58
2011.03.17 04:05:30.855,1.41978,1.42,1.08,1.58
2011.03.17 04:05:31.298,1.41981,1.42006,1.08,2.25
2011.03.17 04:05:31.415,1.41977,1.4201,1.08,2.33
2011.03.17 04:05:31.968,1.41973,1.4201,1.08,2.33
2011.03.17 04:05:32.449,1.41965,1.42004,1.50,2.33
2011.03.17 04:05:32.925,1.41966,1.42004,1.08,2.25
2011.03.17 04:05:33.475,1.41966,1.42004,1.08,2.25
2011.03.17 04:05:33.953,1.41966,1.42004,1.08,2.25
2011.03.17 04:05:34.175,1.41966,1.41997,1.08,1.50
2011.03.17 04:05:34.753,1.41957,1.41997,1.08,1.50
2011.03.17 04:05:37.144,1.41957,1.41997,1.08,1.65
2011.03.17 04:05:41.456,1.41952,1.41997,1.08,2.40
2011.03.17 04:05:41.804,1.41952,1.41997,1.08,2.40
2011.03.17 04:05:43.545,1.41952,1.41997,1.08,2.40
2011.03.17 04:05:43.874,1.41944,1.41991,4.23,1.50
2011.03.17 04:05:44.207,1.41944,1.41991,1.23,1.50
2011.03.17 04:05:44.534,1.41938,1.41986,2.40,1.50
2011.03.17 04:05:45.050,1.41938,1.41986,2.40,1.50
2011.03.17 04:05:45.584,1.41938,1.41987,2.40,1.50
2011.03.17 04:05:47.775,1.41938,1.41987,2.40,1.50
2011.03.17 04:05:55.527,1.41934,1.41978,1.50,1.65
2011.03.17 04:05:55.745,1.41931,1.41978,2.73,1.65
2011.03.17 04:05:56.075,1.41935,1.41983,1.23,3.23
2011.03.17 04:05:56.184,1.41942,1.41983,1.50,3.23
2011.03.17 04:05:56.295,1.41944,1.41985,1.08,2.48
2011.03.17 04:06:00.235,1.41951,1.41983,1.08,2.33
2011.03.17 04:06:00.454,1.41951,1.41983,1.08,2.33
2011.03.17 04:06:01.414,1.41951,1.41983,1.08,1.58
2011.03.17 04:06:01.634,1.41951,1.4199,1.08,2.52
2011.03.17 04:06:01.744,1.41951,1.4199,1.08,2.52
2011.03.17 04:06:02.853,1.41951,1.4199,1.08,2.52
2011.03.17 04:06:05.983,1.41951,1.41983,1.08,2.33
2011.03.17 04:06:07.524,1.41951,1.41983,1.08,2.33
2011.03.17 04:06:07.746,1.41937,1.41982,2.40,1.50
2011.03.17 04:06:08.275,1.41937,1.41985,2.40,1.50
2011.03.17 04:06:08.825,1.4194,1.41988,1.23,1.65
2011.03.17 04:06:09.924,1.41944,1.41986,1.08,2.33
2011.03.17 04:06:10.255,1.41944,1.41986,1.23,2.33
2011.03.17 04:06:10.696,1.41938,1.41984,1.05,1.50
2011.03.17 04:06:11.134,1.41944,1.4199,1.08,2.67
2011.03.17 04:06:11.684,1.41942,1.41985,1.65,1.50
2011.03.17 04:06:11.794,1.41944,1.41988,1.23,3.08
2011.03.17 04:06:11.905,1.41944,1.41988,1.08,3.23
2011.03.17 04:06:12.346,1.41942,1.41981,1.65,1.50
2011.03.17 04:06:12.567,1.41951,1.4199,1.08,2.67
2011.03.17 04:06:13.884,1.41955,1.4199,1.08,2.52
2011.03.17 04:06:16.763,1.41946,1.4199,1.08,2.67
2011.03.17 04:06:19.343,1.41945,1.4199,1.08,2.67
2011.03.17 04:06:19.966,1.41945,1.4199,1.08,2.52
2011.03.17 04:06:24.444,1.4194,1.41986,1.23,3.08
2011.03.17 04:06:25.324,1.41936,1.41982,1.23,1.50
2011.03.17 04:06:26.333,1.41936,1.41981,1.23,1.13
2011.03.17 04:06:26.553,1.41936,1.41981,1.23,1.13
2011.03.17 04:06:27.336,1.41936,1.41981,1.23,1.13
2011.03.17 04:06:27.883,1.41936,1.41981,1.23,1.13
2011.03.17 04:06:28.294,1.41936,1.41981,1.08,1.13
2011.03.17 04:06:28.515,1.41933,1.41979,3.48,3.08
2011.03.17 04:06:29.064,1.41933,1.41979,3.33,3.08
2011.03.17 04:06:29.503,1.41933,1.4197,1.08,1.13
2011.03.17 04:06:29.834,1.41933,1.4197,1.08,1.13
2011.03.17 04:06:29.944,1.41929,1.4197,1.08,1.13
2011.03.17 04:06:30.964,1.41926,1.4197,1.23,1.88
2011.03.17 04:06:31.294,1.41926,1.4197,1.23,1.88
2011.03.17 04:06:32.054,1.41926,1.4197,1.23,1.88
2011.03.17 04:06:36.335,1.41924,1.41963,1.50,1.13
2011.03.17 04:06:36.929,1.41922,1.41965,1.08,1.50
2011.03.17 04:06:37.044,1.41919,1.41963,1.23,1.50
2011.03.17 04:06:37.373,1.4192,1.41964,1.65,1.50
2011.03.17 04:06:39.413,1.41923,1.41965,1.23,1.50
2011.03.17 04:06:39.955,1.41923,1.41958,1.23,2.33
2011.03.17 04:06:40.067,1.41923,1.41956,1.08,1.13
2011.03.17 04:06:40.395,1.41917,1.41963,1.08,1.88
2011.03.17 04:06:40.614,1.41918,1.41956,1.08,1.13
2011.03.17 04:06:41.183,1.41918,1.41953,1.08,1.13
2011.03.17 04:06:41.994,1.41918,1.41957,1.08,1.13
2011.03.17 04:06:42.105,1.41925,1.41963,1.08,1.13
2011.03.17 04:06:42.326,1.4192,1.41957,1.08,1.13
2011.03.17 04:06:42.874,1.4192,1.41955,1.08,1.13
2011.03.17 04:06:43.673,1.4192,1.41955,1.08,1.13
2011.03.17 04:06:44.004,1.4192,1.41955,1.08,1.13
2011.03.17 04:06:59.835,1.4192,1.41958,1.08,1.13
2011.03.17 04:07:00.054,1.4192,1.41959,1.08,2.33
2011.03.17 04:07:01.493,1.4192,1.41959,1.08,2.33
2011.03.17 04:07:15.515,1.4192,1.41959,1.08,2.33
2011.03.17 04:07:25.195,1.4192,1.41959,1.08,2.33
2011.03.17 04:07:28.507,1.4192,1.41959,1.08,2.33
2011.03.17 04:07:30.596,1.4192,1.41959,1.08,2.33
2011.03.17 04:07:31.034,1.41907,1.41944,1.08,2.33
2011.03.17 04:07:31.255,1.41907,1.41944,1.08,2.33
2011.03.17 04:07:31.586,1.41902,1.41934,1.08,1.13
2011.03.17 04:07:31.696,1.41902,1.41937,1.08,2.70
2011.03.17 04:07:31.914,1.41902,1.41937,1.08,2.70
2011.03.17 04:07:33.894,1.41902,1.41937,1.08,2.70
2011.03.17 04:07:34.361,1.41902,1.41937,1.08,1.58
2011.03.17 04:07:34.873,1.41899,1.41943,1.08,1.50
2011.03.17 04:07:35.615,1.41897,1.41938,1.50,1.13
2011.03.17 04:07:35.944,1.41893,1.41929,1.08,1.58
2011.03.17 04:07:36.385,1.41898,1.41929,1.08,1.58
2011.03.17 04:07:36.494,1.41898,1.41944,1.08,1.13
2011.03.17 04:07:39.584,1.41903,1.41944,1.50,1.13
2011.03.17 04:07:39.696,1.41903,1.41945,1.50,1.50
2011.03.17 04:07:39.804,1.41905,1.41953,1.08,1.50
2011.03.17 04:07:39.916,1.41905,1.41946,1.08,1.58
2011.03.17 04:07:40.496,1.41905,1.41946,1.08,1.95
2011.03.17 04:07:43.266,1.41905,1.41946,1.08,1.95
2011.03.17 04:07:43.375,1.41912,1.41952,1.13,2.33
2011.03.17 04:07:43.595,1.41923,1.41961,1.08,1.58
2011.03.17 04:07:43.705,1.41922,1.41961,1.08,1.58
2011.03.17 04:07:43.815,1.41922,1.41965,2.58,1.13
2011.03.17 04:07:43.924,1.41926,1.41964,1.08,1.13
2011.03.17 04:07:44.856,1.41926,1.41963,1.08,1.13
2011.03.17 04:07:45.153,1.41926,1.41963,1.08,1.13
2011.03.17 04:07:46.124,1.41926,1.41959,1.08,2.33
2011.03.17 04:07:46.565,1.41923,1.41958,1.08,2.70
2011.03.17 04:07:46.675,1.41923,1.41958,1.08,2.70
2011.03.17 04:07:47.005,1.41923,1.41951,1.08,1.58
2011.03.17 04:07:47.115,1.41925,1.41961,1.50,1.58
2011.03.17 04:07:47.334,1.41927,1.41966,1.08,2.33
2011.03.17 04:07:47.884,1.41936,1.41966,1.08,2.33
2011.03.17 04:07:48.478,1.41936,1.41963,1.08,1.13
2011.03.17 04:07:48.816,1.41939,1.41971,1.08,1.13
2011.03.17 04:07:49.255,1.4194,1.41968,1.08,2.33
2011.03.17 04:07:49.364,1.41943,1.41971,1.50,1.13
2011.03.17 04:07:49.765,1.41945,1.41975,1.08,2.33
2011.03.17 04:07:51.105,1.41945,1.41964,1.08,1.13
2011.03.17 04:07:51.214,1.41937,1.41964,1.08,1.13
2011.03.17 04:07:51.766,1.41917,1.4195,1.08,1.13
2011.03.17 04:07:51.984,1.41917,1.41946,1.83,2.33
2011.03.17 04:07:52.224,1.41917,1.41946,1.83,2.33
2011.03.17 04:07:52.555,1.41917,1.41943,1.08,1.50
2011.03.17 04:07:52.884,1.41906,1.41941,1.50,1.95
2011.03.17 04:07:52.994,1.4191,1.41942,1.08,1.95
2011.03.17 04:07:53.324,1.41911,1.41942,1.08,2.70
2011.03.17 04:07:53.434,1.41911,1.41942,1.08,2.33
2011.03.17 04:07:56.115,1.41914,1.41942,1.50,2.33
2011.03.17 04:07:56.335,1.4192,1.41956,1.08,2.33
2011.03.17 04:07:56.445,1.41914,1.41952,1.83,1.58
2011.03.17 04:07:56.994,1.41914,1.41951,1.83,1.58
2011.03.17 04:07:57.105,1.41912,1.41951,1.08,1.58
2011.03.17 04:07:57.633,1.41919,1.41957,1.08,2.33
2011.03.17 04:07:59.968,1.41919,1.41957,1.08,2.33
2011.03.17 04:08:00.527,1.41919,1.41949,1.08,2.33
2011.03.17 04:08:00.636,1.41915,1.41949,1.08,2.33
2011.03.17 04:08:01.188,1.41918,1.41954,1.50,2.33
2011.03.17 04:08:01.407,1.41924,1.4196,1.08,2.33
2011.03.17 04:08:01.518,1.41923,1.4196,1.08,1.09
2011.03.17 04:08:01.638,1.41916,1.41947,1.08,1.58
2011.03.17 04:08:01.747,1.41913,1.41949,1.08,1.58
2011.03.17 04:08:01.856,1.41909,1.41949,1.08,1.58
2011.03.17 04:08:01.965,1.41909,1.41949,1.08,2.33
2011.03.17 04:08:02.935,1.41913,1.41949,1.08,2.33
2011.03.17 04:08:03.373,1.4191,1.41949,1.08,2.33
2011.03.17 04:08:03.706,1.4191,1.41947,1.08,1.28
2011.03.17 04:08:04.059,1.41899,1.41935,1.13,1.58
2011.03.17 04:08:04.185,1.41914,1.41952,1.50,1.50
2011.03.17 04:08:04.635,1.41893,1.41928,3.00,1.50
2011.03.17 04:08:04.966,1.41899,1.41942,2.25,2.25
2011.03.17 04:08:06.714,1.41897,1.41941,1.08,3.23
2011.03.17 04:08:07.215,1.41895,1.41938,2.25,1.50
2011.03.17 04:08:07.328,1.41894,1.41935,3.00,1.50
2011.03.17 04:08:07.555,1.41894,1.41942,3.00,1.50
2011.03.17 04:08:07.776,1.41897,1.41941,2.58,1.50
2011.03.17 04:08:07.884,1.41897,1.41944,2.58,1.50
2011.03.17 04:08:15.546,1.41897,1.41943,2.58,1.50
2011.03.17 04:08:15.879,1.41893,1.41921,2.25,1.50
2011.03.17 04:08:16.000,1.41889,1.41921,2.25,1.50
2011.03.17 04:08:16.445,1.41894,1.41921,1.50,1.50
2011.03.17 04:08:17.105,1.41894,1.41935,1.50,2.10
2011.03.17 04:08:17.435,1.41894,1.41926,2.25,1.50
2011.03.17 04:08:18.485,1.41894,1.41927,1.50,1.50
2011.03.17 04:08:18.595,1.41894,1.41926,1.50,1.50
2011.03.17 04:08:19.035,1.41904,1.41928,1.50,1.50
2011.03.17 04:08:19.366,1.41903,1.41932,2.25,1.50
2011.03.17 04:08:19.476,1.41903,1.41933,2.25,1.50
2011.03.17 04:08:19.879,1.41904,1.41933,2.25,1.50
2011.03.17 04:08:20.930,1.41903,1.41933,3.00,1.50
2011.03.17 04:08:21.156,1.41903,1.41946,3.15,1.50
2011.03.17 04:08:21.927,1.41903,1.41946,3.00,1.50
2011.03.17 04:08:22.476,1.41903,1.41946,3.00,1.50
2011.03.17 04:08:23.046,1.41903,1.41933,2.25,1.50
2011.03.17 04:08:23.157,1.41898,1.41933,1.05,1.50
2011.03.17 04:08:23.267,1.41898,1.41919,1.05,1.50
2011.03.17 04:08:23.486,1.41874,1.41919,1.50,1.50
2011.03.17 04:08:23.704,1.41878,1.41919,2.25,1.50
2011.03.17 04:08:24.407,1.41876,1.41919,2.25,1.50
2011.03.17 04:08:24.736,1.41875,1.41915,2.25,1.50
2011.03.17 04:08:25.338,1.41876,1.41918,2.25,1.50
2011.03.17 04:08:25.450,1.41876,1.4192,2.25,1.50
2011.03.17 04:08:25.570,1.41878,1.41925,2.25,1.50
2011.03.17 04:08:25.685,1.41884,1.41925,1.50,1.50
2011.03.17 04:08:26.237,1.41884,1.41921,3.00,1.50
2011.03.17 04:08:26.564,1.41891,1.41926,2.25,1.50
2011.03.17 04:08:27.434,1.41891,1.41929,2.25,1.50
2011.03.17 04:08:27.544,1.41891,1.41931,2.25,1.50
2011.03.17 04:08:27.656,1.41893,1.41933,2.25,1.50
2011.03.17 04:08:27.988,1.41893,1.41932,2.25,1.50
2011.03.17 04:08:28.326,1.41886,1.41923,2.25,1.50
2011.03.17 04:08:29.314,1.41884,1.41923,1.50,1.50
2011.03.17 04:08:29.536,1.41883,1.41928,3.15,1.50
2011.03.17 04:08:29.904,1.41883,1.41928,3.15,1.50
2011.03.17 04:08:30.475,1.41884,1.41928,1.65,1.50
2011.03.17 04:08:30.807,1.41894,1.41931,1.50,1.50
2011.03.17 04:08:31.184,1.41894,1.41932,2.25,1.50
2011.03.17 04:08:31.295,1.41896,1.41932,2.25,1.50
2011.03.17 04:08:31.736,1.41896,1.41936,2.25,1.50
2011.03.17 04:08:32.067,1.41903,1.41942,2.25,3.08
2011.03.17 04:08:32.285,1.41904,1.41942,1.50,1.50
2011.03.17 04:08:32.504,1.41904,1.41942,3.00,1.50
2011.03.17 04:08:32.836,1.41904,1.41943,2.25,2.33
2011.03.17 04:08:32.946,1.41904,1.41945,2.25,1.50
2011.03.17 04:08:33.498,1.41904,1.41944,1.50,1.58
2011.03.17 04:08:34.055,1.41903,1.41945,1.23,2.33
2011.03.17 04:08:34.387,1.41904,1.41949,1.65,1.50
2011.03.17 04:08:34.604,1.41904,1.41951,1.65,1.50
2011.03.17 04:08:35.197,1.41904,1.41947,2.40,1.50
2011.03.17 04:08:35.308,1.41906,1.41953,1.23,1.50
2011.03.17 04:08:35.417,1.41913,1.41953,2.25,1.50
2011.03.17 04:08:35.526,1.41914,1.41962,1.08,1.50
2011.03.17 04:08:35.637,1.41914,1.41959,1.08,1.13
2011.03.17 04:08:35.866,1.41909,1.41952,1.08,1.58
2011.03.17 04:08:36.414,1.41905,1.41951,1.08,1.58
2011.03.17 04:08:38.477,1.41915,1.4196,1.08,3.08
2011.03.17 04:08:38.585,1.41915,1.4196,1.08,1.50
2011.03.17 04:08:38.697,1.41915,1.41963,1.08,1.13
2011.03.17 04:08:38.805,1.41915,1.41963,1.08,1.88
2011.03.17 04:08:39.135,1.41916,1.41954,1.08,2.33
2011.03.17 04:08:39.575,1.41916,1.41952,1.08,1.58
2011.03.17 04:08:40.055,1.41916,1.41955,1.08,2.33
2011.03.17 04:08:40.164,1.41916,1.41955,1.08,1.58
2011.03.17 04:08:40.944,1.41916,1.41954,1.08,2.33
2011.03.17 04:08:41.056,1.41916,1.41954,1.08,2.48
2011.03.17 04:08:42.489,1.41916,1.41955,1.08,1.73
2011.03.17 04:08:44.474,1.41916,1.41955,1.08,1.58
2011.03.17 04:08:44.696,1.41928,1.41962,1.08,2.33
2011.03.17 04:08:44.805,1.41929,1.41962,1.08,1.58
2011.03.17 04:08:44.915,1.41934,1.4197,1.83,1.73
2011.03.17 04:08:45.465,1.41934,1.41966,1.08,1.58
2011.03.17 04:08:45.794,1.41936,1.41968,1.08,2.48
2011.03.17 04:08:46.234,1.41938,1.41967,1.08,2.33
2011.03.17 04:08:46.566,1.41939,1.41981,1.08,1.05
2011.03.17 04:08:46.676,1.41946,1.41979,1.08,1.28
2011.03.17 04:08:46.896,1.41946,1.41984,1.08,3.38
2011.03.17 04:08:47.117,1.41934,1.41971,3.00,1.50
2011.03.17 04:08:47.225,1.41934,1.41971,2.25,1.50
2011.03.17 04:08:47.334,1.41919,1.41966,1.08,1.50
2011.03.17 04:09:00.374,1.41919,1.41966,1.08,1.50
2011.03.17 04:09:01.185,1.41919,1.41966,1.08,1.50
2011.03.17 04:09:01.408,1.41923,1.41969,1.08,3.08
2011.03.17 04:09:01.636,1.41923,1.41969,1.08,3.08
2011.03.17 04:09:02.076,1.41929,1.41971,1.08,2.33
2011.03.17 04:09:02.185,1.41929,1.41971,1.08,2.33
2011.03.17 04:09:02.509,1.41929,1.41971,1.08,1.58
2011.03.17 04:09:03.185,1.41923,1.41969,1.08,2.33
2011.03.17 04:09:04.935,1.41923,1.41969,1.08,2.33
2011.03.17 04:09:07.906,1.41923,1.41969,1.08,1.88
2011.03.17 04:09:08.125,1.41923,1.41971,1.08,3.08
2011.03.17 04:09:08.351,1.41926,1.4197,1.08,1.58
2011.03.17 04:09:08.577,1.41922,1.41968,1.08,1.50
2011.03.17 04:09:16.175,1.41922,1.41958,1.08,1.58
2011.03.17 04:09:16.994,1.41922,1.41958,1.08,1.58
2011.03.17 04:09:17.324,1.41918,1.41957,1.08,1.58
2011.03.17 04:09:17.874,1.41918,1.41958,1.08,1.58
2011.03.17 04:09:18.204,1.41919,1.41956,1.50,1.58
2011.03.17 04:09:18.424,1.41921,1.41968,1.08,1.50
2011.03.17 04:09:19.697,1.41921,1.41967,1.08,1.65
2011.03.17 04:09:20.026,1.41916,1.41951,1.08,1.58
2011.03.17 04:09:20.397,1.41916,1.41949,1.08,1.58
2011.03.17 04:09:20.724,1.41916,1.41948,1.08,1.58
2011.03.17 04:09:20.945,1.41916,1.4195,1.08,1.58
2011.03.17 04:09:21.055,1.41916,1.41948,1.08,1.58
2011.03.17 04:09:21.275,1.41916,1.41958,1.08,2.33
2011.03.17 04:09:21.495,1.41916,1.4196,1.08,1.58
2011.03.17 04:09:21.825,1.41922,1.41957,1.08,1.58
2011.03.17 04:09:22.044,1.41922,1.41957,1.08,1.58
2011.03.17 04:09:22.374,1.41918,1.41952,1.08,1.58
2011.03.17 04:09:22.926,1.41914,1.41951,2.58,1.58
2011.03.17 04:09:24.267,1.41911,1.41959,1.08,1.50
2011.03.17 04:09:24.374,1.41911,1.41959,1.08,1.50
2011.03.17 04:09:24.484,1.41915,1.41963,1.08,1.50
2011.03.17 04:09:25.366,1.41915,1.41963,1.08,3.83
2011.03.17 04:09:25.586,1.41911,1.41959,1.08,1.50
2011.03.17 04:09:25.695,1.41912,1.41959,2.25,1.50
2011.03.17 04:09:26.137,1.41911,1.4195,1.08,1.58
2011.03.17 04:09:26.248,1.41917,1.41962,1.08,4.50
2011.03.17 04:09:26.495,1.41917,1.41962,1.08,2.25
2011.03.17 04:09:26.611,1.41917,1.41967,1.08,1.50
2011.03.17 04:09:26.835,1.41918,1.41967,1.08,1.50
2011.03.17 04:09:27.406,1.41918,1.41963,1.08,1.50
2011.03.17 04:09:27.627,1.41921,1.41968,1.08,3.08
2011.03.17 04:09:27.956,1.41921,1.41971,1.08,1.65
2011.03.17 04:09:28.066,1.41921,1.41971,1.08,1.65
2011.03.17 04:09:32.734,1.41924,1.41968,1.08,1.50
2011.03.17 04:09:33.285,1.41915,1.4196,1.08,1.58
2011.03.17 04:09:33.395,1.41915,1.41959,1.08,1.58
2011.03.17 04:09:33.814,1.41911,1.41959,1.08,3.08
2011.03.17 04:09:36.885,1.41908,1.41955,1.23,1.50
2011.03.17 04:09:37.545,1.41908,1.41952,1.08,3.08
2011.03.17 04:09:37.875,1.41904,1.41952,1.23,1.50
2011.03.17 04:09:40.054,1.41904,1.41952,1.23,1.50
2011.03.17 04:09:40.384,1.41914,1.41952,1.50,1.50
2011.03.17 04:09:40.494,1.41913,1.41956,3.15,1.50
2011.03.17 04:09:40.715,1.41914,1.41959,1.65,1.50
2011.03.17 04:09:43.045,1.41914,1.41959,1.65,1.50
2011.03.17 04:09:44.955,1.41917,1.41962,1.23,2.48
2011.03.17 04:09:53.625,1.41924,1.41956,1.08,1.50
2011.03.17 04:09:53.735,1.41924,1.41956,1.08,1.50
2011.03.17 04:09:54.065,1.41918,1.41951,1.08,1.50
2011.03.17 04:09:54.285,1.41918,1.41954,1.08,1.50
2011.03.17 04:09:55.745,1.41918,1.41954,1.08,1.50
2011.03.17 04:09:56.075,1.41918,1.41951,1.08,1.50
2011.03.17 04:09:56.295,1.41914,1.4195,1.08,1.50
2011.03.17 04:09:56.406,1.41914,1.4195,1.08,1.50
2011.03.17 04:09:56.734,1.41914,1.41944,1.08,1.50
2011.03.17 04:09:57.395,1.41914,1.4196,1.08,1.95
2011.03.17 04:09:57.616,1.41929,1.41963,2.25,1.50
2011.03.17 04:09:57.727,1.41929,1.41963,1.50,1.50
2011.03.17 04:09:57.836,1.41929,1.41955,2.25,1.50
2011.03.17 04:09:58.056,1.41924,1.41955,1.08,1.50
2011.03.17 04:09:58.165,1.41925,1.4196,1.08,1.50
2011.03.17 04:09:58.714,1.41925,1.4196,1.08,1.50
2011.03.17 04:09:58.824,1.41929,1.4196,1.08,1.50
2011.03.17 04:10:04.534,1.41928,1.41965,1.08,1.50
2011.03.17 04:10:05.824,1.41928,1.41971,1.08,3.08
2011.03.17 04:10:05.934,1.41937,1.41971,1.08,2.33
2011.03.17 04:10:10.891,1.41938,1.41972,1.08,1.50
2011.03.17 04:10:11.485,1.41938,1.41972,1.08,1.50
2011.03.17 04:10:11.707,1.41934,1.41972,1.50,1.50
2011.03.17 04:10:11.815,1.4193,1.41964,1.08,1.50
2011.03.17 04:10:11.926,1.41924,1.41964,1.08,1.50
2011.03.17 04:10:12.146,1.41924,1.41964,1.08,1.50
2011.03.17 04:10:12.475,1.41931,1.41973,1.50,1.50
2011.03.17 04:10:12.585,1.41933,1.41973,1.08,1.50
2011.03.17 04:10:12.914,1.41934,1.41973,1.08,3.08
2011.03.17 04:10:16.615,1.41936,1.41972,1.50,1.50
2011.03.17 04:10:18.426,1.41936,1.41969,1.08,1.50
2011.03.17 04:10:20.407,1.41933,1.41965,1.08,3.08
2011.03.17 04:10:20.518,1.41931,1.41964,1.08,2.33
2011.03.17 04:10:20.624,1.41929,1.41964,1.08,2.33
2011.03.17 04:10:20.955,1.41935,1.41965,1.08,1.58
2011.03.17 04:10:23.766,1.41935,1.41965,1.08,2.33
2011.03.17 04:10:24.095,1.4193,1.41956,1.08,2.33
2011.03.17 04:10:24.204,1.4193,1.41956,1.08,1.58
2011.03.17 04:10:30.354,1.4193,1.41955,1.08,1.58
2011.03.17 04:10:30.905,1.4193,1.41956,1.08,1.58
2011.03.17 04:10:32.335,1.4193,1.41951,1.08,1.58
2011.03.17 04:10:32.445,1.41925,1.41951,1.08,1.58
2011.03.17 04:10:33.927,1.41925,1.41957,1.08,1.50
2011.03.17 04:10:34.036,1.41927,1.41957,1.83,1.50
2011.03.17 04:10:34.147,1.41935,1.41965,1.08,1.69
2011.03.17 04:10:34.259,1.41935,1.41965,1.08,1.50
2011.03.17 04:10:34.486,1.41935,1.41958,1.08,1.58
2011.03.17 04:10:34.597,1.41931,1.41962,1.08,2.48
2011.03.17 04:10:35.145,1.41932,1.41958,1.08,2.33
2011.03.17 04:10:35.255,1.41934,1.41959,1.08,2.25
2011.03.17 04:10:35.365,1.41934,1.41961,1.08,1.65
2011.03.17 04:10:35.916,1.41929,1.4196,1.08,1.50
2011.03.17 04:10:36.465,1.41929,1.41957,1.08,1.50
2011.03.17 04:10:37.711,1.41929,1.4196,1.08,1.50
2011.03.17 04:10:38.846,1.41929,1.41961,1.08,2.40
2011.03.17 04:10:40.386,1.41929,1.4196,1.08,2.40
2011.03.17 04:10:40.936,1.41929,1.41956,1.08,1.58
2011.03.17 04:10:41.046,1.41924,1.41955,1.08,1.58
2011.03.17 04:10:41.157,1.41921,1.4195,1.08,2.33
2011.03.17 04:10:41.265,1.41921,1.4195,1.08,2.33
2011.03.17 04:10:41.595,1.41922,1.41954,1.08,1.58
2011.03.17 04:10:41.705,1.41922,1.41952,1.08,1.58
2011.03.17 04:10:42.037,1.41928,1.41955,1.08,1.73
2011.03.17 04:10:42.364,1.41928,1.41952,1.08,2.33
2011.03.17 04:10:42.695,1.41928,1.4195,1.08,1.58
2011.03.17 04:10:42.916,1.41928,1.41956,1.08,2.33
2011.03.17 04:10:43.465,1.41928,1.41951,1.08,1.58
2011.03.17 04:10:43.575,1.41931,1.41957,1.08,1.58
2011.03.17 04:10:44.126,1.41931,1.41955,1.08,1.58
2011.03.17 04:10:44.566,1.41928,1.41954,1.08,2.33
2011.03.17 04:10:44.978,1.41924,1.41953,1.08,1.58
2011.03.17 04:10:45.195,1.41928,1.41961,1.08,1.50
2011.03.17 04:10:45.305,1.41928,1.41963,1.08,3.08
2011.03.17 04:10:45.635,1.41928,1.41961,1.08,1.50
2011.03.17 04:10:45.855,1.41928,1.41963,1.08,3.08
2011.03.17 04:10:45.967,1.41924,1.41963,1.08,3.08
2011.03.17 04:10:46.184,1.41924,1.4196,1.08,1.50
2011.03.17 04:10:46.625,1.41921,1.41958,1.83,1.50
2011.03.17 04:10:46.735,1.41923,1.41961,1.08,2.33
2011.03.17 04:10:46.845,1.41927,1.41961,1.08,2.33
2011.03.17 04:10:47.175,1.41927,1.41953,1.08,1.58
2011.03.17 04:10:47.505,1.41923,1.41953,1.08,1.58
2011.03.17 04:10:48.056,1.41923,1.41955,1.08,2.33
2011.03.17 04:10:48.384,1.41923,1.4195,1.08,1.58
2011.03.17 04:10:51.805,1.41918,1.41949,1.08,1.58
2011.03.17 04:10:52.024,1.41916,1.4195,1.08,1.50
2011.03.17 04:10:52.355,1.41915,1.41947,1.08,1.50
2011.03.17 04:10:52.798,1.41915,1.41951,1.08,2.25
2011.03.17 04:10:53.355,1.41919,1.41952,1.08,2.25
2011.03.17 04:10:53.576,1.41919,1.41952,1.08,2.25
2011.03.17 04:10:54.017,1.4192,1.41954,1.08,1.50
2011.03.17 04:10:54.565,1.41928,1.4196,1.08,1.50
2011.03.17 04:10:54.790,1.41928,1.41963,1.08,2.40
2011.03.17 04:10:55.126,1.41929,1.41965,2.33,1.50
2011.03.17 04:10:55.235,1.4193,1.41965,1.08,1.50
2011.03.17 04:10:55.456,1.41928,1.41968,1.08,1.50
2011.03.17 04:10:55.564,1.41935,1.4197,1.08,1.50
2011.03.17 04:10:58.555,1.41932,1.41965,1.08,1.50
2011.03.17 04:10:58.666,1.4193,1.41965,1.08,1.50
2011.03.17 04:10:58.988,1.41927,1.41965,1.08,1.50
2011.03.17 04:10:59.110,1.41931,1.41965,2.33,1.50
2011.03.17 04:10:59.448,1.41931,1.41961,2.33,1.50
2011.03.17 04:11:00.364,1.41931,1.41961,2.33,1.50
2011.03.17 04:11:00.697,1.41931,1.41957,2.33,1.50
2011.03.17 04:11:01.244,1.41923,1.41957,1.08,1.50
2011.03.17 04:11:02.007,1.41923,1.41957,1.08,1.50
2011.03.17 04:11:04.247,1.41918,1.41949,2.48,1.50
2011.03.17 04:11:04.466,1.41918,1.41954,2.48,1.50
2011.03.17 04:11:04.575,1.41918,1.41954,2.48,1.50
2011.03.17 04:11:04.905,1.41921,1.41959,1.08,1.50
2011.03.17 04:11:05.015,1.41921,1.41959,1.08,1.50
2011.03.17 04:11:05.456,1.4192,1.41954,1.08,1.50
2011.03.17 04:11:05.785,1.4192,1.41951,1.08,1.50
2011.03.17 04:11:06.114,1.41906,1.41942,1.08,3.00
2011.03.17 04:11:06.334,1.41906,1.41942,1.08,3.00
2011.03.17 04:11:06.992,1.41907,1.4194,1.08,2.25
2011.03.17 04:11:07.112,1.41907,1.41937,1.08,2.25
2011.03.17 04:11:07.230,1.41907,1.41934,1.08,1.58
2011.03.17 04:11:07.346,1.41907,1.4194,1.08,1.50
2011.03.17 04:11:07.456,1.41907,1.41938,1.08,2.82
2011.03.17 04:11:07.568,1.41897,1.41924,1.50,2.33
2011.03.17 04:11:08.017,1.41892,1.41924,1.08,1.50
2011.03.17 04:11:08.456,1.41892,1.41924,1.08,1.50
2011.03.17 04:11:08.785,1.41888,1.41922,1.08,1.50
2011.03.17 04:11:09.565,1.41889,1.41922,2.33,1.50
2011.03.17 04:11:09.676,1.41897,1.41932,1.08,1.50
2011.03.17 04:11:10.005,1.41897,1.41929,1.08,2.33
2011.03.17 04:11:10.338,1.41901,1.41935,1.08,1.50
2011.03.17 04:11:10.674,1.41902,1.41939,1.08,1.50
2011.03.17 04:11:11.004,1.41908,1.41939,1.08,1.50
2011.03.17 04:11:11.846,1.41907,1.41942,1.08,3.00
2011.03.17 04:11:12.841,1.41909,1.41942,1.08,3.00
2011.03.17 04:11:13.396,1.41908,1.41941,1.83,1.50
2011.03.17 04:11:13.508,1.41906,1.41932,1.08,1.58
2011.03.17 04:11:13.627,1.41906,1.41943,1.08,1.50
2011.03.17 04:11:15.645,1.41904,1.41942,1.08,3.83
2011.03.17 04:11:15.753,1.41903,1.41937,1.08,1.50
2011.03.17 04:11:15.976,1.41903,1.41934,1.08,1.50
2011.03.17 04:11:16.306,1.41903,1.41937,1.08,1.50
2011.03.17 04:11:18.367,1.41904,1.41937,1.08,1.50
2011.03.17 04:11:18.585,1.41903,1.41937,1.08,1.50
2011.03.17 04:11:19.024,1.41899,1.41933,1.08,1.50
2011.03.17 04:11:19.440,1.41908,1.41937,1.08,1.50
2011.03.17 04:11:19.666,1.41908,1.41941,1.08,1.50
2011.03.17 04:11:19.777,1.41908,1.41943,1.08,1.50
2011.03.17 04:11:19.896,1.41916,1.41943,1.08,1.50
2011.03.17 04:11:20.118,1.41916,1.41948,1.08,1.50
2011.03.17 04:11:22.816,1.41918,1.41952,1.08,1.50
2011.03.17 04:11:22.925,1.41922,1.41954,1.08,3.98
2011.03.17 04:11:23.146,1.41921,1.41957,1.08,1.50
2011.03.17 04:11:23.254,1.41921,1.41957,1.08,1.50
2011.03.17 04:11:23.584,1.41921,1.41954,1.08,2.33
2011.03.17 04:11:23.915,1.41921,1.41954,1.08,1.58
2011.03.17 04:11:24.027,1.41924,1.41954,1.08,1.58
2011.03.17 04:11:24.246,1.41932,1.41957,1.08,1.50
2011.03.17 04:11:24.358,1.41932,1.41968,1.08,1.50
2011.03.17 04:11:25.245,1.41936,1.41968,2.33,1.50
2011.03.17 04:11:25.355,1.41938,1.41971,1.08,1.50
2011.03.17 04:11:25.575,1.41946,1.41979,1.08,1.50
2011.03.17 04:11:26.125,1.41942,1.41976,1.08,1.50
2011.03.17 04:11:26.235,1.41941,1.41976,1.08,1.50
2011.03.17 04:11:26.455,1.41943,1.41976,1.08,1.50
2011.03.17 04:11:26.675,1.41951,1.4198,1.08,2.25
2011.03.17 04:11:26.784,1.41951,1.4198,1.08,2.25
2011.03.17 04:11:27.125,1.4195,1.4198,1.08,2.25
2011.03.17 04:11:28.113,1.41949,1.4198,1.08,2.25
2011.03.17 04:11:28.445,1.41941,1.41974,1.83,1.50
2011.03.17 04:11:28.996,1.41937,1.41971,2.66,1.50
2011.03.17 04:11:29.325,1.41927,1.4196,1.08,1.50
2011.03.17 04:11:29.435,1.41936,1.41966,1.08,2.25
2011.03.17 04:11:29.659,1.41935,1.4197,1.08,1.50
2011.03.17 04:11:29.885,1.41935,1.41967,1.08,1.50
2011.03.17 04:11:29.995,1.41933,1.41967,1.08,1.50
2011.03.17 04:11:30.327,1.41934,1.41964,1.08,1.50
2011.03.17 04:11:30.697,1.41929,1.41964,1.08,1.50
2011.03.17 04:11:31.688,1.41931,1.41964,1.08,2.25
2011.03.17 04:11:31.915,1.41927,1.41964,1.08,2.25
2011.03.17 04:11:32.026,1.41919,1.41954,1.08,1.50
2011.03.17 04:11:32.355,1.41919,1.41954,1.08,1.50
2011.03.17 04:11:32.904,1.41924,1.41957,1.08,1.50
2011.03.17 04:11:33.344,1.41924,1.41957,1.08,1.50
2011.03.17 04:11:33.676,1.41916,1.41943,1.08,1.50
2011.03.17 04:11:34.005,1.41918,1.41951,2.33,1.50
2011.03.17 04:11:36.495,1.41917,1.41951,2.33,1.50
2011.03.17 04:11:36.829,1.41912,1.41946,1.23,1.50
2011.03.17 04:11:37.384,1.41916,1.41947,1.08,1.50
2011.03.17 04:11:37.936,1.41916,1.41947,1.08,1.50
2011.03.17 04:11:38.156,1.41916,1.41951,1.08,1.50
2011.03.17 04:11:38.705,1.41919,1.41951,1.08,1.50
2011.03.17 04:11:38.924,1.41919,1.41951,1.08,1.50
2011.03.17 04:11:39.474,1.41919,1.41951,1.08,1.50
2011.03.17 04:11:40.575,1.4192,1.41951,1.08,2.25
2011.03.17 04:11:41.846,1.4192,1.41952,1.08,3.00
2011.03.17 04:11:42.395,1.4192,1.41952,1.08,3.00
2011.03.17 04:11:44.265,1.41916,1.41951,1.08,1.50
2011.03.17 04:11:44.375,1.41916,1.41951,1.08,1.50
2011.03.17 04:11:45.035,1.41922,1.41958,1.50,3.83
2011.03.17 04:11:45.146,1.41924,1.41958,1.08,3.83
2011.03.17 04:11:45.475,1.41924,1.41958,1.08,2.33
2011.03.17 04:11:45.806,1.41927,1.41957,1.50,1.50
2011.03.17 04:11:46.026,1.41929,1.41962,1.08,3.00
2011.03.17 04:11:46.465,1.41926,1.41959,1.08,2.25
2011.03.17 04:11:46.897,1.41929,1.41962,1.08,3.00
2011.03.17 04:11:47.445,1.41925,1.41959,1.08,2.25
2011.03.17 04:11:47.994,1.4193,1.41962,1.08,1.50
2011.03.17 04:11:48.435,1.41929,1.4196,1.08,2.25
2011.03.17 04:11:48.655,1.41923,1.41959,2.66,1.50
2011.03.17 04:11:49.755,1.41924,1.41958,1.08,1.50
2011.03.17 04:11:50.304,1.41924,1.41954,1.08,1.50
2011.03.17 04:11:52.426,1.4192,1.41956,1.08,1.65
2011.03.17 04:11:52.645,1.41912,1.41945,1.08,1.50
2011.03.17 04:11:52.974,1.41912,1.41952,1.08,1.50
2011.03.17 04:11:53.087,1.41912,1.41952,1.08,1.50
2011.03.17 04:11:53.675,1.41919,1.41954,1.08,1.50
2011.03.17 04:11:54.116,1.41921,1.41958,1.08,1.65
2011.03.17 04:11:54.446,1.41927,1.41962,1.50,4.13
2011.03.17 04:11:54.776,1.41934,1.41969,1.08,1.50
2011.03.17 04:11:55.655,1.41939,1.41973,1.08,1.50
2011.03.17 04:11:56.204,1.41937,1.41974,1.08,1.50
2011.03.17 04:11:56.645,1.41932,1.4197,1.08,2.25
2011.03.17 04:11:56.755,1.4193,1.41966,1.08,1.50
2011.03.17 04:11:58.405,1.41925,1.41956,1.50,3.00
2011.03.17 04:11:58.516,1.41919,1.41952,1.08,1.50
2011.03.17 04:11:58.624,1.41919,1.41952,1.08,1.50
2011.03.17 04:11:58.846,1.41919,1.41954,1.08,1.50
2011.03.17 04:11:59.845,1.41926,1.41954,1.08,1.50
2011.03.17 04:11:59.957,1.41923,1.41954,1.50,2.25
2011.03.17 04:12:00.284,1.41933,1.41967,1.08,1.50
2011.03.17 04:12:00.615,1.41932,1.41972,1.83,3.00
2011.03.17 04:12:00.725,1.41937,1.41971,1.08,1.50
2011.03.17 04:12:02.586,1.41939,1.41971,1.08,1.50
2011.03.17 04:12:02.694,1.41943,1.41975,1.08,1.50
2011.03.17 04:12:03.246,1.41948,1.41979,1.08,2.25
2011.03.17 04:12:03.355,1.41948,1.41982,1.08,1.50
2011.03.17 04:12:03.465,1.41945,1.41982,1.08,1.50
2011.03.17 04:12:03.686,1.41945,1.4198,1.08,1.50
2011.03.17 04:12:04.234,1.41942,1.41974,1.08,1.50
2011.03.17 04:12:04.675,1.41946,1.41973,1.08,1.50
2011.03.17 04:12:05.996,1.41946,1.41974,1.08,2.25
2011.03.17 04:12:06.379,1.41946,1.41971,1.08,2.25
2011.03.17 04:12:06.827,1.41938,1.41969,1.08,1.50
2011.03.17 04:12:06.935,1.4193,1.41964,1.08,1.50
2011.03.17 04:12:07.048,1.4193,1.41964,1.08,1.50
2011.03.17 04:12:07.165,1.4193,1.41961,1.08,1.50
2011.03.17 04:12:07.764,1.41927,1.41961,1.08,1.50
2011.03.17 04:12:08.907,1.41927,1.41958,1.08,1.50
2011.03.17 04:12:09.015,1.4192,1.41958,1.08,2.25
2011.03.17 04:12:09.345,1.41922,1.41958,2.33,2.25
2011.03.17 04:12:09.675,1.41924,1.41957,1.08,1.50
2011.03.17 04:12:09.788,1.41924,1.41957,1.08,1.50
2011.03.17 04:12:11.448,1.41923,1.41956,1.08,1.50
2011.03.17 04:12:11.568,1.41914,1.4195,1.08,2.33
2011.03.17 04:12:11.684,1.41913,1.41946,1.08,1.50
2011.03.17 04:12:12.125,1.41916,1.41949,1.08,1.50
2011.03.17 04:12:12.235,1.41916,1.41949,1.08,1.50
2011.03.17 04:12:13.682,1.41917,1.41949,1.50,1.50
2011.03.17 04:12:13.800,1.41921,1.41957,2.33,1.50
2011.03.17 04:12:14.137,1.41922,1.41953,2.33,1.50
2011.03.17 04:12:14.794,1.41922,1.41957,2.33,1.50
2011.03.17 04:12:16.336,1.41926,1.41959,2.66,1.50
2011.03.17 04:12:16.664,1.41918,1.41952,1.08,1.50
2011.03.17 04:12:17.325,1.41914,1.41947,1.08,1.50
2011.03.17 04:12:17.654,1.41914,1.41947,1.08,1.50
2011.03.17 04:12:18.096,1.41914,1.41947,1.08,1.50
2011.03.17 04:12:18.205,1.41918,1.41953,1.08,1.50
2011.03.17 04:12:18.646,1.41922,1.41956,1.08,1.50
2011.03.17 04:12:19.195,1.4192,1.41952,1.08,1.50
2011.03.17 04:12:19.745,1.41918,1.41949,2.33,1.50
2011.03.17 04:12:20.166,1.41926,1.4196,1.50,1.50
2011.03.17 04:12:20.284,1.4193,1.41962,1.08,2.25
2011.03.17 04:12:20.510,1.41933,1.41967,1.50,1.50
2011.03.17 04:12:20.628,1.41936,1.41967,1.08,1.50
2011.03.17 04:12:20.856,1.41935,1.41972,1.08,2.25
2011.03.17 04:12:21.185,1.41934,1.41972,1.50,1.50
2011.03.17 04:12:21.407,1.41927,1.41962,1.08,1.13
2011.03.17 04:12:21.515,1.41918,1.41951,1.08,1.50
2011.03.17 04:12:22.064,1.41918,1.41951,1.08,1.50
2011.03.17 04:12:25.046,1.41918,1.41951,1.08,1.50
2011.03.17 04:12:25.375,1.41918,1.41951,1.08,1.50
2011.03.17 04:12:25.487,1.41925,1.41957,1.08,1.50
2011.03.17 04:12:26.023,1.41934,1.41955,1.50,1.50
2011.03.17 04:12:26.377,1.41933,1.41963,2.25,1.50
2011.03.17 04:12:26.596,1.41938,1.41972,1.08,1.50
2011.03.17 04:12:27.475,1.41938,1.41972,1.08,1.50
2011.03.17 04:12:27.694,1.41926,1.41971,1.08,1.50
2011.03.17 04:12:27.804,1.41926,1.4196,1.08,1.50
2011.03.17 04:12:28.465,1.41932,1.41965,1.08,1.50
2011.03.17 04:12:28.794,1.41932,1.41965,1.08,1.50
2011.03.17 04:12:28.905,1.41931,1.4197,1.08,1.50
2011.03.17 04:12:29.124,1.41927,1.41963,1.08,1.50
2011.03.17 04:12:29.233,1.41927,1.41963,1.08,1.50
2011.03.17 04:12:29.784,1.41931,1.41964,1.08,1.50
2011.03.17 04:12:30.315,1.41931,1.41967,1.08,1.50
2011.03.17 04:12:30.428,1.41935,1.41967,1.08,1.50
2011.03.17 04:12:30.765,1.41937,1.41967,1.08,1.50
2011.03.17 04:12:30.877,1.4194,1.41975,1.08,1.50
2011.03.17 04:12:31.315,1.41939,1.41977,1.08,1.50
2011.03.17 04:12:31.425,1.41939,1.41977,1.08,1.50
2011.03.17 04:12:31.536,1.41944,1.41984,1.08,1.50
2011.03.17 04:12:31.646,1.41944,1.41984,1.08,1.50
2011.03.17 04:12:31.976,1.41948,1.4198,1.08,2.25
2011.03.17 04:12:32.198,1.41937,1.41973,1.83,1.50
2011.03.17 04:12:32.646,1.41931,1.41968,1.08,1.50
2011.03.17 04:12:33.415,1.41929,1.41966,1.83,1.50
2011.03.17 04:12:33.825,1.41929,1.41964,1.83,1.50
2011.03.17 04:12:34.686,1.41931,1.41964,1.08,1.50
2011.03.17 04:12:34.907,1.4194,1.41991,1.13,2.70
2011.03.17 04:12:35.017,1.41953,1.41975,2.25,1.50
2011.03.17 04:12:35.235,1.41957,1.41993,1.08,1.50
2011.03.17 04:12:35.344,1.41957,1.41993,1.08,1.50
2011.03.17 04:12:36.236,1.41956,1.41991,1.08,1.69
2011.03.17 04:12:36.347,1.41956,1.41977,1.08,1.50
2011.03.17 04:12:36.458,1.41944,1.41976,1.23,1.13
2011.03.17 04:12:36.578,1.41932,1.41966,1.08,1.50
2011.03.17 04:12:36.807,1.41926,1.41966,1.08,1.50
2011.03.17 04:12:36.917,1.41925,1.41965,1.08,1.50
2011.03.17 04:12:37.247,1.41929,1.41963,1.08,1.50
2011.03.17 04:12:37.477,1.41927,1.41963,1.50,1.50
2011.03.17 04:12:37.584,1.41923,1.41964,1.08,2.25
2011.03.17 04:12:37.915,1.41923,1.41964,1.08,2.25
2011.03.17 04:12:38.356,1.41921,1.41958,1.50,1.50
2011.03.17 04:12:38.716,1.4192,1.41957,2.33,1.50
2011.03.17 04:12:38.839,1.41922,1.41957,1.50,1.50
2011.03.17 04:12:38.959,1.41923,1.41961,1.08,1.50
2011.03.17 04:12:39.077,1.41931,1.41968,1.50,1.80
2011.03.17 04:12:39.188,1.41934,1.41968,1.08,1.80
2011.03.17 04:12:39.306,1.41934,1.41968,1.08,1.50
2011.03.17 04:12:42.174,1.41934,1.41965,1.08,1.50
2011.03.17 04:12:42.506,1.41924,1.4196,1.08,2.25
2011.03.17 04:12:42.724,1.41918,1.41951,1.08,1.50
2011.03.17 04:12:43.164,1.41923,1.41957,1.08,1.50
2011.03.17 04:12:43.495,1.41923,1.41957,1.08,1.50
2011.03.17 04:12:43.605,1.41929,1.41964,1.08,1.50
2011.03.17 04:12:43.824,1.4193,1.41968,1.08,1.50
2011.03.17 04:12:44.154,1.41935,1.41967,1.08,1.50
2011.03.17 04:12:44.374,1.4193,1.41966,1.08,1.50
2011.03.17 04:12:45.567,1.41929,1.41966,1.08,1.65
2011.03.17 04:12:45.899,1.41921,1.41958,1.08,1.50
2011.03.17 04:12:46.126,1.41919,1.41952,1.08,1.50
2011.03.17 04:12:46.234,1.41917,1.41956,1.08,1.50
2011.03.17 04:12:46.455,1.41914,1.41947,1.08,1.50
2011.03.17 04:12:46.785,1.41914,1.41947,1.08,1.50
2011.03.17 04:12:48.764,1.41914,1.41947,1.08,1.50
2011.03.17 04:12:49.315,1.41914,1.41947,1.08,1.50
2011.03.17 04:12:49.976,1.41918,1.4195,1.08,1.50
2011.03.17 04:12:51.405,1.41919,1.41955,1.08,1.50
2011.03.17 04:12:56.017,1.41921,1.41958,1.50,1.50
2011.03.17 04:12:56.125,1.41924,1.41958,1.08,1.50
2011.03.17 04:12:57.005,1.41924,1.41958,1.08,1.50
2011.03.17 04:12:57.775,1.41919,1.41954,1.08,1.50
2011.03.17 04:12:58.324,1.41924,1.41956,1.08,1.50
2011.03.17 04:13:03.045,1.41924,1.41956,1.08,1.50
2011.03.17 04:13:03.815,1.41924,1.41956,1.08,1.50
2011.03.17 04:13:04.146,1.4192,1.41953,1.08,1.50
2011.03.17 04:13:04.694,1.41917,1.41952,1.08,1.50
2011.03.17 04:13:05.312,1.41917,1.4195,1.08,1.50
2011.03.17 04:13:05.428,1.41922,1.41953,1.08,1.50
2011.03.17 04:13:05.658,1.41919,1.41953,1.50,1.50
2011.03.17 04:13:05.887,1.41915,1.41952,1.08,1.50
2011.03.17 04:13:07.649,1.41917,1.41949,2.33,1.50
2011.03.17 04:13:08.205,1.41915,1.41949,1.08,1.50
2011.03.17 04:13:08.318,1.41915,1.41949,1.08,1.50
2011.03.17 04:13:08.543,1.41917,1.4195,1.08,1.50
2011.03.17 04:13:09.094,1.41917,1.41952,1.08,1.50
2011.03.17 04:13:12.391,1.41917,1.4195,1.08,1.50
2011.03.17 04:13:12.513,1.41912,1.41947,1.08,1.50
2011.03.17 04:13:12.628,1.41913,1.41952,1.08,1.50
2011.03.17 04:13:12.746,1.41912,1.41952,1.08,1.50
2011.03.17 04:13:13.075,1.41919,1.41952,1.08,1.50
2011.03.17 04:13:13.188,1.41918,1.41952,1.50,1.50
2011.03.17 04:13:13.416,1.41915,1.41952,1.08,1.50
2011.03.17 04:13:13.967,1.41915,1.41952,1.08,1.50
2011.03.17 04:13:14.185,1.41915,1.4195,1.08,1.50
2011.03.17 04:13:15.725,1.41916,1.4195,1.08,1.50
2011.03.17 04:13:16.604,1.41915,1.4195,1.08,1.50
2011.03.17 04:13:17.046,1.41911,1.41945,1.08,1.50
2011.03.17 04:13:17.265,1.41917,1.41951,1.08,1.50
2011.03.17 04:13:17.377,1.41916,1.41951,1.08,1.50
2011.03.17 04:13:17.484,1.41914,1.41952,1.08,1.50
2011.03.17 04:13:17.814,1.41913,1.41952,1.08,1.50
2011.03.17 04:13:18.035,1.41913,1.4195,1.08,1.50
2011.03.17 04:13:18.475,1.41914,1.41946,1.08,1.50
2011.03.17 04:13:18.696,1.41913,1.41951,1.08,1.50
2011.03.17 04:13:20.247,1.41913,1.41949,1.08,1.50
2011.03.17 04:13:20.575,1.41913,1.4195,1.08,1.50
2011.03.17 04:13:20.909,1.41918,1.41952,1.08,1.50
2011.03.17 04:13:21.027,1.41914,1.41954,1.08,1.50
2011.03.17 04:13:21.135,1.41914,1.41952,1.08,1.50
2011.03.17 04:13:21.463,1.4191,1.41947,2.66,1.50
2011.03.17 04:13:22.464,1.4191,1.41947,2.66,1.50
2011.03.17 04:13:23.104,1.4191,1.41947,2.33,1.50
2011.03.17 04:13:27.716,1.41913,1.41947,1.08,1.50
2011.03.17 04:13:28.265,1.41911,1.41946,2.33,1.50
2011.03.17 04:13:29.035,1.41922,1.41944,1.58,1.50
2011.03.17 04:13:29.263,1.41924,1.41955,1.08,1.50
2011.03.17 04:13:29.377,1.41926,1.41961,1.08,1.50
2011.03.17 04:13:30.146,1.41926,1.41961,1.08,1.50
2011.03.17 04:13:30.586,1.41929,1.41958,1.08,1.50
2011.03.17 04:13:30.915,1.41928,1.41955,2.33,1.50
2011.03.17 04:13:32.404,1.41928,1.41955,2.33,1.50
2011.03.17 04:13:33.177,1.41935,1.41961,2.33,1.50
2011.03.17 04:13:33.288,1.41935,1.41962,2.33,1.50
2011.03.17 04:13:33.407,1.41949,1.41975,1.58,1.50
2011.03.17 04:13:33.629,1.4195,1.41985,1.08,1.50
2011.03.17 04:13:34.738,1.41949,1.41977,1.58,1.50
2011.03.17 04:13:34.848,1.41942,1.41977,1.08,1.50
2011.03.17 04:13:34.969,1.41943,1.41981,1.58,1.50
2011.03.17 04:13:35.086,1.41938,1.41971,1.58,1.50
2011.03.17 04:13:35.524,1.41938,1.41971,2.33,1.50
2011.03.17 04:13:37.267,1.41938,1.41972,2.66,1.50
2011.03.17 04:13:37.376,1.41944,1.41978,1.08,1.50
2011.03.17 04:13:37.595,1.41948,1.41983,1.58,1.50
2011.03.17 04:13:38.178,1.41948,1.41982,1.58,1.50
2011.03.17 04:13:38.405,1.41949,1.41986,1.91,1.50
2011.03.17 04:13:38.514,1.4195,1.41987,1.08,1.50
2011.03.17 04:13:38.846,1.4195,1.41987,2.33,1.50
2011.03.17 04:13:38.956,1.41946,1.41981,1.83,1.50
2011.03.17 04:13:39.505,1.41947,1.41981,1.08,1.50
2011.03.17 04:13:39.837,1.41956,1.41983,1.58,1.50
2011.03.17 04:13:40.054,1.41956,1.41989,1.58,1.50
2011.03.17 04:13:40.164,1.41956,1.41993,2.33,2.25
2011.03.17 04:13:40.275,1.41958,1.41993,1.08,2.25
2011.03.17 04:13:41.405,1.41957,1.41993,1.08,1.50
2011.03.17 04:13:41.748,1.41963,1.41997,1.08,1.50
2011.03.17 04:13:41.865,1.41963,1.41997,1.08,1.50
2011.03.17 04:13:41.975,1.41957,1.41992,1.08,2.25
2011.03.17 04:13:42.196,1.41952,1.41992,1.08,2.25
2011.03.17 04:13:42.415,1.41952,1.41992,1.08,2.25
2011.03.17 04:13:42.634,1.41951,1.41992,1.08,2.25
2011.03.17 04:13:42.855,1.41956,1.41991,1.08,1.50
2011.03.17 04:13:43.075,1.41951,1.41992,1.08,2.25
2011.03.17 04:13:43.185,1.41953,1.41992,1.08,1.50
2011.03.17 04:13:43.405,1.41951,1.41992,1.08,1.50
2011.03.17 04:13:43.515,1.41951,1.41988,1.08,1.50
2011.03.17 04:13:43.735,1.41952,1.4199,1.08,1.50
2011.03.17 04:13:43.845,1.41949,1.4199,1.08,1.50
2011.03.17 04:13:44.064,1.41946,1.41983,1.08,1.50
2011.03.17 04:13:47.587,1.41943,1.4198,1.08,1.50
2011.03.17 04:13:49.695,1.41942,1.41981,1.08,1.50
2011.03.17 04:13:49.805,1.41942,1.41978,1.08,1.50
2011.03.17 04:13:50.025,1.41942,1.41981,1.08,1.50
2011.03.17 04:13:50.245,1.41945,1.41984,1.50,1.50
2011.03.17 04:13:50.465,1.41949,1.41987,1.08,1.50
2011.03.17 04:13:50.686,1.41952,1.4199,1.08,1.50
2011.03.17 04:13:51.454,1.41959,1.41993,1.08,1.50
2011.03.17 04:13:52.334,1.41953,1.41993,1.08,1.50
2011.03.17 04:13:53.215,1.41958,1.41993,1.08,1.50
2011.03.17 04:13:53.435,1.41954,1.41993,1.08,2.25
2011.03.17 04:13:54.097,1.41955,1.41994,1.08,2.25
2011.03.17 04:13:54.425,1.41953,1.41993,1.08,1.50
2011.03.17 04:13:54.534,1.41953,1.41993,1.08,1.50
2011.03.17 04:13:54.865,1.41954,1.41992,1.08,1.50
2011.03.17 04:13:55.195,1.41959,1.41993,1.08,1.50
2011.03.17 04:13:55.744,1.4196,1.41994,1.08,2.25
2011.03.17 04:13:55.965,1.41959,1.41993,1.08,1.50
2011.03.17 04:13:56.515,1.4196,1.41993,1.08,1.50
2011.03.17 04:13:56.625,1.41953,1.41986,2.33,1.50
2011.03.17 04:13:56.954,1.41953,1.41986,2.33,1.50
2011.03.17 04:13:57.174,1.41958,1.41992,1.08,1.50
2011.03.17 04:13:57.749,1.41958,1.41992,1.08,1.50
2011.03.17 04:13:59.337,1.41965,1.41993,1.13,1.50
2011.03.17 04:13:59.555,1.41977,1.42009,1.08,1.65
2011.03.17 04:13:59.778,1.41986,1.42016,1.08,1.69
2011.03.17 04:14:00.120,1.41994,1.42016,1.08,1.69
2011.03.17 04:14:00.239,1.41994,1.42016,1.08,1.69
2011.03.17 04:14:00.358,1.41986,1.42007,1.08,1.13
2011.03.17 04:14:00.469,1.41983,1.42005,1.08,1.13
2011.03.17 04:14:00.805,1.41983,1.42009,1.08,1.13
2011.03.17 04:14:01.024,1.41975,1.42006,1.08,1.88
2011.03.17 04:14:01.134,1.41973,1.42006,1.08,1.88
2011.03.17 04:14:01.607,1.41973,1.41999,1.08,1.13
2011.03.17 04:14:01.715,1.41962,1.41997,1.08,1.50
2011.03.17 04:14:03.024,1.41958,1.41994,1.08,1.50
2011.03.17 04:14:06.255,1.41958,1.41991,1.08,1.50
2011.03.17 04:14:06.585,1.41955,1.4199,1.08,1.50
2011.03.17 04:14:06.694,1.41953,1.41989,1.08,1.50
2011.03.17 04:14:08.977,1.41958,1.41989,1.50,1.50
2011.03.17 04:14:09.195,1.41967,1.41992,2.33,1.50
2011.03.17 04:14:09.306,1.41967,1.41994,2.33,1.50
2011.03.17 04:14:09.418,1.41961,1.41996,1.08,1.50
2011.03.17 04:14:09.539,1.41958,1.41999,1.08,1.50
2011.03.17 04:14:09.656,1.41961,1.41999,1.08,1.50
2011.03.17 04:14:10.160,1.41961,1.41996,1.08,1.50
2011.03.17 04:14:10.282,1.4195,1.41989,1.08,1.50
2011.03.17 04:14:11.126,1.41951,1.41989,1.08,1.50
2011.03.17 04:14:11.567,1.41954,1.41988,1.08,1.50
2011.03.17 04:14:11.676,1.41954,1.41987,1.08,1.50
2011.03.17 04:14:12.005,1.41953,1.41984,1.08,1.50
2011.03.17 04:14:13.006,1.41953,1.41986,1.08,1.50
2011.03.17 04:14:13.334,1.41955,1.41992,1.08,1.50
2011.03.17 04:14:13.985,1.41955,1.41983,1.08,1.50
2011.03.17 04:14:14.315,1.41946,1.41981,1.08,1.50
2011.03.17 04:14:14.425,1.41946,1.41987,1.08,1.50
2011.03.17 04:14:14.674,1.41946,1.41982,1.08,1.50
2011.03.17 04:14:15.006,1.4194,1.4198,1.08,1.50
2011.03.17 04:14:15.115,1.4194,1.41977,1.08,1.50
2011.03.17 04:14:15.225,1.41943,1.41977,1.08,1.50
2011.03.17 04:14:15.555,1.41942,1.41981,1.08,1.50
2011.03.17 04:14:16.115,1.41942,1.41978,1.08,1.58
2011.03.17 04:14:16.453,1.41944,1.41976,1.08,1.50
2011.03.17 04:14:16.674,1.41942,1.41976,1.08,1.50
2011.03.17 04:14:17.259,1.4194,1.4197,1.50,1.50
2011.03.17 04:14:17.594,1.41938,1.41971,1.08,1.50
2011.03.17 04:14:17.706,1.41938,1.4197,1.08,1.50
2011.03.17 04:14:17.818,1.41938,1.4197,1.08,3.08
2011.03.17 04:14:18.265,1.41938,1.4197,1.08,2.33
2011.03.17 04:14:18.374,1.41938,1.4197,1.08,3.08
2011.03.17 04:14:19.826,1.41937,1.4197,1.08,1.50
2011.03.17 04:14:20.047,1.41928,1.41956,1.08,1.69
2011.03.17 04:14:20.156,1.41928,1.41955,1.08,1.69
2011.03.17 04:14:20.265,1.41914,1.41949,1.08,1.50
2011.03.17 04:14:20.595,1.41911,1.41945,1.08,1.50
2011.03.17 04:14:21.364,1.41911,1.41945,1.08,1.50
2011.03.17 04:14:22.685,1.41904,1.41939,1.08,1.50
2011.03.17 04:14:23.454,1.41904,1.41939,1.08,1.50
2011.03.17 04:14:23.785,1.41904,1.41939,1.08,1.50
2011.03.17 04:14:25.985,1.41902,1.41939,1.50,1.50
2011.03.17 04:14:26.206,1.41901,1.41936,1.08,1.50
2011.03.17 04:14:28.244,1.41901,1.41936,1.08,1.50
2011.03.17 04:14:29.008,1.41904,1.41936,3.08,1.50
2011.03.17 04:14:29.787,1.41903,1.41936,1.50,1.50
2011.03.17 04:14:30.007,1.41896,1.41932,1.08,1.50
2011.03.17 04:14:30.335,1.419,1.41931,2.33,1.50
2011.03.17 04:14:30.445,1.41901,1.41935,1.08,1.50
2011.03.17 04:14:30.558,1.41905,1.41942,1.08,1.50
2011.03.17 04:14:30.678,1.41905,1.41942,1.08,1.50
2011.03.17 04:14:30.906,1.41912,1.41945,1.08,1.50
2011.03.17 04:14:31.235,1.41912,1.41945,1.08,1.50
2011.03.17 04:14:32.164,1.41907,1.4194,1.08,1.50
2011.03.17 04:14:32.274,1.41907,1.4194,1.08,1.50
2011.03.17 04:14:36.311,1.41907,1.4194,1.08,1.50
2011.03.17 04:14:36.425,1.41903,1.41936,1.08,1.50
2011.03.17 04:14:36.766,1.41903,1.41936,1.08,1.50
2011.03.17 04:14:40.435,1.41903,1.41936,1.08,1.50
2011.03.17 04:14:46.171,1.4191,1.41943,1.08,1.50
2011.03.17 04:14:48.077,1.4191,1.4194,1.08,1.50
2011.03.17 04:14:48.627,1.41905,1.41937,1.08,1.50
2011.03.17 04:14:49.175,1.41913,1.41946,1.08,1.80
2011.03.17 04:14:49.560,1.41915,1.41949,1.08,1.50
2011.03.17 04:14:50.932,1.41915,1.41949,1.08,2.25
2011.03.17 04:14:52.046,1.41915,1.41946,1.08,1.50
2011.03.17 04:14:52.266,1.41916,1.4195,1.08,2.25
2011.03.17 04:14:52.485,1.41916,1.4195,1.08,2.25
2011.03.17 04:14:52.815,1.41916,1.4195,1.08,1.50
2011.03.17 04:14:53.036,1.41916,1.4195,1.08,2.25
2011.03.17 04:14:53.145,1.41915,1.41946,1.08,1.50
2011.03.17 04:14:53.476,1.41917,1.41946,2.33,1.50
2011.03.17 04:14:53.804,1.41923,1.41958,1.08,2.25
2011.03.17 04:14:54.345,1.41917,1.41948,2.33,1.50
2011.03.17 04:14:54.455,1.41916,1.41948,1.08,1.50
2011.03.17 04:14:55.355,1.41918,1.41948,2.33,1.50
2011.03.17 04:14:55.685,1.41925,1.41953,2.33,1.50
2011.03.17 04:14:55.794,1.41925,1.41955,2.33,1.50
2011.03.17 04:14:57.146,1.41925,1.41954,2.33,1.50
2011.03.17 04:14:57.255,1.41925,1.41953,1.58,1.69
2011.03.17 04:14:57.367,1.4192,1.41948,1.08,2.25
2011.03.17 04:14:57.720,1.41912,1.41946,1.38,2.25
2011.03.17 04:14:57.843,1.41908,1.41943,1.08,2.33
2011.03.17 04:14:58.176,1.41911,1.41944,1.08,1.50
2011.03.17 04:14:58.395,1.41908,1.41944,1.08,3.08
2011.03.17 04:14:58.615,1.41908,1.41944,1.08,1.50
2011.03.17 04:14:59.166,1.41913,1.41943,1.08,1.50
2011.03.17 04:14:59.495,1.41912,1.41943,1.08,1.50
2011.03.17 04:15:00.045,1.41908,1.41941,1.08,1.50
2011.03.17 04:15:00.156,1.41914,1.41945,1.08,1.50
2011.03.17 04:15:00.264,1.41914,1.41951,1.08,2.59
2011.03.17 04:15:00.814,1.41919,1.41951,1.08,1.84
2011.03.17 04:15:00.924,1.41919,1.41951,1.08,1.09
2011.03.17 04:15:01.145,1.41925,1.41954,1.08,1.05
2011.03.17 04:15:01.257,1.41924,1.41957,1.50,1.50
2011.03.17 04:15:01.366,1.41921,1.41957,1.08,1.50
2011.03.17 04:15:03.116,1.41917,1.41951,1.08,1.50
2011.03.17 04:15:03.226,1.41917,1.41948,1.08,1.13
2011.03.17 04:15:03.446,1.41913,1.41948,1.08,1.88
2011.03.17 04:15:03.558,1.41904,1.41937,1.08,1.50
2011.03.17 04:15:03.785,1.41904,1.41937,1.08,1.50
2011.03.17 04:15:04.446,1.41906,1.41941,1.08,1.50
2011.03.17 04:15:18.704,1.41908,1.41941,3.83,1.50
2011.03.17 04:15:19.034,1.41908,1.41941,3.83,1.50
2011.03.17 04:15:19.584,1.41906,1.41939,1.08,1.50
2011.03.17 04:15:19.694,1.41906,1.41939,1.08,1.50
2011.03.17 04:15:21.354,1.41906,1.41941,1.08,1.50
2011.03.17 04:15:21.794,1.41907,1.41941,2.33,1.50
2011.03.17 04:15:22.015,1.41906,1.41941,1.08,1.50
2011.03.17 04:15:22.344,1.4191,1.41945,1.08,1.50
2011.03.17 04:15:27.607,1.4191,1.41945,1.08,1.50
2011.03.17 04:15:29.734,1.41907,1.4194,1.08,1.50
2011.03.17 04:15:36.336,1.41913,1.4194,1.50,1.50
2011.03.17 04:15:36.554,1.41916,1.41951,2.33,1.50
2011.03.17 04:15:37.154,1.41919,1.41952,1.08,1.50
2011.03.17 04:15:41.014,1.41923,1.41955,1.08,1.50
2011.03.17 04:15:45.115,1.41923,1.41954,1.08,1.50
2011.03.17 04:15:48.106,1.41923,1.41953,1.08,1.50
2011.03.17 04:15:49.575,1.41915,1.41947,2.33,2.25
2011.03.17 04:15:49.904,1.41915,1.41947,2.33,1.50
2011.03.17 04:15:53.725,1.41916,1.41962,1.09,3.98
2011.03.17 04:15:53.836,1.41934,1.41962,2.25,1.50
2011.03.17 04:15:53.946,1.41934,1.4196,3.00,1.50
2011.03.17 04:15:54.165,1.41926,1.4196,1.08,1.50
2011.03.17 04:15:54.869,1.41924,1.4196,1.08,1.50
2011.03.17 04:15:59.245,1.41926,1.41964,1.50,1.50
2011.03.17 04:15:59.357,1.41934,1.41966,2.25,1.50
2011.03.17 04:15:59.905,1.41932,1.41965,3.83,1.50
2011.03.17 04:16:00.686,1.41932,1.41965,1.50,1.50
2011.03.17 04:16:00.906,1.41927,1.41965,2.58,1.50
2011.03.17 04:16:01.573,1.41926,1.41954,1.58,1.50
2011.03.17 04:16:01.686,1.41926,1.4196,3.41,1.50
2011.03.17 04:16:06.065,1.41927,1.4196,1.50,1.50
2011.03.17 04:16:07.030,1.41923,1.4196,3.33,1.50
2011.03.17 04:16:12.864,1.41927,1.4196,1.50,1.50
2011.03.17 04:16:16.414,1.41926,1.4196,1.83,1.50
2011.03.17 04:16:21.014,1.41929,1.41963,1.08,2.25
2011.03.17 04:16:21.624,1.4193,1.41963,1.08,2.25
2011.03.17 04:16:21.956,1.41954,1.41981,2.25,1.50
2011.03.17 04:16:22.176,1.41935,1.4197,1.08,1.50
2011.03.17 04:16:22.288,1.41932,1.41972,2.58,1.50
2011.03.17 04:16:22.505,1.41938,1.41972,1.50,1.50
2011.03.17 04:16:22.834,1.41939,1.4197,1.08,1.50
2011.03.17 04:16:23.276,1.41938,1.41968,1.50,1.50
2011.03.17 04:16:23.386,1.41931,1.41968,1.08,1.50
2011.03.17 04:16:23.715,1.41937,1.41968,1.50,1.50
2011.03.17 04:16:24.202,1.41931,1.41968,1.08,1.50
2011.03.17 04:16:24.645,1.41936,1.41968,1.50,1.50
2011.03.17 04:16:25.084,1.41931,1.41968,1.08,1.50
2011.03.17 04:16:25.634,1.41935,1.41968,1.50,1.50
2011.03.17 04:16:26.344,1.41931,1.41968,1.08,1.50
2011.03.17 04:16:33.406,1.41931,1.41965,2.58,1.50
2011.03.17 04:16:36.717,1.41931,1.41968,1.08,1.50
2011.03.17 04:16:36.934,1.41931,1.41964,1.83,1.50
2011.03.17 04:16:46.135,1.41932,1.41964,1.50,1.50
2011.03.17 04:16:49.442,1.41932,1.41967,1.83,1.50
2011.03.17 04:16:49.559,1.41934,1.41968,1.08,1.50
2011.03.17 04:16:49.785,1.41932,1.41968,2.58,1.50
2011.03.17 04:16:49.898,1.41929,1.41965,1.08,1.50
2011.03.17 04:16:50.676,1.41927,1.41962,1.83,1.50
2011.03.17 04:16:51.004,1.41932,1.41962,1.50,1.50
2011.03.17 04:16:54.429,1.41932,1.41966,1.83,1.50
2011.03.17 04:16:54.655,1.41932,1.41966,1.50,2.25
2011.03.17 04:16:54.876,1.41928,1.41961,1.83,1.50
2011.03.17 04:16:55.315,1.41931,1.41961,1.50,1.50
2011.03.17 04:16:56.882,1.41931,1.41961,2.25,1.50
2011.03.17 04:16:58.185,1.41948,1.41966,1.50,1.50
2011.03.17 04:16:58.295,1.41948,1.41967,1.50,1.50
2011.03.17 04:16:58.626,1.41948,1.41972,1.50,1.50
2011.03.17 04:16:59.626,1.41949,1.41967,1.50,1.50
2011.03.17 04:17:01.284,1.41949,1.41965,1.50,1.50
2011.03.17 04:17:02.087,1.41948,1.41965,1.50,1.50
2011.03.17 04:17:03.355,1.41948,1.41965,1.50,1.50
2011.03.17 04:17:04.074,1.41949,1.41968,1.50,1.50
2011.03.17 04:17:06.074,1.41949,1.41971,1.50,1.50
2011.03.17 04:17:08.644,1.41948,1.41971,1.50,1.50
2011.03.17 04:17:12.905,1.41948,1.41971,1.50,1.50
2011.03.17 04:17:15.356,1.41948,1.41971,1.50,1.50
2011.03.17 04:17:18.185,1.41948,1.41975,2.25,1.50
2011.03.17 04:17:18.624,1.41949,1.41977,1.50,1.50
2011.03.17 04:17:20.097,1.41948,1.41977,1.50,1.50
2011.03.17 04:17:20.208,1.41948,1.41968,1.50,1.50
2011.03.17 04:17:21.364,1.41949,1.41967,1.50,1.50
2011.03.17 04:17:22.088,1.41949,1.41965,1.50,1.50
2011.03.17 04:17:23.574,1.41948,1.41965,1.50,1.50
2011.03.17 04:17:25.674,1.41948,1.41965,1.50,1.50
2011.03.17 04:17:28.335,1.41948,1.41969,1.50,1.50
2011.03.17 04:17:28.556,1.41948,1.41974,1.50,2.25
2011.03.17 04:17:29.077,1.41948,1.41974,1.50,2.25
2011.03.17 04:17:31.406,1.41949,1.4197,1.50,1.50
2011.03.17 04:17:32.847,1.41948,1.4197,1.50,1.50
2011.03.17 04:17:32.960,1.41949,1.41979,2.33,1.50
2011.03.17 04:17:33.406,1.41949,1.4198,2.33,1.50
2011.03.17 04:17:34.144,1.41949,1.4198,3.41,1.50
2011.03.17 04:17:34.706,1.41948,1.41979,1.83,1.50
2011.03.17 04:17:35.257,1.41949,1.41979,1.08,1.50
2011.03.17 04:17:35.370,1.41948,1.41976,3.08,1.50
2011.03.17 04:17:38.046,1.41948,1.41972,1.50,1.50
2011.03.17 04:17:38.704,1.41948,1.41969,1.50,1.50
2011.03.17 04:17:40.557,1.41948,1.41969,1.50,1.50
2011.03.17 04:17:43.496,1.41948,1.41967,1.50,1.50
2011.03.17 04:17:44.045,1.41949,1.41967,1.50,1.50
2011.03.17 04:17:44.859,1.41959,1.41967,1.58,1.50
2011.03.17 04:17:44.976,1.41959,1.41982,1.58,1.50
2011.03.17 04:17:45.397,1.41949,1.41976,2.25,1.50
2011.03.17 04:17:46.435,1.41949,1.41976,3.83,1.50
2011.03.17 04:17:46.985,1.41954,1.41979,1.58,1.50
2011.03.17 04:17:47.096,1.41952,1.41981,2.33,2.25
2011.03.17 04:17:48.084,1.41954,1.41981,1.58,2.25
2011.03.17 04:17:48.634,1.41953,1.41981,2.33,2.25
2011.03.17 04:18:01.337,1.41953,1.41973,1.58,1.50
2011.03.17 04:18:01.447,1.41949,1.41972,3.83,1.50
2011.03.17 04:18:03.442,1.41948,1.41973,1.50,1.50
2011.03.17 04:18:03.975,1.41949,1.41973,1.50,1.50
2011.03.17 04:18:08.104,1.41948,1.41972,1.50,1.50
2011.03.17 04:18:08.772,1.41948,1.41972,1.50,1.50
2011.03.17 04:18:10.196,1.41948,1.41975,1.50,1.50
2011.03.17 04:18:10.306,1.41948,1.41981,1.50,1.50
2011.03.17 04:18:10.745,1.41949,1.4198,1.50,1.50
2011.03.17 04:18:11.075,1.41948,1.4197,1.50,1.50
2011.03.17 04:18:11.627,1.4193,1.41965,1.50,1.88
2011.03.17 04:18:11.736,1.41921,1.4196,1.08,1.50
2011.03.17 04:18:11.848,1.41921,1.4196,1.08,1.50
2011.03.17 04:18:12.286,1.41923,1.41958,1.08,1.50
2011.03.17 04:18:12.840,1.41923,1.41957,3.33,1.50
2011.03.17 04:18:13.070,1.41915,1.41957,1.08,1.50
2011.03.17 04:18:13.185,1.41924,1.41956,1.08,1.50
2011.03.17 04:18:17.625,1.41925,1.41956,1.08,1.50
2011.03.17 04:18:17.959,1.41944,1.41967,2.33,1.50
2011.03.17 04:18:18.186,1.41921,1.41957,1.08,1.50
2011.03.17 04:18:18.626,1.4192,1.41957,1.83,1.50
2011.03.17 04:18:18.736,1.41921,1.41957,1.08,1.50
2011.03.17 04:18:19.066,1.41919,1.41951,2.25,1.50
2011.03.17 04:18:19.176,1.4192,1.41955,2.25,1.50
2011.03.17 04:18:19.616,1.41916,1.41955,1.08,1.50
2011.03.17 04:18:19.835,1.4192,1.41956,3.00,1.50
2011.03.17 04:18:20.343,1.4192,1.4196,2.63,1.13
2011.03.17 04:18:20.580,1.41937,1.41966,2.33,1.50
2011.03.17 04:18:20.807,1.41944,1.41966,2.33,1.50
2011.03.17 04:18:21.136,1.41938,1.41966,2.33,1.50
2011.03.17 04:18:21.357,1.41943,1.4196,1.58,1.50
2011.03.17 04:18:21.465,1.41943,1.41965,1.58,1.50
2011.03.17 04:18:21.577,1.41943,1.41965,2.33,1.50
2011.03.17 04:18:21.687,1.41943,1.41966,2.33,1.50
2011.03.17 04:18:21.907,1.41945,1.41971,2.33,1.50
2011.03.17 04:18:22.017,1.41953,1.41973,2.33,1.50
2011.03.17 04:18:22.125,1.41953,1.41977,2.33,1.50
2011.03.17 04:18:22.347,1.41945,1.41977,1.08,1.50
2011.03.17 04:18:24.958,1.41943,1.41976,2.66,2.25
2011.03.17 04:18:25.289,1.41951,1.41978,1.58,1.50
2011.03.17 04:18:25.405,1.41945,1.41978,1.08,1.50
2011.03.17 04:18:26.165,1.41945,1.41978,1.08,1.50
2011.03.17 04:18:26.621,1.41945,1.41978,1.08,1.50
2011.03.17 04:18:28.505,1.41945,1.41978,1.08,1.50
2011.03.17 04:18:28.836,1.41952,1.41975,2.33,1.50
2011.03.17 04:18:28.945,1.41958,1.41982,1.58,1.50
2011.03.17 04:18:29.716,1.41958,1.41982,1.58,1.50
2011.03.17 04:18:29.936,1.41952,1.41982,2.66,1.50
2011.03.17 04:18:30.045,1.41952,1.41982,2.66,1.50
2011.03.17 04:18:30.487,1.41952,1.41982,2.66,1.50
2011.03.17 04:18:31.039,1.41963,1.4199,1.08,1.50
2011.03.17 04:18:32.107,1.41961,1.41993,1.08,1.05
2011.03.17 04:18:32.836,1.41958,1.41992,1.08,1.50
2011.03.17 04:18:33.055,1.41952,1.41985,1.83,1.50
2011.03.17 04:18:37.466,1.41954,1.41985,1.08,1.50
2011.03.17 04:18:38.833,1.41954,1.41985,1.08,1.50
2011.03.17 04:18:39.885,1.41952,1.41985,1.08,1.50
2011.03.17 04:18:40.489,1.41937,1.4197,1.08,1.50
2011.03.17 04:18:40.605,1.41938,1.41972,2.33,1.50
2011.03.17 04:18:41.185,1.41942,1.41974,1.08,1.50
2011.03.17 04:18:41.294,1.41942,1.41976,1.08,1.50
2011.03.17 04:18:45.706,1.41938,1.4197,2.33,1.50
2011.03.17 04:18:49.935,1.41942,1.41973,1.08,1.13
2011.03.17 04:18:50.046,1.41942,1.41967,1.08,1.13
2011.03.17 04:18:50.375,1.4192,1.41958,1.08,1.50
2011.03.17 04:18:50.965,1.41922,1.41953,1.08,1.50
2011.03.17 04:18:51.918,1.41917,1.4195,1.08,1.50
2011.03.17 04:18:52.975,1.41917,1.4195,1.08,1.50
2011.03.17 04:18:53.195,1.41917,1.4195,2.66,1.50
2011.03.17 04:18:53.745,1.41917,1.4195,2.66,1.50
2011.03.17 04:18:54.196,1.41922,1.41952,1.08,1.50
2011.03.17 04:18:54.308,1.41922,1.41954,1.08,2.25
2011.03.17 04:18:54.419,1.41924,1.41956,1.13,1.50
2011.03.17 04:18:54.540,1.41936,1.41961,1.50,1.50
2011.03.17 04:18:54.658,1.41937,1.41967,1.08,2.25
2011.03.17 04:18:55.096,1.41936,1.41968,1.08,1.50
2011.03.17 04:18:55.316,1.41932,1.41967,1.08,1.50
2011.03.17 04:18:55.425,1.41932,1.41967,1.08,1.50
2011.03.17 04:18:55.647,1.41941,1.41972,1.08,2.25
2011.03.17 04:18:55.867,1.41927,1.41962,1.58,1.50
2011.03.17 04:18:55.978,1.41923,1.41962,1.08,1.50
2011.03.17 04:18:56.195,1.41923,1.41961,1.50,1.50
2011.03.17 04:18:56.588,1.41926,1.41961,1.08,2.25
2011.03.17 04:18:56.806,1.41923,1.41961,1.08,1.50
2011.03.17 04:18:57.367,1.41923,1.41962,1.08,2.25
2011.03.17 04:18:57.808,1.41929,1.41962,1.50,1.50
2011.03.17 04:18:57.917,1.41934,1.41971,1.08,1.50
2011.03.17 04:18:58.466,1.41931,1.4197,1.83,1.50
2011.03.17 04:18:58.577,1.41931,1.41967,1.83,1.50
2011.03.17 04:18:59.487,1.41936,1.4197,1.08,1.65
2011.03.17 04:19:00.306,1.41942,1.4197,1.50,1.65
2011.03.17 04:19:00.747,1.41929,1.41961,1.50,1.50
2011.03.17 04:19:01.075,1.4193,1.41961,1.08,1.50
2011.03.17 04:19:01.851,1.41929,1.41961,1.08,1.50
2011.03.17 04:19:03.675,1.41924,1.41959,1.08,1.50
2011.03.17 04:19:17.138,1.41926,1.41959,1.08,1.50
2011.03.17 04:19:17.248,1.41931,1.41961,1.08,1.50
2011.03.17 04:19:17.367,1.41936,1.41963,2.33,1.50
2011.03.17 04:19:21.288,1.41938,1.41963,2.33,1.50
2011.03.17 04:19:21.409,1.41943,1.41976,1.83,1.50
2011.03.17 04:19:21.530,1.41951,1.41982,1.50,1.65
2011.03.17 04:19:21.757,1.41955,1.41982,2.33,1.50
2011.03.17 04:19:21.980,1.41949,1.41982,1.08,1.65
2011.03.17 04:19:22.097,1.4194,1.41971,1.08,1.50
2011.03.17 04:19:22.427,1.4194,1.41971,1.08,1.50
2011.03.17 04:19:22.755,1.41936,1.41965,2.33,2.25
2011.03.17 04:19:22.865,1.41937,1.41968,2.33,1.50
2011.03.17 04:19:23.194,1.41937,1.41968,2.33,1.50
2011.03.17 04:19:23.493,1.41937,1.41967,2.66,1.50
2011.03.17 04:19:24.135,1.41937,1.41967,2.66,1.50
2011.03.17 04:19:26.227,1.41948,1.41977,1.08,1.65
2011.03.17 04:19:26.446,1.41948,1.41983,1.08,1.50
2011.03.17 04:19:26.888,1.41954,1.41988,1.08,1.50
2011.03.17 04:19:27.215,1.41954,1.41988,1.08,1.50
2011.03.17 04:19:27.544,1.41954,1.41988,1.08,1.50
2011.03.17 04:19:31.137,1.41954,1.41988,1.08,1.65
2011.03.17 04:19:31.247,1.41961,1.41993,1.08,1.20
2011.03.17 04:19:31.759,1.41961,1.41993,1.08,1.05
2011.03.17 04:19:31.975,1.41957,1.41991,1.58,2.40
2011.03.17 04:19:32.978,1.41953,1.4199,1.91,1.05
2011.03.17 04:19:33.198,1.41958,1.41979,1.58,1.50
2011.03.17 04:19:33.317,1.41951,1.41979,1.58,1.65
2011.03.17 04:19:33.538,1.41945,1.41979,1.83,1.65
2011.03.17 04:19:33.656,1.41945,1.41979,1.08,1.65
2011.03.17 04:19:34.066,1.41948,1.41979,1.58,1.65
2011.03.17 04:19:36.666,1.41954,1.41975,1.58,1.50
2011.03.17 04:19:38.214,1.41954,1.41973,1.58,1.50
2011.03.17 04:19:41.276,1.41954,1.41973,2.33,1.50
2011.03.17 04:19:41.496,1.4197,1.41985,1.58,1.50
2011.03.17 04:19:41.607,1.41953,1.41974,1.58,1.50
2011.03.17 04:19:42.976,1.41964,1.4198,1.58,1.50
2011.03.17 04:19:43.086,1.41964,1.4198,1.58,1.50
2011.03.17 04:19:53.936,1.41964,1.41979,2.33,1.50
2011.03.17 04:19:54.266,1.4197,1.41985,1.58,1.50
2011.03.17 04:19:54.376,1.41963,1.4198,1.58,1.50
2011.03.17 04:19:54.485,1.41963,1.4198,1.58,2.25
2011.03.17 04:19:55.605,1.41971,1.4198,1.58,1.50
2011.03.17 04:19:55.824,1.41971,1.41986,1.58,1.50
2011.03.17 04:19:58.255,1.41972,1.41986,1.58,1.50
2011.03.17 04:19:59.346,1.41973,1.41987,1.58,1.50
2011.03.17 04:19:59.676,1.41968,1.41994,1.08,1.05
2011.03.17 04:20:00.758,1.41968,1.41994,1.08,1.05
2011.03.17 04:20:02.299,1.41968,1.41994,1.08,1.05
2011.03.17 04:20:02.906,1.41968,1.41994,1.08,1.05
2011.03.17 04:20:03.927,1.41968,1.41994,1.08,1.05
2011.03.17 04:20:04.796,1.41968,1.41994,1.08,1.05
2011.03.17 04:20:05.019,1.41969,1.41994,1.08,1.05
2011.03.17 04:20:06.068,1.41973,1.41994,1.91,1.05
2011.03.17 04:20:08.369,1.41974,1.41994,1.08,1.05
2011.03.17 04:20:08.594,1.41982,1.41994,1.58,1.05
2011.03.17 04:20:12.165,1.41982,1.41996,1.58,1.05
2011.03.17 04:20:12.497,1.41987,1.41996,1.58,1.20
2011.03.17 04:20:12.606,1.41979,1.41996,2.66,1.05
2011.03.17 04:20:12.717,1.41979,1.41994,2.66,1.05
2011.03.17 04:20:13.044,1.41978,1.41994,1.58,1.05
2011.03.17 04:20:13.819,1.41978,1.41994,1.58,1.05
2011.03.17 04:20:14.047,1.41971,1.41994,1.58,1.05
2011.03.17 04:20:14.755,1.41971,1.41992,1.58,1.50
2011.03.17 04:20:15.828,1.41971,1.41992,1.58,1.50
2011.03.17 04:20:16.617,1.41971,1.41995,2.33,1.50
2011.03.17 04:20:16.837,1.41971,1.41996,2.33,1.50
2011.03.17 04:20:16.946,1.41978,1.42001,1.58,1.50
2011.03.17 04:20:17.167,1.41982,1.42016,1.08,1.65
2011.03.17 04:20:17.277,1.41981,1.42017,1.08,1.05
2011.03.17 04:20:17.824,1.41981,1.42016,1.08,1.65
2011.03.17 04:20:18.485,1.41981,1.42014,1.08,1.65
2011.03.17 04:20:19.037,1.4198,1.42014,1.58,1.80
2011.03.17 04:20:19.145,1.41978,1.42014,1.08,1.80
2011.03.17 04:20:19.695,1.41978,1.42014,1.08,1.80
2011.03.17 04:20:20.025,1.41973,1.42007,1.08,1.65
2011.03.17 04:20:20.246,1.4198,1.42011,1.08,1.05
2011.03.17 04:20:20.793,1.41979,1.42013,1.08,1.05
2011.03.17 04:20:21.127,1.41979,1.42011,1.08,1.05
2011.03.17 04:20:22.446,1.41979,1.42009,1.08,1.05
2011.03.17 04:20:23.875,1.41979,1.42009,1.08,1.05
2011.03.17 04:20:24.315,1.41979,1.42009,1.08,1.05
2011.03.17 04:20:25.855,1.41979,1.42009,1.08,1.05
2011.03.17 04:20:26.406,1.4198,1.42016,1.91,2.55
2011.03.17 04:20:28.217,1.41983,1.42016,1.08,1.65
2011.03.17 04:20:28.547,1.41978,1.42017,1.08,1.80
2011.03.17 04:20:28.767,1.41978,1.42016,1.08,1.05
2011.03.17 04:20:29.205,1.41982,1.42016,1.08,1.65
2011.03.17 04:20:29.866,1.41982,1.42015,1.08,1.05
2011.03.17 04:20:29.976,1.41979,1.42014,1.08,1.05
2011.03.17 04:20:30.086,1.41979,1.42015,1.08,1.05
2011.03.17 04:20:30.414,1.41985,1.42015,1.08,1.05
2011.03.17 04:20:33.716,1.41979,1.42012,1.08,1.80
2011.03.17 04:20:34.046,1.41979,1.42012,1.08,1.65
2011.03.17 04:20:37.016,1.41982,1.42012,1.08,1.65
2011.03.17 04:20:37.345,1.41983,1.42013,1.08,2.48
2011.03.17 04:20:37.896,1.41978,1.42011,1.08,1.65
2011.03.17 04:20:38.338,1.41972,1.42005,1.08,1.05
2011.03.17 04:20:38.459,1.4197,1.42002,1.83,1.05
2011.03.17 04:20:38.570,1.41965,1.41996,1.91,1.50
2011.03.17 04:20:38.686,1.41961,1.41994,1.08,1.50
2011.03.17 04:20:39.345,1.41962,1.41994,1.08,1.50
2011.03.17 04:20:39.456,1.41965,1.41999,1.08,1.50
2011.03.17 04:20:39.787,1.41965,1.41998,1.08,2.48
2011.03.17 04:20:41.076,1.41965,1.41999,1.08,1.65
2011.03.17 04:20:41.185,1.41965,1.41999,1.08,1.65
2011.03.17 04:20:42.856,1.41965,1.41999,1.08,1.65
2011.03.17 04:20:44.418,1.41959,1.41992,1.08,1.50
2011.03.17 04:20:45.516,1.4196,1.41992,1.13,1.50
2011.03.17 04:20:45.627,1.41959,1.41992,1.46,1.50
2011.03.17 04:20:45.737,1.41969,1.42003,1.08,1.09
2011.03.17 04:20:46.067,1.41969,1.42008,1.46,1.50
2011.03.17 04:20:46.176,1.41982,1.42014,1.08,1.05
2011.03.17 04:20:46.396,1.41979,1.42011,1.08,1.05
2011.03.17 04:20:46.616,1.41971,1.42005,1.08,1.65
2011.03.17 04:20:46.836,1.41968,1.42002,1.08,1.65
2011.03.17 04:20:47.827,1.41969,1.42002,1.08,1.50
2011.03.17 04:20:48.155,1.41974,1.42009,1.08,1.65
2011.03.17 04:20:48.708,1.41974,1.42009,1.08,1.65
2011.03.17 04:20:49.057,1.4197,1.41991,1.08,1.50
2011.03.17 04:20:49.363,1.41961,1.41991,1.08,1.50
2011.03.17 04:20:49.480,1.41962,1.41993,2.33,1.50
2011.03.17 04:20:49.598,1.41964,1.42,1.08,1.50
2011.03.17 04:20:49.828,1.41955,1.41992,1.08,1.50
2011.03.17 04:20:49.947,1.41955,1.41995,1.08,1.50
2011.03.17 04:20:50.388,1.41961,1.41993,1.08,1.50
2011.03.17 04:20:50.715,1.41966,1.42,1.08,1.50
2011.03.17 04:20:51.265,1.41967,1.42,1.08,1.50
2011.03.17 04:20:52.116,1.41967,1.42,1.08,1.50
2011.03.17 04:20:52.445,1.41973,1.42007,1.08,1.50
2011.03.17 04:20:57.528,1.41976,1.42007,1.08,1.50
2011.03.17 04:20:57.908,1.41982,1.42017,1.08,1.65
2011.03.17 04:20:58.019,1.41974,1.42009,1.08,1.50
2011.03.17 04:20:58.469,1.41976,1.42009,1.08,1.50
2011.03.17 04:20:59.025,1.41976,1.42009,2.66,1.50
2011.03.17 04:20:59.688,1.41976,1.42009,1.08,1.50
2011.03.17 04:20:59.906,1.41983,1.42017,1.08,1.65
2011.03.17 04:21:00.236,1.41981,1.42017,1.08,1.65
2011.03.17 04:21:00.344,1.41979,1.42017,1.08,1.65
2011.03.17 04:21:00.676,1.41971,1.42003,1.08,1.50
2011.03.17 04:21:00.785,1.41969,1.42003,1.08,1.50
2011.03.17 04:21:01.557,1.41969,1.42003,1.08,1.65
2011.03.17 04:21:01.778,1.4196,1.4199,1.08,1.50
2011.03.17 04:21:02.008,1.41955,1.41991,1.08,1.50
2011.03.17 04:21:02.554,1.41952,1.41986,1.08,1.50
2011.03.17 04:21:02.776,1.41961,1.41989,1.08,1.50
2011.03.17 04:21:03.237,1.41961,1.41994,1.08,1.50
2011.03.17 04:21:03.819,1.4196,1.41994,1.08,1.50
2011.03.17 04:21:03.941,1.41961,1.41994,1.08,1.50
2011.03.17 04:21:04.280,1.41978,1.42007,1.08,4.50
2011.03.17 04:21:04.398,1.41978,1.42001,1.08,2.25
2011.03.17 04:21:04.507,1.41975,1.4201,1.08,2.33
2011.03.17 04:21:04.615,1.41973,1.4201,1.08,2.33
2011.03.17 04:21:04.728,1.41973,1.42011,1.08,1.50
2011.03.17 04:21:04.947,1.41973,1.42013,1.08,1.50
2011.03.17 04:21:05.277,1.41971,1.42007,1.08,1.50
2011.03.17 04:21:05.496,1.41971,1.42009,1.08,1.50
2011.03.17 04:21:05.827,1.41965,1.42004,1.08,1.50
2011.03.17 04:21:06.375,1.4197,1.42004,1.08,1.50
2011.03.17 04:21:07.555,1.41974,1.42009,1.08,1.50
2011.03.17 04:21:07.777,1.41974,1.42008,1.08,1.50
2011.03.17 04:21:08.203,1.41982,1.42013,1.08,1.50
2011.03.17 04:21:08.316,1.41987,1.42015,1.08,1.50
2011.03.17 04:21:08.426,1.41988,1.42018,1.08,1.50
2011.03.17 04:21:08.538,1.41988,1.42018,1.08,1.50
2011.03.17 04:21:08.867,1.41988,1.42018,1.08,1.50
2011.03.17 04:21:09.196,1.41988,1.42018,1.08,1.50
2011.03.17 04:21:09.677,1.41988,1.42018,1.08,1.65
2011.03.17 04:21:10.011,1.4198,1.42014,1.08,1.65
2011.03.17 04:21:10.235,1.41975,1.42012,1.08,2.33
2011.03.17 04:21:10.486,1.41976,1.4201,1.08,2.25
2011.03.17 04:21:10.709,1.41978,1.4201,1.08,1.50
2011.03.17 04:21:10.828,1.41981,1.42016,1.08,1.50
2011.03.17 04:21:10.937,1.41981,1.42016,1.08,1.50
2011.03.17 04:21:12.568,1.41978,1.42016,1.08,1.50
2011.03.17 04:21:13.005,1.41983,1.4202,1.08,1.50
2011.03.17 04:21:14.455,1.41987,1.42019,1.08,1.65
2011.03.17 04:21:17.346,1.41979,1.42014,1.08,1.50
2011.03.17 04:21:18.656,1.41981,1.42014,1.08,1.50
2011.03.17 04:21:21.477,1.41981,1.42014,1.08,1.50
2011.03.17 04:21:22.966,1.41988,1.42021,1.08,1.65
2011.03.17 04:21:23.295,1.41984,1.42014,1.08,1.50
2011.03.17 04:21:23.405,1.41982,1.42014,1.08,1.50
2011.03.17 04:21:26.995,1.41984,1.42014,1.08,1.50
2011.03.17 04:21:27.107,1.41984,1.42016,1.08,1.50
2011.03.17 04:21:27.215,1.41987,1.4202,1.08,1.50
2011.03.17 04:21:27.547,1.41987,1.42014,1.08,1.50
2011.03.17 04:21:27.657,1.41977,1.42012,1.50,1.50
2011.03.17 04:21:27.766,1.41976,1.42012,2.33,1.50
2011.03.17 04:21:28.315,1.41974,1.42005,2.66,1.50
2011.03.17 04:21:28.826,1.41983,1.42009,2.33,1.50
2011.03.17 04:21:28.936,1.41983,1.42011,2.33,1.50
2011.03.17 04:21:29.046,1.41978,1.42012,2.66,2.25
2011.03.17 04:21:31.036,1.41978,1.42012,1.08,1.50
2011.03.17 04:21:31.367,1.41984,1.42014,2.33,1.50
2011.03.17 04:21:31.480,1.41984,1.42013,2.33,1.50
2011.03.17 04:21:31.815,1.4198,1.42007,2.33,1.50
2011.03.17 04:21:32.148,1.41987,1.4202,1.08,1.50
2011.03.17 04:21:32.474,1.41987,1.4202,1.08,1.50
2011.03.17 04:21:32.694,1.41987,1.4202,1.08,1.50
2011.03.17 04:21:32.807,1.41993,1.42025,1.08,1.65
2011.03.17 04:21:33.028,1.41997,1.42032,1.83,1.65
2011.03.17 04:21:33.258,1.41997,1.42029,1.08,1.50
2011.03.17 04:21:33.476,1.41991,1.42022,1.08,1.50
2011.03.17 04:21:33.588,1.4199,1.42022,1.08,1.50
2011.03.17 04:21:33.807,1.41989,1.42026,1.08,1.50
2011.03.17 04:21:33.916,1.41994,1.42027,1.08,1.50
2011.03.17 04:21:34.322,1.41994,1.4203,1.08,1.50
2011.03.17 04:21:35.355,1.41994,1.42028,1.08,1.50
2011.03.17 04:21:36.487,1.41998,1.42033,1.08,1.58
2011.03.17 04:21:36.707,1.42007,1.42033,1.08,1.58
2011.03.17 04:21:36.816,1.42006,1.42044,1.08,1.50
2011.03.17 04:21:36.924,1.42006,1.42044,1.08,1.50
2011.03.17 04:21:38.836,1.42006,1.42044,1.08,1.65
2011.03.17 04:21:39.056,1.42005,1.4204,1.08,1.50
2011.03.17 04:21:39.276,1.42005,1.4204,1.08,1.50
2011.03.17 04:21:39.385,1.42003,1.42041,1.08,1.50
2011.03.17 04:21:39.826,1.42005,1.4204,1.08,1.50
2011.03.17 04:21:40.486,1.4201,1.42043,1.08,1.50
2011.03.17 04:21:41.807,1.4201,1.42043,1.08,1.50
2011.03.17 04:21:41.915,1.42015,1.42048,1.08,1.50
2011.03.17 04:21:42.137,1.42021,1.42059,1.08,1.65
2011.03.17 04:21:42.847,1.42021,1.42054,1.08,1.50
2011.03.17 04:21:44.075,1.42021,1.42052,1.08,1.05
2011.03.17 04:21:44.470,1.42012,1.42046,1.08,1.65
2011.03.17 04:21:44.590,1.42008,1.42039,1.08,1.58
2011.03.17 04:21:44.925,1.42004,1.42037,1.08,1.50
2011.03.17 04:21:45.254,1.42004,1.42037,1.08,1.50
2011.03.17 04:21:46.777,1.42004,1.42037,1.08,1.65
2011.03.17 04:21:46.997,1.42004,1.42037,1.08,3.23
2011.03.17 04:21:47.326,1.42004,1.42037,1.08,3.23
2011.03.17 04:21:48.485,1.42004,1.42036,1.08,1.05
2011.03.17 04:21:48.705,1.41996,1.42028,1.08,1.50
2011.03.17 04:21:52.366,1.41998,1.42028,1.08,1.50
2011.03.17 04:21:52.696,1.42001,1.42038,1.08,1.50
2011.03.17 04:21:53.533,1.42,1.42033,1.08,2.33
2011.03.17 04:21:53.757,1.42,1.42032,1.08,1.50
2011.03.17 04:21:54.086,1.42,1.42032,1.08,1.50
2011.03.17 04:21:54.416,1.42,1.42036,1.08,1.50
2011.03.17 04:21:54.528,1.42004,1.42037,1.08,1.50
2011.03.17 04:21:54.968,1.42005,1.4204,1.08,1.50
2011.03.17 04:21:55.406,1.42007,1.4204,1.08,1.50
2011.03.17 04:21:55.626,1.42007,1.4204,1.08,1.50
2011.03.17 04:21:55.736,1.42007,1.4204,1.08,1.50
2011.03.17 04:21:56.067,1.42007,1.4204,1.08,1.50
2011.03.17 04:21:56.286,1.42007,1.4204,1.08,1.50
2011.03.17 04:21:56.835,1.42007,1.4204,1.08,1.50
2011.03.17 04:21:57.055,1.42007,1.4204,1.08,1.50
2011.03.17 04:21:57.385,1.42007,1.4204,1.08,1.50
2011.03.17 04:21:57.605,1.42004,1.4204,1.08,1.50
2011.03.17 04:21:59.295,1.42004,1.4204,1.08,1.50
2011.03.17 04:21:59.405,1.42004,1.4204,1.08,1.50
2011.03.17 04:22:00.146,1.42005,1.4204,1.08,1.50
2011.03.17 04:22:00.478,1.42005,1.42037,1.83,1.50
2011.03.17 04:22:00.805,1.42005,1.42041,1.08,1.50
2011.03.17 04:22:01.346,1.42005,1.42041,1.08,1.50
2011.03.17 04:22:02.153,1.42006,1.42041,1.08,1.50
2011.03.17 04:22:02.267,1.42006,1.42041,1.08,1.50
2011.03.17 04:22:02.926,1.42008,1.42041,1.08,1.50
2011.03.17 04:22:03.946,1.42009,1.42043,1.08,1.50
2011.03.17 04:22:07.190,1.42009,1.42044,1.08,1.50
2011.03.17 04:22:08.955,1.42013,1.42044,1.08,1.50
2011.03.17 04:22:11.227,1.42013,1.42044,1.08,1.50
2011.03.17 04:22:11.776,1.42013,1.42044,1.08,1.50
2011.03.17 04:22:11.997,1.42013,1.42044,1.08,1.50
2011.03.17 04:22:12.216,1.42013,1.42044,1.08,1.50
2011.03.17 04:22:12.546,1.42013,1.42044,1.08,1.50
2011.03.17 04:22:12.765,1.42013,1.42044,1.08,1.50
2011.03.17 04:22:13.757,1.42013,1.42044,1.08,1.50
2011.03.17 04:22:13.866,1.42013,1.42044,1.08,1.50
2011.03.17 04:22:14.423,1.42013,1.42044,1.08,1.50
2011.03.17 04:22:14.955,1.42013,1.42044,1.08,1.50
2011.03.17 04:22:15.065,1.42008,1.42043,1.08,1.50
2011.03.17 04:22:15.506,1.42016,1.42049,1.08,1.50
2011.03.17 04:22:15.617,1.42016,1.42049,1.08,1.50
2011.03.17 04:22:15.838,1.42009,1.42046,1.08,1.50
2011.03.17 04:22:15.948,1.42009,1.42043,1.08,1.50
2011.03.17 04:22:16.495,1.42009,1.42043,1.08,3.08
2011.03.17 04:22:17.046,1.42013,1.42042,1.08,2.33
2011.03.17 04:22:17.596,1.42013,1.42043,1.08,2.48
2011.03.17 04:22:17.707,1.42005,1.42043,1.08,3.23
2011.03.17 04:22:17.816,1.42001,1.42035,1.08,2.33
2011.03.17 04:22:17.926,1.42001,1.42034,1.08,1.50
2011.03.17 04:22:18.037,1.42001,1.42034,1.08,1.50
2011.03.17 04:22:20.429,1.41998,1.42031,1.50,1.50
2011.03.17 04:22:20.546,1.41997,1.42031,1.08,2.25
2011.03.17 04:22:20.766,1.41998,1.42032,1.08,1.50
2011.03.17 04:22:21.099,1.41988,1.42021,1.08,2.33
2011.03.17 04:22:21.437,1.41988,1.42023,1.08,2.33
2011.03.17 04:22:21.546,1.41989,1.42024,1.08,1.50
2011.03.17 04:22:21.768,1.41995,1.42029,1.08,1.50
2011.03.17 04:22:21.876,1.41995,1.42029,1.08,1.50
2011.03.17 04:22:29.058,1.4199,1.42024,1.08,1.50
2011.03.17 04:22:29.616,1.4199,1.42023,1.08,1.50
2011.03.17 04:22:31.061,1.41981,1.42017,1.08,2.33
2011.03.17 04:22:31.291,1.41991,1.42017,1.08,2.33
2011.03.17 04:22:31.517,1.41991,1.42023,1.08,2.25
2011.03.17 04:22:31.737,1.41993,1.42025,1.08,1.50
2011.03.17 04:22:31.850,1.41997,1.42031,1.08,1.50
2011.03.17 04:22:32.078,1.41997,1.42031,1.08,1.50
2011.03.17 04:22:32.297,1.41997,1.42031,1.08,1.50
2011.03.17 04:22:32.517,1.41993,1.42028,1.08,1.50
2011.03.17 04:22:32.955,1.41989,1.42023,1.08,1.50
2011.03.17 04:22:34.507,1.41989,1.42023,1.08,1.50
2011.03.17 04:22:34.616,1.41988,1.42018,1.08,1.50
2011.03.17 04:22:34.728,1.41986,1.42018,1.08,1.50
2011.03.17 04:22:34.840,1.41973,1.42004,1.13,1.50
2011.03.17 04:22:34.955,1.41972,1.42004,1.08,1.50
2011.03.17 04:22:36.505,1.41972,1.42004,1.08,1.50
2011.03.17 04:22:36.728,1.41972,1.41999,1.08,1.32
2011.03.17 04:22:36.946,1.41955,1.41984,1.50,1.50
2011.03.17 04:22:37.058,1.41951,1.41984,1.08,1.50
2011.03.17 04:22:37.168,1.41947,1.41985,1.08,1.50
2011.03.17 04:22:37.280,1.41955,1.4199,1.08,1.50
2011.03.17 04:22:37.787,1.41959,1.42007,1.13,1.50
2011.03.17 04:22:37.904,1.41969,1.42007,1.08,1.50
2011.03.17 04:22:39.508,1.41978,1.41996,1.08,1.58
2011.03.17 04:22:39.728,1.41959,1.41997,1.08,2.33
2011.03.17 04:22:39.838,1.41956,1.41988,1.83,1.50
2011.03.17 04:22:40.166,1.4197,1.42004,1.08,1.50
2011.03.17 04:22:40.387,1.41978,1.42012,1.08,1.50
2011.03.17 04:22:40.718,1.41985,1.42024,1.08,1.50
2011.03.17 04:22:40.826,1.41985,1.42025,1.08,1.50
2011.03.17 04:22:41.156,1.41983,1.42019,1.08,1.50
2011.03.17 04:22:41.271,1.4198,1.42019,1.08,1.50
2011.03.17 04:22:41.720,1.41975,1.42012,1.08,1.50
2011.03.17 04:22:41.830,1.41967,1.42004,1.08,1.58
