2016.05.27 02:00:00.074,1.54822,1.5484,1.00,1.07
2016.05.27 02:00:00.893,1.54817,1.5484,1.20,1.07
2016.05.27 02:00:00.944,1.54815,1.54834,1.26,1.00
2016.05.27 02:00:01.258,1.54816,1.54831,1.57,1.00
2016.05.27 02:00:01.883,1.54817,1.54831,1.75,1.00
2016.05.27 02:00:02.096,1.54818,1.54833,1.20,1.50
2016.05.27 02:00:02.562,1.54818,1.54831,1.20,1.00
2016.05.27 02:00:02.968,1.54818,1.54833,1.69,1.00
2016.05.27 02:00:03.509,1.54818,1.54832,1.20,1.00
2016.05.27 02:00:04.499,1.54815,1.54833,1.12,1.50
2016.05.27 02:00:04.703,1.54815,1.54831,1.12,1.00
2016.05.27 02:00:04.806,1.54812,1.54831,1.87,1.50
2016.05.27 02:00:05.169,1.54814,1.54831,1.12,1.00
2016.05.27 02:00:05.475,1.54816,1.54833,1.12,1.50
2016.05.27 02:00:05.883,1.54816,1.54831,1.12,1.00
2016.05.27 02:00:06.216,1.54804,1.54826,1.00,1.32
2016.05.27 02:00:06.268,1.54803,1.54824,1.00,1.27
2016.05.27 02:00:06.574,1.54799,1.54819,2.62,1.00
2016.05.27 02:00:07.032,1.54799,1.54823,2.62,1.76
2016.05.27 02:00:07.579,1.54799,1.54822,2.62,1.19
2016.05.27 02:00:07.986,1.54799,1.54822,1.65,1.31
2016.05.27 02:00:11.393,1.54796,1.5482,2.25,1.29
2016.05.27 02:00:11.977,1.54796,1.5482,1.57,1.39
2016.05.27 02:00:12.693,1.54796,1.54819,1.10,1.09
2016.05.27 02:00:12.744,1.54796,1.54819,1.10,2.06
2016.05.27 02:00:13.313,1.54795,1.54818,1.87,1.65
2016.05.27 02:00:13.974,1.54793,1.54818,2.62,1.32
2016.05.27 02:00:14.155,1.54793,1.54817,1.50,1.20
2016.05.27 02:00:18.067,1.54793,1.54814,1.50,1.37
2016.05.27 02:00:18.169,1.54794,1.54814,1.12,1.00
2016.05.27 02:00:18.271,1.54791,1.54815,1.65,1.15
2016.05.27 02:00:18.373,1.54796,1.54815,1.12,1.00
2016.05.27 02:00:18.934,1.54796,1.54814,1.12,1.00
2016.05.27 02:00:18.985,1.54793,1.54814,1.87,1.00
2016.05.27 02:00:20.359,1.54793,1.54816,1.87,1.10
2016.05.27 02:00:22.881,1.54798,1.54819,1.00,2.06
2016.05.27 02:00:22.932,1.54796,1.54819,1.10,2.81
2016.05.27 02:00:22.984,1.54795,1.54817,1.12,1.37
2016.05.27 02:00:23.086,1.54793,1.54817,1.75,1.87
2016.05.27 02:00:24.985,1.54793,1.54812,1.75,1.00
2016.05.27 02:00:27.238,1.54794,1.54812,1.12,1.00
2016.05.27 02:00:29.246,1.54793,1.54812,1.75,1.50
2016.05.27 02:00:29.297,1.54793,1.5481,1.75,1.00
2016.05.27 02:00:29.501,1.54793,1.54813,1.75,1.00
2016.05.27 02:00:29.553,1.54797,1.54813,1.12,1.00
2016.05.27 02:00:30.064,1.54797,1.54813,1.12,1.00
2016.05.27 02:00:35.651,1.54797,1.54816,1.12,1.00
2016.05.27 02:00:36.449,1.54797,1.54814,1.12,1.00
2016.05.27 02:00:39.730,1.54797,1.54816,1.12,1.00
2016.05.27 02:00:41.093,1.54797,1.54818,1.12,1.00
2016.05.27 02:00:41.450,1.54795,1.54818,1.75,1.00
2016.05.27 02:00:43.964,1.54798,1.54818,1.12,1.00
2016.05.27 02:00:44.016,1.548,1.54822,1.27,1.84
2016.05.27 02:00:44.068,1.54804,1.54824,1.75,1.87
2016.05.27 02:00:44.120,1.54805,1.54828,1.87,1.57
2016.05.27 02:00:44.223,1.54809,1.54828,1.50,1.00
2016.05.27 02:00:44.274,1.5481,1.54832,1.20,2.25
2016.05.27 02:00:44.325,1.54811,1.54832,1.20,2.25
2016.05.27 02:00:44.631,1.54811,1.54826,1.00,1.00
2016.05.27 02:00:44.784,1.54799,1.54825,2.81,1.15
2016.05.27 02:00:44.835,1.54799,1.54822,1.57,1.07
2016.05.27 02:00:45.178,1.54795,1.5482,4.20,1.57
2016.05.27 02:00:45.904,1.54795,1.5482,4.20,1.57
2016.05.27 02:00:46.092,1.54796,1.54821,1.45,1.87
2016.05.27 02:00:46.350,1.54798,1.54822,1.10,2.76
2016.05.27 02:00:46.859,1.54797,1.54821,1.27,1.12
2016.05.27 02:00:47.389,1.54795,1.54818,1.10,1.12
2016.05.27 02:00:47.891,1.54794,1.54817,1.20,1.57
2016.05.27 02:00:54.338,1.54793,1.54816,1.12,1.10
2016.05.27 02:00:58.141,1.54793,1.54815,1.12,1.00
2016.05.27 02:00:58.651,1.54793,1.54814,1.12,1.00
2016.05.27 02:00:59.199,1.54793,1.54815,1.12,1.00
2016.05.27 02:00:59.782,1.54792,1.54815,1.12,1.00
2016.05.27 02:00:59.935,1.54791,1.54814,1.95,1.10
2016.05.27 02:01:03.461,1.5479,1.54812,1.12,1.00
2016.05.27 02:01:04.972,1.5479,1.54812,1.12,1.00
2016.05.27 02:01:05.523,1.54791,1.54812,1.12,1.00
2016.05.27 02:01:06.050,1.54789,1.54812,1.12,1.00
2016.05.27 02:01:08.704,1.54789,1.54814,1.12,1.21
2016.05.27 02:01:10.405,1.54789,1.54814,1.12,1.21
2016.05.27 02:01:12.907,1.54789,1.54814,1.12,1.25
2016.05.27 02:01:14.534,1.54789,1.54814,1.12,1.51
2016.05.27 02:01:17.643,1.5479,1.54814,1.57,1.07
2016.05.27 02:01:23.992,1.54787,1.54812,2.14,1.12
2016.05.27 02:01:24.044,1.54787,1.54812,1.46,1.50
2016.05.27 02:01:24.148,1.54787,1.54811,1.31,1.10
2016.05.27 02:01:24.493,1.54786,1.54811,2.25,1.20
2016.05.27 02:01:25.350,1.54792,1.54812,1.00,1.79
2016.05.27 02:01:26.100,1.54792,1.54814,1.00,3.07
2016.05.27 02:01:28.691,1.54794,1.54814,1.00,3.07
2016.05.27 02:01:28.929,1.54794,1.54814,1.00,1.57
2016.05.27 02:01:28.980,1.54795,1.54816,1.17,1.76
2016.05.27 02:01:29.487,1.54797,1.54819,1.00,1.27
2016.05.27 02:01:29.963,1.54798,1.5482,1.00,2.81
2016.05.27 02:01:32.652,1.54794,1.54819,1.12,1.01
2016.05.27 02:01:32.703,1.54789,1.54807,1.00,1.00
2016.05.27 02:01:32.805,1.54784,1.54806,1.87,1.87
2016.05.27 02:01:33.315,1.54782,1.54802,1.07,1.25
2016.05.27 02:01:34.670,1.5478,1.548,1.87,1.00
2016.05.27 02:01:37.983,1.5478,1.548,1.10,1.10
2016.05.27 02:01:38.154,1.54778,1.54799,1.07,1.47
2016.05.27 02:01:38.460,1.54778,1.54788,1.00,1.87
2016.05.27 02:01:38.563,1.54769,1.5478,1.00,1.00
2016.05.27 02:01:38.615,1.54765,1.54776,1.00,1.00
2016.05.27 02:01:38.716,1.54758,1.5478,3.37,1.00
2016.05.27 02:01:38.768,1.54763,1.5478,1.12,1.00
2016.05.27 02:01:39.075,1.54783,1.54796,1.00,1.00
2016.05.27 02:01:39.740,1.54778,1.54796,1.87,1.00
2016.05.27 02:01:40.248,1.5478,1.54795,1.17,1.00
2016.05.27 02:01:40.401,1.54778,1.54794,1.17,1.00
2016.05.27 02:01:43.401,1.54778,1.54796,1.17,1.00
2016.05.27 02:01:43.911,1.54776,1.54795,1.12,1.00
2016.05.27 02:01:45.260,1.54774,1.54795,1.75,1.00
2016.05.27 02:01:45.362,1.54774,1.54797,1.75,1.50
2016.05.27 02:01:45.465,1.54778,1.54801,1.12,1.87
2016.05.27 02:01:45.516,1.54778,1.54801,1.12,1.50
2016.05.27 02:01:45.567,1.54777,1.54801,1.20,1.20
2016.05.27 02:01:46.100,1.54777,1.54801,1.17,1.87
2016.05.27 02:01:46.405,1.54775,1.54798,1.00,1.87
2016.05.27 02:01:46.456,1.54775,1.54798,1.87,1.10
2016.05.27 02:01:46.913,1.54783,1.54802,1.00,1.00
2016.05.27 02:01:47.117,1.54785,1.54806,1.12,1.00
2016.05.27 02:01:47.219,1.54789,1.54806,1.00,1.00
2016.05.27 02:01:47.270,1.54789,1.54809,1.00,1.10
2016.05.27 02:01:47.786,1.54789,1.54808,1.00,1.00
2016.05.27 02:01:48.293,1.54789,1.54807,1.00,1.00
2016.05.27 02:01:48.803,1.54789,1.54808,1.00,1.00
2016.05.27 02:01:49.056,1.54789,1.54808,1.00,1.20
2016.05.27 02:01:49.566,1.54789,1.54803,1.00,1.00
2016.05.27 02:01:49.618,1.54789,1.54809,1.00,1.87
2016.05.27 02:01:50.125,1.54789,1.5481,1.00,2.25
2016.05.27 02:01:51.444,1.54792,1.5481,1.00,2.25
2016.05.27 02:01:51.546,1.54795,1.54815,1.00,1.57
2016.05.27 02:01:51.749,1.54795,1.54813,1.87,1.00
2016.05.27 02:01:52.272,1.54799,1.54813,1.10,1.00
2016.05.27 02:01:52.931,1.54798,1.54813,1.10,1.00
2016.05.27 02:01:53.135,1.54798,1.54816,1.10,1.50
2016.05.27 02:01:53.287,1.54798,1.54819,1.10,1.07
2016.05.27 02:01:53.477,1.54798,1.54819,1.00,1.50
2016.05.27 02:01:54.591,1.54797,1.54819,1.00,1.57
2016.05.27 02:01:55.099,1.54797,1.54818,1.00,1.12
2016.05.27 02:01:57.684,1.54792,1.54814,1.12,1.00
2016.05.27 02:01:58.343,1.54792,1.54813,1.12,1.50
2016.05.27 02:01:58.547,1.5479,1.54813,1.20,1.50
2016.05.27 02:01:59.057,1.54789,1.54813,1.57,1.57
2016.05.27 02:01:59.876,1.54789,1.54811,1.57,1.00
2016.05.27 02:02:00.384,1.54789,1.54814,1.57,1.57
2016.05.27 02:02:00.435,1.54789,1.54814,1.87,1.20
2016.05.27 02:02:00.956,1.5479,1.54814,1.12,1.00
2016.05.27 02:02:01.109,1.54793,1.54814,1.12,1.00
2016.05.27 02:02:02.486,1.54793,1.54809,1.87,1.00
2016.05.27 02:02:02.538,1.54786,1.54809,2.25,1.50
2016.05.27 02:02:02.640,1.54787,1.54812,1.50,1.15
2016.05.27 02:02:02.742,1.54789,1.54813,1.50,1.20
2016.05.27 02:02:03.123,1.5479,1.54813,1.87,1.10
2016.05.27 02:02:03.655,1.54789,1.54813,1.57,1.07
2016.05.27 02:02:03.707,1.54787,1.54813,3.00,1.07
2016.05.27 02:02:03.860,1.54787,1.5481,3.00,1.00
2016.05.27 02:02:06.113,1.54788,1.54813,1.50,1.65
2016.05.27 02:02:06.266,1.54788,1.54813,2.81,1.07
2016.05.27 02:02:06.920,1.5479,1.54813,1.12,1.10
2016.05.27 02:02:07.620,1.5479,1.54804,1.12,1.00
2016.05.27 02:02:07.723,1.54783,1.54801,1.00,1.00
2016.05.27 02:02:07.775,1.54777,1.54795,2.40,1.00
2016.05.27 02:02:07.954,1.54776,1.54799,1.10,2.32
2016.05.27 02:02:08.006,1.54776,1.54799,1.20,2.25
2016.05.27 02:02:08.058,1.54778,1.54799,1.20,1.50
2016.05.27 02:02:08.161,1.54777,1.54799,1.12,1.00
2016.05.27 02:02:10.139,1.54778,1.54799,1.12,1.00
2016.05.27 02:02:11.771,1.54777,1.54799,1.12,1.00
2016.05.27 02:02:12.765,1.54777,1.54791,1.12,1.00
2016.05.27 02:02:12.971,1.54769,1.54789,1.20,1.00
2016.05.27 02:02:13.022,1.54767,1.54788,1.50,1.00
2016.05.27 02:02:16.423,1.54767,1.54789,1.87,1.00
2016.05.27 02:02:16.474,1.54768,1.54789,1.50,1.00
2016.05.27 02:02:16.778,1.54772,1.54789,1.12,1.00
2016.05.27 02:02:17.146,1.54772,1.54791,1.12,1.00
2016.05.27 02:02:17.862,1.54772,1.54792,1.12,1.00
2016.05.27 02:02:18.397,1.54774,1.54792,1.12,1.00
2016.05.27 02:02:21.146,1.54773,1.54792,1.12,1.00
2016.05.27 02:02:23.225,1.54768,1.54787,1.20,1.50
2016.05.27 02:02:23.277,1.54765,1.54785,2.25,1.25
2016.05.27 02:02:23.582,1.54764,1.5478,1.00,1.00
2016.05.27 02:02:23.734,1.54757,1.5478,1.12,1.00
2016.05.27 02:02:23.887,1.54759,1.54779,1.12,1.00
2016.05.27 02:02:23.989,1.54756,1.54779,2.25,1.00
2016.05.27 02:02:24.294,1.54759,1.54778,1.82,1.00
2016.05.27 02:02:24.345,1.54763,1.54781,1.12,1.50
2016.05.27 02:02:24.447,1.5476,1.54781,1.75,1.50
2016.05.27 02:02:25.115,1.54758,1.54781,1.50,1.50
2016.05.27 02:02:25.167,1.54759,1.54781,1.12,1.50
2016.05.27 02:02:26.857,1.5476,1.54778,1.75,1.00
2016.05.27 02:02:27.152,1.54762,1.54781,1.57,1.00
2016.05.27 02:02:27.255,1.54764,1.54786,1.87,1.10
2016.05.27 02:02:27.408,1.54766,1.54787,1.75,1.00
2016.05.27 02:02:27.459,1.54767,1.54789,1.50,1.00
2016.05.27 02:02:27.573,1.54767,1.54791,1.87,1.20
2016.05.27 02:02:27.624,1.54771,1.54791,1.75,1.00
2016.05.27 02:02:28.083,1.54773,1.54792,1.12,1.50
2016.05.27 02:02:28.387,1.54769,1.54789,1.75,1.87
2016.05.27 02:02:28.527,1.54765,1.54787,1.17,1.09
2016.05.27 02:02:29.582,1.54765,1.54786,1.95,1.10
2016.05.27 02:02:30.117,1.54765,1.54786,2.62,1.00
2016.05.27 02:02:31.728,1.54765,1.54784,2.62,1.00
2016.05.27 02:02:31.989,1.54758,1.54776,1.07,1.00
2016.05.27 02:02:32.040,1.54755,1.54773,1.12,1.00
2016.05.27 02:02:32.193,1.54754,1.54777,1.87,1.50
2016.05.27 02:02:32.245,1.54754,1.54777,1.50,1.50
2016.05.27 02:02:32.652,1.54752,1.54773,1.12,1.00
2016.05.27 02:02:32.866,1.54752,1.54775,1.20,1.07
2016.05.27 02:02:32.968,1.5476,1.54777,1.00,1.17
2016.05.27 02:02:33.020,1.5476,1.54781,1.00,1.95
2016.05.27 02:02:33.071,1.54762,1.54782,1.00,1.87
2016.05.27 02:02:33.123,1.54762,1.54782,1.07,1.00
2016.05.27 02:02:33.225,1.54763,1.54784,1.12,1.00
2016.05.27 02:02:33.327,1.54763,1.54786,1.50,1.25
2016.05.27 02:02:35.144,1.54763,1.54783,1.50,1.00
2016.05.27 02:02:35.615,1.54763,1.54785,1.50,1.00
2016.05.27 02:02:35.919,1.54769,1.54786,1.00,1.00
2016.05.27 02:02:36.248,1.54771,1.54786,1.00,1.00
2016.05.27 02:02:36.554,1.54774,1.54793,1.00,1.45
2016.05.27 02:02:36.758,1.54772,1.54791,1.00,1.47
2016.05.27 02:02:36.860,1.54772,1.54787,1.10,1.00
2016.05.27 02:02:37.114,1.54769,1.54787,1.10,1.00
2016.05.27 02:02:37.532,1.54766,1.54784,1.17,1.00
2016.05.27 02:02:37.685,1.54763,1.54784,1.20,1.00
2016.05.27 02:02:37.736,1.54763,1.5478,1.00,1.00
2016.05.27 02:02:38.244,1.54764,1.5478,1.00,1.00
2016.05.27 02:02:38.816,1.5476,1.54781,1.50,1.00
2016.05.27 02:02:38.969,1.5476,1.54777,1.17,1.00
2016.05.27 02:02:39.486,1.5476,1.54777,1.00,1.00
2016.05.27 02:02:40.217,1.5476,1.54778,1.00,1.00
2016.05.27 02:02:41.239,1.5476,1.54779,1.00,1.12
2016.05.27 02:02:41.586,1.54777,1.54791,1.00,1.00
2016.05.27 02:02:41.637,1.54777,1.54796,1.00,1.57
2016.05.27 02:02:42.148,1.54778,1.54798,1.00,1.82
2016.05.27 02:02:42.933,1.54777,1.54798,1.00,1.82
2016.05.27 02:02:43.440,1.54776,1.54798,1.00,1.95
2016.05.27 02:02:43.600,1.54771,1.54793,1.12,1.00
2016.05.27 02:02:43.703,1.54768,1.5479,1.50,1.95
2016.05.27 02:02:43.755,1.54768,1.54787,1.50,1.01
2016.05.27 02:02:44.280,1.54768,1.54786,1.00,1.12
2016.05.27 02:02:44.789,1.54768,1.54784,1.00,1.86
2016.05.27 02:02:45.045,1.54764,1.54784,1.00,2.14
2016.05.27 02:02:45.147,1.54764,1.54781,1.00,1.37
2016.05.27 02:02:45.677,1.54763,1.5478,1.00,1.20
2016.05.27 02:02:45.881,1.5476,1.54778,1.00,1.25
2016.05.27 02:02:46.034,1.5476,1.54776,1.00,1.00
2016.05.27 02:02:47.330,1.54759,1.54776,1.00,1.00
2016.05.27 02:02:47.844,1.5476,1.54776,1.00,1.00
2016.05.27 02:02:50.139,1.5476,1.54777,1.00,1.25
2016.05.27 02:02:50.465,1.54764,1.5478,1.00,1.00
2016.05.27 02:02:50.719,1.54764,1.54782,1.00,1.10
2016.05.27 02:02:51.295,1.54761,1.54782,1.17,1.20
2016.05.27 02:02:51.346,1.54761,1.5478,1.07,1.00
2016.05.27 02:02:51.883,1.54763,1.54781,1.00,1.87
2016.05.27 02:02:52.190,1.54773,1.54793,1.00,4.12
2016.05.27 02:02:52.394,1.54775,1.54795,1.00,1.65
2016.05.27 02:02:52.497,1.54777,1.54795,1.10,1.50
2016.05.27 02:02:53.055,1.54778,1.54795,1.00,1.00
2016.05.27 02:02:53.258,1.54773,1.54795,1.07,1.07
2016.05.27 02:02:56.556,1.54771,1.54794,1.10,1.20
2016.05.27 02:02:57.319,1.54771,1.54794,1.20,1.17
2016.05.27 02:02:59.156,1.5477,1.54787,1.12,1.12
2016.05.27 02:02:59.309,1.5476,1.54782,1.37,1.00
2016.05.27 02:02:59.817,1.5476,1.54781,1.00,1.00
2016.05.27 02:02:59.970,1.54769,1.54781,1.00,1.00
2016.05.27 02:03:00.290,1.54759,1.54781,1.00,1.50
2016.05.27 02:03:00.493,1.54759,1.54781,1.00,2.25
2016.05.27 02:03:00.828,1.54758,1.5478,2.25,1.12
2016.05.27 02:03:01.168,1.54758,1.54774,1.00,1.00
2016.05.27 02:03:01.499,1.54758,1.54776,1.00,1.00
2016.05.27 02:03:02.403,1.54758,1.54773,1.00,1.00
2016.05.27 02:03:02.454,1.54758,1.54777,1.00,1.12
2016.05.27 02:03:02.607,1.54758,1.54777,1.00,1.10
2016.05.27 02:03:02.709,1.54758,1.54777,1.00,1.50
2016.05.27 02:03:03.252,1.54758,1.54777,1.00,1.07
2016.05.27 02:03:04.008,1.54758,1.54778,1.12,1.12
2016.05.27 02:03:04.059,1.54759,1.54781,1.39,1.00
2016.05.27 02:03:04.161,1.54761,1.54783,1.65,1.00
2016.05.27 02:03:04.265,1.54761,1.54783,2.62,1.00
2016.05.27 02:03:04.459,1.54761,1.54783,2.25,1.00
2016.05.27 02:03:04.510,1.54761,1.54786,2.25,1.65
2016.05.27 02:03:05.037,1.54769,1.54786,1.00,1.20
2016.05.27 02:03:05.744,1.54768,1.54788,1.00,2.25
2016.05.27 02:03:05.799,1.54766,1.54788,1.00,2.25
2016.05.27 02:03:05.850,1.54766,1.54783,1.00,1.00
2016.05.27 02:03:06.156,1.54766,1.54783,1.00,1.87
2016.05.27 02:03:06.463,1.54768,1.54782,1.00,1.20
2016.05.27 02:03:06.565,1.54768,1.54785,1.00,2.25
2016.05.27 02:03:06.667,1.54768,1.54785,1.00,1.20
2016.05.27 02:03:08.437,1.54771,1.54785,1.00,1.10
2016.05.27 02:03:08.539,1.54772,1.54788,1.00,1.95
2016.05.27 02:03:08.694,1.54772,1.54792,1.20,1.00
2016.05.27 02:03:08.745,1.54772,1.5479,1.10,1.10
2016.05.27 02:03:08.796,1.54769,1.5479,1.25,1.17
2016.05.27 02:03:08.848,1.54769,1.54787,1.25,1.30
2016.05.27 02:03:09.153,1.54772,1.54791,1.00,1.20
2016.05.27 02:03:09.573,1.5477,1.5479,1.00,1.10
2016.05.27 02:03:09.743,1.54778,1.54791,1.00,1.27
2016.05.27 02:03:09.794,1.54775,1.54791,1.00,1.17
2016.05.27 02:03:09.846,1.54778,1.54793,1.00,1.12
2016.05.27 02:03:09.898,1.5478,1.54795,1.00,1.00
2016.05.27 02:03:09.949,1.54775,1.54795,1.00,1.00
2016.05.27 02:03:10.051,1.54775,1.54796,1.00,2.32
2016.05.27 02:03:10.357,1.54769,1.54787,1.00,1.17
2016.05.27 02:03:10.663,1.54765,1.54784,1.00,1.12
2016.05.27 02:03:10.765,1.5476,1.54783,1.00,1.75
2016.05.27 02:03:10.944,1.5476,1.54781,1.00,1.12
2016.05.27 02:03:11.249,1.54763,1.54781,1.00,1.00
2016.05.27 02:03:11.738,1.54764,1.54784,1.00,1.17
2016.05.27 02:03:11.790,1.54766,1.54784,1.00,1.17
2016.05.27 02:03:12.091,1.54768,1.54784,1.00,1.00
2016.05.27 02:03:12.142,1.54768,1.54786,1.00,1.00
2016.05.27 02:03:12.244,1.54774,1.54786,1.00,1.00
2016.05.27 02:03:12.805,1.54774,1.54787,1.00,1.00
2016.05.27 02:03:15.257,1.54768,1.54787,1.50,1.00
2016.05.27 02:03:16.048,1.54771,1.54787,1.00,1.00
2016.05.27 02:03:16.202,1.54774,1.54794,1.10,1.10
2016.05.27 02:03:16.304,1.54774,1.54796,1.20,1.20
2016.05.27 02:03:16.929,1.54774,1.54796,1.15,1.00
2016.05.27 02:03:18.733,1.54774,1.54793,1.17,1.00
2016.05.27 02:03:19.273,1.54771,1.54793,1.87,1.00
2016.05.27 02:03:20.165,1.54774,1.54795,1.20,1.00
2016.05.27 02:03:20.217,1.54774,1.54795,1.20,1.00
2016.05.27 02:03:20.726,1.54774,1.54796,1.20,1.57
2016.05.27 02:03:21.234,1.54774,1.54797,1.57,1.37
2016.05.27 02:03:21.521,1.54771,1.54796,1.17,1.20
2016.05.27 02:03:21.759,1.54774,1.54797,1.07,2.70
2016.05.27 02:03:22.064,1.54776,1.54797,1.15,1.50
2016.05.27 02:03:22.521,1.54776,1.54798,1.87,2.62
2016.05.27 02:03:22.943,1.54776,1.54798,1.17,2.25
2016.05.27 02:03:23.653,1.5478,1.54798,1.00,3.00
2016.05.27 02:03:23.958,1.54795,1.54811,1.00,1.12
2016.05.27 02:03:24.060,1.54795,1.54817,1.20,1.50
2016.05.27 02:03:25.819,1.54795,1.54817,1.07,1.57
2016.05.27 02:03:26.148,1.54792,1.54813,1.87,1.00
2016.05.27 02:03:26.248,1.54792,1.54813,1.20,1.00
2016.05.27 02:03:26.351,1.54789,1.54813,1.36,1.10
2016.05.27 02:03:26.505,1.54791,1.54813,1.20,1.10
2016.05.27 02:03:27.912,1.54795,1.54815,1.00,1.07
2016.05.27 02:03:28.219,1.54788,1.5481,1.19,1.95
2016.05.27 02:03:28.372,1.54784,1.54808,2.14,1.95
2016.05.27 02:03:28.582,1.54784,1.54805,1.69,1.17
2016.05.27 02:03:28.998,1.54784,1.54805,2.51,1.00
2016.05.27 02:03:29.236,1.54784,1.54807,2.51,1.20
2016.05.27 02:03:31.545,1.54787,1.54807,1.00,1.20
2016.05.27 02:03:32.080,1.54787,1.54807,1.00,1.12
2016.05.27 02:03:32.604,1.54787,1.54807,1.07,1.12
2016.05.27 02:03:32.961,1.54783,1.54805,1.31,1.50
2016.05.27 02:03:33.239,1.54781,1.54803,1.32,1.57
2016.05.27 02:03:33.290,1.54783,1.54803,2.14,1.50
2016.05.27 02:03:33.342,1.54786,1.54806,1.00,1.10
2016.05.27 02:03:33.496,1.5479,1.5481,1.00,2.62
2016.05.27 02:03:33.547,1.54791,1.54812,1.00,1.57
2016.05.27 02:03:33.599,1.54789,1.54813,1.01,2.25
2016.05.27 02:03:34.107,1.54789,1.54812,1.20,1.15
2016.05.27 02:03:34.413,1.54789,1.54812,1.01,1.12
2016.05.27 02:03:34.921,1.54789,1.5481,1.00,1.10
2016.05.27 02:03:35.813,1.54789,1.54813,1.09,1.20
2016.05.27 02:03:35.965,1.54791,1.54813,1.00,1.10
2016.05.27 02:03:36.335,1.54793,1.54815,1.00,1.20
2016.05.27 02:03:36.487,1.54793,1.54816,1.84,1.57
2016.05.27 02:03:37.510,1.54793,1.54813,1.84,1.00
2016.05.27 02:03:38.059,1.54793,1.54813,1.20,1.00
2016.05.27 02:03:39.818,1.54793,1.54816,1.00,2.32
2016.05.27 02:03:40.123,1.54795,1.54816,1.00,1.20
2016.05.27 02:03:40.459,1.5479,1.54813,1.20,1.00
2016.05.27 02:03:40.561,1.54789,1.54813,1.09,1.17
2016.05.27 02:03:40.663,1.54789,1.54809,1.09,1.00
2016.05.27 02:03:41.179,1.54789,1.54813,1.00,1.82
2016.05.27 02:03:41.332,1.54791,1.54813,1.00,1.15
2016.05.27 02:03:41.655,1.54793,1.54814,1.00,1.50
2016.05.27 02:03:42.062,1.54791,1.54814,1.10,1.20
2016.05.27 02:03:42.113,1.54791,1.54814,1.20,1.20
2016.05.27 02:03:42.734,1.54794,1.54814,1.00,1.20
2016.05.27 02:03:42.987,1.54795,1.54817,1.00,1.20
2016.05.27 02:03:45.601,1.54798,1.54819,1.00,1.87
2016.05.27 02:03:45.855,1.54798,1.54819,1.00,1.27
2016.05.27 02:03:46.293,1.54795,1.54819,1.07,1.39
2016.05.27 02:03:47.875,1.54797,1.54819,1.00,1.20
2016.05.27 02:03:49.126,1.54796,1.54819,1.10,2.14
2016.05.27 02:03:51.711,1.54793,1.54817,1.17,1.01
2016.05.27 02:03:52.621,1.54796,1.54817,1.00,1.01
2016.05.27 02:03:54.164,1.54796,1.54815,1.00,1.00
2016.05.27 02:03:54.217,1.54794,1.54815,1.10,1.25
2016.05.27 02:03:54.436,1.5479,1.54812,2.06,1.00
2016.05.27 02:03:54.741,1.5479,1.54812,1.39,1.27
2016.05.27 02:03:58.344,1.5479,1.54809,1.29,1.00
2016.05.27 02:04:00.207,1.5479,1.54811,1.76,1.17
2016.05.27 02:04:01.234,1.54788,1.54809,2.14,1.00
2016.05.27 02:04:01.562,1.54797,1.54813,1.19,1.17
2016.05.27 02:04:01.664,1.548,1.54818,1.00,2.32
2016.05.27 02:04:01.716,1.54802,1.54819,1.00,1.12
2016.05.27 02:04:01.768,1.54805,1.54822,1.00,1.00
2016.05.27 02:04:01.820,1.54809,1.54827,1.00,1.15
2016.05.27 02:04:01.973,1.54809,1.54828,1.20,1.00
2016.05.27 02:04:02.024,1.54809,1.5483,2.14,1.00
2016.05.27 02:04:02.330,1.54811,1.54831,1.76,1.10
2016.05.27 02:04:02.581,1.5481,1.54831,1.25,1.07
2016.05.27 02:04:02.683,1.54808,1.54829,1.29,1.17
2016.05.27 02:04:02.989,1.54809,1.54825,1.19,1.39
2016.05.27 02:04:03.244,1.54806,1.54829,1.19,1.69
2016.05.27 02:04:03.346,1.54806,1.54823,1.19,1.00
2016.05.27 02:04:03.448,1.54805,1.54823,1.25,1.00
2016.05.27 02:04:03.881,1.54808,1.54828,1.19,1.12
2016.05.27 02:04:03.983,1.54806,1.54829,1.69,2.06
2016.05.27 02:04:04.441,1.54806,1.54824,1.19,1.00
2016.05.27 02:04:05.079,1.54805,1.54823,1.19,1.00
2016.05.27 02:04:05.233,1.54801,1.54819,1.36,1.00
2016.05.27 02:04:05.284,1.54802,1.54819,1.01,1.00
2016.05.27 02:04:05.336,1.54806,1.54823,1.29,1.00
2016.05.27 02:04:05.439,1.54808,1.54825,1.26,1.00
2016.05.27 02:04:05.541,1.54808,1.54828,1.36,1.00
2016.05.27 02:04:05.643,1.5481,1.54828,1.36,1.00
2016.05.27 02:04:05.999,1.54812,1.54831,1.31,1.19
2016.05.27 02:04:06.051,1.54812,1.54835,1.31,1.75
2016.05.27 02:04:06.182,1.5482,1.54838,1.19,1.12
2016.05.27 02:04:06.487,1.5482,1.54836,1.19,1.79
2016.05.27 02:04:07.017,1.5482,1.54835,1.19,1.01
2016.05.27 02:04:08.095,1.54818,1.54835,1.19,1.01
2016.05.27 02:04:08.699,1.54818,1.54835,1.19,2.25
2016.05.27 02:04:10.561,1.54817,1.5483,1.19,1.07
2016.05.27 02:04:10.614,1.54813,1.5483,1.19,1.20
2016.05.27 02:04:11.275,1.54806,1.5483,1.25,1.20
2016.05.27 02:04:11.681,1.54809,1.54831,1.19,1.87
2016.05.27 02:04:12.165,1.54807,1.5483,1.09,1.39
2016.05.27 02:04:12.370,1.54807,1.54829,1.25,1.12
2016.05.27 02:04:12.675,1.5481,1.54829,1.19,1.12
2016.05.27 02:04:12.777,1.5481,1.5483,1.19,1.01
2016.05.27 02:04:12.828,1.5481,1.5483,1.25,1.20
2016.05.27 02:04:12.931,1.54806,1.54831,1.09,1.50
2016.05.27 02:04:13.109,1.54806,1.54829,1.09,1.01
2016.05.27 02:04:13.669,1.5481,1.54829,1.19,1.31
2016.05.27 02:04:13.923,1.54809,1.5483,1.25,1.31
2016.05.27 02:04:14.025,1.54806,1.5483,1.09,1.31
2016.05.27 02:04:14.229,1.54806,1.54828,1.25,1.12
2016.05.27 02:04:14.533,1.54806,1.54829,1.25,1.20
2016.05.27 02:04:14.788,1.5481,1.54829,1.19,1.20
2016.05.27 02:04:15.093,1.54811,1.54833,1.25,2.25
2016.05.27 02:04:15.246,1.54812,1.54833,1.19,1.57
2016.05.27 02:04:16.009,1.54812,1.54827,1.19,1.00
2016.05.27 02:04:17.497,1.54812,1.54824,1.19,1.00
2016.05.27 02:04:17.548,1.54811,1.54824,1.25,1.00
2016.05.27 02:04:18.527,1.5481,1.54825,1.19,1.00
2016.05.27 02:04:19.400,1.54811,1.54824,1.25,1.00
2016.05.27 02:04:19.451,1.54811,1.54829,1.25,1.00
2016.05.27 02:04:19.680,1.54811,1.5483,1.76,1.00
2016.05.27 02:04:19.731,1.5481,1.5483,1.40,1.00
2016.05.27 02:04:19.834,1.54812,1.54827,1.19,1.00
2016.05.27 02:04:19.885,1.54812,1.54829,1.19,1.00
2016.05.27 02:04:20.393,1.54812,1.54829,1.39,1.00
2016.05.27 02:04:20.907,1.54812,1.5483,1.39,1.00
2016.05.27 02:04:23.250,1.54816,1.54835,1.37,1.00
2016.05.27 02:04:23.301,1.54816,1.54839,1.37,1.87
2016.05.27 02:04:23.353,1.54823,1.5484,1.75,1.37
2016.05.27 02:04:23.404,1.54823,1.54841,1.75,1.00
2016.05.27 02:04:23.455,1.54827,1.54841,1.12,1.00
2016.05.27 02:04:23.507,1.54827,1.54843,1.12,1.00
2016.05.27 02:04:23.558,1.5483,1.54843,1.12,1.00
2016.05.27 02:04:23.660,1.54828,1.54845,1.12,1.00
2016.05.27 02:04:23.762,1.54829,1.54845,1.12,1.00
2016.05.27 02:04:23.915,1.54824,1.54843,1.31,1.00
2016.05.27 02:04:24.118,1.54826,1.54841,1.75,1.00
2016.05.27 02:04:24.757,1.54826,1.54843,1.75,1.00
2016.05.27 02:04:25.012,1.54827,1.54843,1.12,1.00
2016.05.27 02:04:25.216,1.54826,1.54842,1.12,1.00
2016.05.27 02:04:25.743,1.54825,1.54841,1.12,1.00
2016.05.27 02:04:25.874,1.54825,1.54844,1.12,1.00
2016.05.27 02:04:25.976,1.54828,1.54844,1.12,1.00
2016.05.27 02:04:26.484,1.54828,1.54844,1.75,1.00
2016.05.27 02:04:27.369,1.54828,1.54841,1.75,1.00
2016.05.27 02:04:27.522,1.54825,1.5484,1.75,1.00
2016.05.27 02:04:27.624,1.54822,1.5484,1.79,1.00
2016.05.27 02:04:27.676,1.54822,1.54838,1.79,1.00
2016.05.27 02:04:28.140,1.54822,1.54841,1.79,1.00
2016.05.27 02:04:28.192,1.54825,1.54842,1.12,1.00
2016.05.27 02:04:28.600,1.54825,1.54844,1.50,1.00
2016.05.27 02:04:29.152,1.54826,1.54844,1.20,1.00
2016.05.27 02:04:29.686,1.54826,1.54845,2.32,1.00
2016.05.27 02:04:29.738,1.54826,1.54849,2.32,1.10
2016.05.27 02:04:30.325,1.54826,1.54846,1.95,1.00
2016.05.27 02:04:30.480,1.54829,1.54852,1.10,2.32
2016.05.27 02:04:31.373,1.54831,1.54852,1.00,1.57
2016.05.27 02:04:31.628,1.54829,1.54852,1.01,1.17
2016.05.27 02:04:31.680,1.54829,1.54852,1.01,1.57
2016.05.27 02:04:32.239,1.54826,1.5485,1.92,1.20
2016.05.27 02:04:32.758,1.54827,1.5485,1.10,1.20
2016.05.27 02:04:34.527,1.54829,1.54851,1.00,1.12
2016.05.27 02:04:34.579,1.54829,1.54852,1.00,1.20
2016.05.27 02:04:34.937,1.54832,1.54853,1.00,1.87
2016.05.27 02:04:35.259,1.54835,1.54857,1.00,1.57
2016.05.27 02:04:35.796,1.54834,1.54855,1.00,1.20
2016.05.27 02:04:36.227,1.54832,1.54855,1.00,1.20
2016.05.27 02:04:36.743,1.54828,1.54853,1.12,1.95
2016.05.27 02:04:36.795,1.54828,1.54851,1.12,1.00
2016.05.27 02:04:36.897,1.54825,1.54849,1.15,1.65
2016.05.27 02:04:37.000,1.54825,1.54849,1.10,2.62
2016.05.27 02:04:37.440,1.54825,1.54849,1.20,2.25
2016.05.27 02:04:43.798,1.54826,1.54848,1.00,1.15
2016.05.27 02:04:44.515,1.54822,1.54847,1.75,1.20
2016.05.27 02:04:44.669,1.54823,1.54845,1.10,1.12
2016.05.27 02:04:44.800,1.54823,1.54848,1.10,2.32
2016.05.27 02:04:45.526,1.54823,1.54848,1.20,1.57
2016.05.27 02:04:46.039,1.54825,1.54848,1.20,1.15
2016.05.27 02:04:46.888,1.54826,1.54848,1.00,1.15
2016.05.27 02:04:51.032,1.54825,1.54849,1.10,2.62
2016.05.27 02:04:51.628,1.54825,1.54848,1.00,1.12
2016.05.27 02:04:52.837,1.54825,1.54849,1.07,2.32
2016.05.27 02:04:53.792,1.54827,1.54849,1.00,2.70
2016.05.27 02:04:54.047,1.54828,1.54849,1.20,1.12
2016.05.27 02:04:58.303,1.54828,1.5485,1.20,1.20
2016.05.27 02:05:00.310,1.5483,1.5485,1.00,1.20
2016.05.27 02:05:00.937,1.54823,1.54844,1.12,1.00
2016.05.27 02:05:00.988,1.54823,1.54844,1.12,1.00
2016.05.27 02:05:01.140,1.54823,1.54842,1.12,1.00
2016.05.27 02:05:01.191,1.54821,1.54842,1.57,1.00
2016.05.27 02:05:01.293,1.54821,1.54837,1.20,1.00
2016.05.27 02:05:01.600,1.5482,1.54832,1.00,1.00
2016.05.27 02:05:02.245,1.5482,1.5483,1.00,1.00
2016.05.27 02:05:03.786,1.5482,1.54832,1.00,1.00
2016.05.27 02:05:04.916,1.5482,1.54833,1.00,1.00
2016.05.27 02:05:05.648,1.54812,1.54833,2.06,1.00
2016.05.27 02:05:05.953,1.54812,1.54821,1.00,1.00
2016.05.27 02:05:06.055,1.54799,1.54814,3.94,1.00
2016.05.27 02:05:06.149,1.54799,1.54814,1.12,1.50
2016.05.27 02:05:06.201,1.54798,1.54814,1.00,1.12
2016.05.27 02:05:06.252,1.54795,1.54812,1.00,1.12
2016.05.27 02:05:06.354,1.54794,1.54819,1.50,1.20
2016.05.27 02:05:06.405,1.54795,1.5482,1.50,1.12
2016.05.27 02:05:06.608,1.54797,1.5482,1.37,1.00
2016.05.27 02:05:07.642,1.54797,1.54819,1.45,1.00
2016.05.27 02:05:07.693,1.54797,1.54819,1.45,1.00
2016.05.27 02:05:07.974,1.548,1.54823,1.50,1.57
2016.05.27 02:05:08.025,1.54804,1.54823,1.00,1.57
2016.05.27 02:05:08.127,1.54806,1.54826,1.65,1.00
2016.05.27 02:05:08.230,1.54806,1.54826,2.62,1.00
2016.05.27 02:05:08.332,1.54806,1.54831,3.37,1.95
2016.05.27 02:05:08.536,1.54808,1.54831,1.12,1.50
2016.05.27 02:05:14.461,1.54809,1.54827,1.50,1.00
2016.05.27 02:05:14.614,1.54805,1.54825,1.50,1.00
2016.05.27 02:05:14.910,1.54804,1.54825,1.15,1.00
2016.05.27 02:05:15.974,1.54804,1.54827,1.65,1.00
2016.05.27 02:05:16.279,1.54804,1.54828,2.62,1.10
2016.05.27 02:05:17.456,1.54804,1.54822,1.12,1.00
2016.05.27 02:05:17.710,1.54798,1.54815,1.00,1.00
2016.05.27 02:05:17.761,1.54798,1.54813,1.00,1.00
2016.05.27 02:05:18.017,1.54792,1.54811,1.00,1.10
2016.05.27 02:05:18.232,1.54787,1.54808,1.87,1.00
2016.05.27 02:05:18.283,1.54787,1.54812,3.00,1.20
2016.05.27 02:05:18.334,1.5479,1.54813,1.00,1.15
2016.05.27 02:05:18.436,1.5479,1.54813,1.50,1.07
2016.05.27 02:05:18.741,1.54797,1.54813,1.00,1.00
2016.05.27 02:05:19.787,1.54797,1.54817,1.00,1.20
2016.05.27 02:05:19.889,1.54797,1.54817,1.87,1.00
2016.05.27 02:05:20.436,1.54797,1.54818,2.70,1.00
2016.05.27 02:05:23.671,1.54797,1.54816,2.70,1.00
2016.05.27 02:05:24.092,1.54798,1.54819,1.27,1.00
2016.05.27 02:05:24.143,1.54798,1.54822,1.27,1.10
2016.05.27 02:05:24.299,1.54798,1.54822,2.25,1.00
2016.05.27 02:05:24.623,1.54798,1.54819,2.25,1.00
2016.05.27 02:05:25.931,1.54798,1.54821,2.25,1.00
2016.05.27 02:05:27.589,1.54798,1.54817,1.50,1.00
2016.05.27 02:05:27.894,1.54794,1.54808,1.00,1.00
2016.05.27 02:05:28.351,1.5479,1.54807,1.00,1.00
2016.05.27 02:05:28.453,1.5479,1.54805,1.00,1.00
2016.05.27 02:05:28.555,1.54791,1.54807,1.00,1.00
2016.05.27 02:05:28.607,1.54791,1.54805,1.00,1.00
2016.05.27 02:05:28.826,1.54787,1.54805,1.00,1.00
2016.05.27 02:05:28.877,1.54788,1.54802,1.00,1.00
2016.05.27 02:05:29.136,1.54786,1.54806,1.00,1.50
2016.05.27 02:05:29.239,1.5479,1.54806,1.00,1.00
2016.05.27 02:05:29.291,1.5479,1.54808,1.00,1.00
2016.05.27 02:05:29.444,1.54792,1.54814,1.10,1.57
2016.05.27 02:05:29.495,1.54797,1.54814,1.00,1.10
2016.05.27 02:05:29.597,1.54797,1.54819,1.87,1.00
2016.05.27 02:05:29.649,1.54798,1.54819,1.12,1.00
2016.05.27 02:05:29.801,1.54797,1.5482,1.87,1.00
2016.05.27 02:05:30.308,1.548,1.54823,1.10,1.10
2016.05.27 02:05:33.421,1.54797,1.5482,1.60,1.00
2016.05.27 02:05:33.929,1.54799,1.54823,1.10,3.00
2016.05.27 02:05:34.546,1.54799,1.54823,1.20,1.95
2016.05.27 02:05:35.825,1.548,1.54823,1.17,1.10
2016.05.27 02:05:41.544,1.54801,1.54826,1.95,2.14
2016.05.27 02:05:47.025,1.54804,1.54827,1.00,2.51
2016.05.27 02:05:47.351,1.54808,1.54833,2.62,1.65
2016.05.27 02:05:49.234,1.54808,1.54828,2.25,1.00
2016.05.27 02:05:49.546,1.54805,1.54825,2.81,1.00
2016.05.27 02:05:49.597,1.54805,1.54825,1.84,1.00
2016.05.27 02:05:49.800,1.54806,1.54823,1.00,1.00
2016.05.27 02:05:50.003,1.54806,1.54825,1.00,1.00
2016.05.27 02:05:50.258,1.54806,1.54828,1.00,1.15
2016.05.27 02:05:50.770,1.54806,1.54826,1.00,1.20
2016.05.27 02:05:51.563,1.54805,1.54826,1.00,1.20
2016.05.27 02:05:51.716,1.54805,1.54824,1.00,1.44
2016.05.27 02:05:51.768,1.54802,1.54824,1.20,1.44
2016.05.27 02:05:52.138,1.548,1.54824,1.57,2.32
2016.05.27 02:05:54.731,1.54798,1.54822,1.12,1.85
2016.05.27 02:05:55.037,1.54798,1.54819,1.00,1.87
2016.05.27 02:05:56.086,1.54799,1.54819,1.31,1.87
2016.05.27 02:05:57.398,1.54799,1.54815,1.31,1.07
2016.05.27 02:05:57.855,1.54799,1.54815,1.19,1.87
2016.05.27 02:06:00.159,1.54799,1.54815,1.19,1.20
2016.05.27 02:06:00.926,1.54795,1.54813,1.25,1.10
2016.05.27 02:06:01.461,1.54795,1.54812,1.25,1.10
2016.05.27 02:06:03.657,1.54792,1.54812,1.50,1.10
2016.05.27 02:06:04.165,1.54791,1.54814,1.12,1.95
2016.05.27 02:06:08.373,1.54793,1.54815,1.00,1.12
2016.05.27 02:06:08.677,1.54792,1.54813,1.00,1.57
2016.05.27 02:06:08.830,1.5479,1.54813,2.25,1.57
2016.05.27 02:06:09.164,1.54787,1.54808,1.00,1.87
2016.05.27 02:06:10.973,1.54785,1.54808,3.45,1.12
2016.05.27 02:06:16.743,1.54787,1.54808,1.00,1.12
2016.05.27 02:06:16.895,1.54787,1.54811,1.57,1.12
2016.05.27 02:06:17.100,1.54787,1.54813,2.32,1.87
2016.05.27 02:06:17.405,1.54791,1.54815,1.00,1.50
2016.05.27 02:06:17.557,1.54791,1.54815,1.20,1.20
2016.05.27 02:06:17.862,1.54792,1.54815,1.20,1.10
2016.05.27 02:06:18.809,1.54792,1.54815,1.87,1.10
2016.05.27 02:06:19.272,1.54794,1.5482,1.57,2.70
2016.05.27 02:06:19.425,1.54794,1.54819,1.12,1.75
2016.05.27 02:06:19.621,1.54795,1.5482,1.57,3.00
2016.05.27 02:06:19.939,1.54794,1.5482,1.27,2.02
2016.05.27 02:06:20.041,1.54794,1.5482,1.27,3.37
2016.05.27 02:06:20.550,1.54794,1.54816,1.27,1.00
2016.05.27 02:06:25.202,1.54794,1.5482,2.14,3.00
2016.05.27 02:06:25.507,1.54799,1.54821,1.37,1.12
2016.05.27 02:06:25.559,1.548,1.54823,1.51,1.07
2016.05.27 02:06:25.915,1.548,1.54825,2.70,1.20
2016.05.27 02:06:26.446,1.54798,1.54823,1.57,1.12
2016.05.27 02:06:27.332,1.548,1.54826,1.20,3.00
2016.05.27 02:06:27.636,1.548,1.54826,1.57,1.95
2016.05.27 02:06:30.953,1.54801,1.54827,2.25,1.20
2016.05.27 02:06:31.952,1.54802,1.54823,1.30,1.00
2016.05.27 02:06:32.054,1.548,1.54824,2.25,1.20
2016.05.27 02:06:32.157,1.548,1.54823,1.45,1.07
2016.05.27 02:06:34.900,1.548,1.54826,1.82,1.50
2016.05.27 02:06:38.864,1.548,1.5482,2.44,1.00
2016.05.27 02:06:40.586,1.54801,1.5482,1.30,1.00
2016.05.27 02:06:41.184,1.54801,1.5482,1.50,1.00
2016.05.27 02:06:47.188,1.54801,1.54819,1.50,1.00
2016.05.27 02:06:48.934,1.54801,1.54822,1.50,1.00
2016.05.27 02:06:49.188,1.54801,1.54824,1.50,1.00
2016.05.27 02:06:49.717,1.54803,1.54826,1.09,1.17
2016.05.27 02:06:51.736,1.54806,1.54829,1.66,1.82
2016.05.27 02:06:51.788,1.54806,1.5483,2.21,2.62
2016.05.27 02:06:51.892,1.54807,1.5483,1.30,1.00
2016.05.27 02:06:52.173,1.54808,1.5483,1.57,1.00
2016.05.27 02:06:52.720,1.54809,1.5483,1.12,1.00
2016.05.27 02:06:57.879,1.54809,1.54832,1.60,1.10
2016.05.27 02:07:02.529,1.5481,1.54832,1.12,1.00
2016.05.27 02:07:09.331,1.5481,1.54834,1.12,1.17
2016.05.27 02:07:09.891,1.54811,1.54834,1.12,1.07
2016.05.27 02:07:10.412,1.54811,1.54834,1.75,1.00
2016.05.27 02:07:10.955,1.54812,1.54836,2.25,1.20
2016.05.27 02:07:11.057,1.54817,1.54839,1.00,1.75
2016.05.27 02:07:11.363,1.5482,1.54843,1.60,1.37
2016.05.27 02:07:11.690,1.54822,1.54844,1.12,1.00
2016.05.27 02:07:16.515,1.54824,1.54845,1.07,1.00
2016.05.27 02:07:19.040,1.54824,1.54844,1.07,1.00
2016.05.27 02:07:19.595,1.54822,1.54844,1.50,1.00
2016.05.27 02:07:20.849,1.54822,1.54845,1.50,1.10
2016.05.27 02:07:21.358,1.54822,1.54848,3.00,3.75
2016.05.27 02:07:21.561,1.54822,1.54848,3.00,2.40
2016.05.27 02:07:25.092,1.54822,1.54847,3.75,1.57
2016.05.27 02:07:25.501,1.54822,1.54845,1.57,1.00
2016.05.27 02:07:25.755,1.54822,1.54844,1.00,1.15
2016.05.27 02:07:26.238,1.54822,1.54846,1.57,1.95
2016.05.27 02:07:26.543,1.54828,1.54848,1.45,1.00
2016.05.27 02:07:26.646,1.54826,1.54847,1.55,1.00
2016.05.27 02:07:26.697,1.54824,1.54847,1.12,1.75
2016.05.27 02:07:26.850,1.54824,1.54849,1.55,2.32
2016.05.27 02:07:27.197,1.54822,1.54846,1.57,1.20
2016.05.27 02:07:27.452,1.54822,1.54839,1.00,1.00
2016.05.27 02:07:27.605,1.54818,1.54839,1.12,1.00
2016.05.27 02:07:27.656,1.54818,1.54839,1.10,1.00
2016.05.27 02:07:37.149,1.54816,1.54841,1.12,1.82
2016.05.27 02:07:37.303,1.54815,1.54837,1.00,1.12
2016.05.27 02:07:37.406,1.54815,1.54836,1.00,1.00
2016.05.27 02:07:37.457,1.54815,1.54834,1.00,1.00
2016.05.27 02:07:37.641,1.54815,1.54839,1.00,1.20
2016.05.27 02:07:39.417,1.54814,1.54838,1.10,1.17
2016.05.27 02:07:39.520,1.54814,1.54838,1.10,1.87
2016.05.27 02:07:40.029,1.54812,1.54836,1.17,1.87
2016.05.27 02:07:40.353,1.54811,1.54835,1.50,2.25
2016.05.27 02:07:40.712,1.54809,1.54831,2.32,1.10
2016.05.27 02:07:40.967,1.54812,1.54834,1.00,1.12
2016.05.27 02:07:41.272,1.54814,1.54835,1.50,1.75
2016.05.27 02:07:41.374,1.54814,1.54837,1.50,1.75
2016.05.27 02:07:41.913,1.54815,1.54838,1.00,1.12
2016.05.27 02:07:42.427,1.54814,1.54838,2.25,1.12
2016.05.27 02:07:45.394,1.54814,1.54837,1.00,1.12
2016.05.27 02:07:45.446,1.54814,1.54836,1.00,1.12
2016.05.27 02:07:47.660,1.54812,1.54834,1.57,1.20
2016.05.27 02:07:48.238,1.54813,1.54834,1.00,1.20
2016.05.27 02:07:48.780,1.54812,1.54836,1.57,1.12
2016.05.27 02:07:49.085,1.54812,1.54837,1.57,1.87
2016.05.27 02:07:49.753,1.54813,1.54837,1.00,1.87
2016.05.27 02:07:50.262,1.54814,1.54837,1.00,1.12
2016.05.27 02:07:52.155,1.54814,1.54838,1.17,1.57
2016.05.27 02:07:53.724,1.54814,1.54838,1.57,1.57
2016.05.27 02:07:55.017,1.54815,1.54839,1.50,1.20
2016.05.27 02:07:56.246,1.54815,1.54839,1.20,1.20
2016.05.27 02:08:01.859,1.54815,1.54839,1.57,1.65
2016.05.27 02:08:03.244,1.54815,1.54839,1.39,1.65
2016.05.27 02:08:07.213,1.54817,1.54839,1.00,1.10
2016.05.27 02:08:07.516,1.54817,1.54839,1.20,1.00
2016.05.27 02:08:07.568,1.54817,1.54839,1.20,1.00
2016.05.27 02:08:08.349,1.54817,1.54839,1.57,1.00
2016.05.27 02:08:08.877,1.54817,1.54838,2.32,1.00
2016.05.27 02:08:09.582,1.54817,1.54838,2.32,1.00
2016.05.27 02:08:11.017,1.54817,1.54835,1.57,1.00
2016.05.27 02:08:11.068,1.54817,1.54835,1.20,1.00
2016.05.27 02:08:12.884,1.54817,1.54837,1.39,1.00
2016.05.27 02:08:13.468,1.54818,1.54839,1.07,1.00
2016.05.27 02:08:13.981,1.54818,1.54839,1.00,1.00
2016.05.27 02:08:14.387,1.54818,1.54839,1.57,1.00
2016.05.27 02:08:14.923,1.54818,1.54839,1.95,1.00
2016.05.27 02:08:25.444,1.54817,1.54839,3.00,1.00
2016.05.27 02:08:31.912,1.54818,1.54838,1.07,1.00
2016.05.27 02:08:31.963,1.54817,1.54838,1.52,1.00
2016.05.27 02:08:33.571,1.54817,1.54838,2.32,1.00
2016.05.27 02:08:33.815,1.54818,1.54838,1.45,1.00
2016.05.27 02:08:34.018,1.5482,1.54841,1.88,1.00
2016.05.27 02:08:34.531,1.54819,1.54841,1.71,1.00
2016.05.27 02:08:35.040,1.54819,1.54841,1.31,1.00
2016.05.27 02:08:35.590,1.54818,1.54841,1.33,1.17
2016.05.27 02:08:36.122,1.54818,1.54841,1.21,1.20
2016.05.27 02:08:36.905,1.54818,1.5484,1.25,1.07
2016.05.27 02:08:41.565,1.54818,1.5484,1.35,1.00
2016.05.27 02:08:43.568,1.54818,1.54838,1.35,1.00
2016.05.27 02:08:44.077,1.54818,1.54838,1.28,1.00
2016.05.27 02:08:44.178,1.54818,1.5484,1.28,1.10
2016.05.27 02:08:44.536,1.54815,1.54838,2.01,1.00
2016.05.27 02:08:44.853,1.54813,1.54835,1.33,1.10
2016.05.27 02:08:46.564,1.54813,1.54835,2.08,1.00
2016.05.27 02:08:48.447,1.54813,1.54835,2.08,1.00
2016.05.27 02:08:54.800,1.54813,1.54837,1.33,1.10
2016.05.27 02:08:55.106,1.54815,1.54838,1.33,1.07
2016.05.27 02:08:55.310,1.54816,1.5484,1.20,1.10
2016.05.27 02:08:58.113,1.54816,1.54838,1.33,1.00
2016.05.27 02:08:59.350,1.54819,1.54841,1.13,1.12
2016.05.27 02:08:59.554,1.54822,1.54846,1.50,1.50
2016.05.27 02:08:59.606,1.54822,1.54843,1.00,1.10
2016.05.27 02:08:59.657,1.5482,1.54841,1.28,1.07
2016.05.27 02:08:59.963,1.54815,1.54837,2.01,1.75
2016.05.27 02:09:00.039,1.54815,1.54836,1.63,1.12
2016.05.27 02:09:01.768,1.54813,1.54837,1.33,2.25
2016.05.27 02:09:01.921,1.54813,1.54832,1.13,1.10
2016.05.27 02:09:02.424,1.54813,1.54837,1.33,2.62
2016.05.27 02:09:02.475,1.54813,1.54836,1.23,1.12
2016.05.27 02:09:02.984,1.54813,1.54837,1.71,1.50
2016.05.27 02:09:03.578,1.54813,1.54835,1.23,1.12
2016.05.27 02:09:03.794,1.54811,1.54834,1.33,1.20
2016.05.27 02:09:03.947,1.54811,1.54829,1.33,1.00
2016.05.27 02:09:04.260,1.54811,1.54829,1.57,1.00
2016.05.27 02:09:04.464,1.54813,1.54831,1.25,1.00
2016.05.27 02:09:09.864,1.54812,1.54832,1.10,1.00
2016.05.27 02:09:10.376,1.5481,1.54832,1.27,1.10
2016.05.27 02:09:10.503,1.5481,1.54829,1.27,1.00
2016.05.27 02:09:11.125,1.5481,1.54832,1.27,1.10
2016.05.27 02:09:11.532,1.54814,1.54831,1.00,1.00
2016.05.27 02:09:11.685,1.5481,1.54831,1.84,1.50
2016.05.27 02:09:16.598,1.5481,1.5483,2.02,1.00
2016.05.27 02:09:17.107,1.54809,1.54828,1.57,1.00
2016.05.27 02:09:17.749,1.54807,1.54825,1.27,1.00
2016.05.27 02:09:18.325,1.54806,1.54827,1.87,1.00
2016.05.27 02:09:18.377,1.54806,1.5483,2.62,1.00
2016.05.27 02:09:18.530,1.54807,1.5483,1.31,1.00
2016.05.27 02:09:19.042,1.5481,1.5483,1.40,1.00
2016.05.27 02:09:19.655,1.54812,1.5483,1.10,1.00
2016.05.27 02:09:19.757,1.54812,1.54832,1.40,1.00
2016.05.27 02:09:20.272,1.54813,1.54832,1.17,1.00
2016.05.27 02:09:20.782,1.54812,1.54831,1.39,1.00
2016.05.27 02:09:21.713,1.54812,1.54829,1.39,1.00
2016.05.27 02:09:21.917,1.54809,1.54829,2.25,1.00
2016.05.27 02:09:22.668,1.54809,1.54827,2.25,1.00
2016.05.27 02:09:22.820,1.54808,1.54826,1.39,1.00
2016.05.27 02:09:23.340,1.54807,1.54826,1.39,1.00
2016.05.27 02:09:23.877,1.54809,1.54828,1.46,1.00
2016.05.27 02:09:24.492,1.5481,1.54829,1.01,1.00
2016.05.27 02:09:28.825,1.54808,1.54828,2.14,1.00
2016.05.27 02:09:29.535,1.54808,1.54829,2.14,1.50
2016.05.27 02:09:30.085,1.54808,1.54829,2.32,1.00
2016.05.27 02:09:33.292,1.54808,1.54829,3.07,1.00
2016.05.27 02:09:34.127,1.54809,1.54827,1.46,1.00
2016.05.27 02:09:35.124,1.54809,1.54829,1.39,1.00
2016.05.27 02:09:36.709,1.5481,1.54829,1.39,1.00
2016.05.27 02:09:40.162,1.54809,1.54828,1.65,1.50
2016.05.27 02:09:40.788,1.54809,1.54828,1.09,1.50
2016.05.27 02:09:42.268,1.54809,1.54828,1.27,1.00
2016.05.27 02:09:45.208,1.54809,1.54827,1.59,1.00
2016.05.27 02:09:49.190,1.54809,1.54828,1.57,1.00
2016.05.27 02:09:49.609,1.54809,1.54831,1.57,1.10
2016.05.27 02:09:49.711,1.54813,1.54831,1.00,1.10
2016.05.27 02:09:52.770,1.5481,1.54828,1.87,1.00
2016.05.27 02:09:53.702,1.54809,1.54828,1.87,1.50
2016.05.27 02:09:54.210,1.54808,1.54829,1.95,1.00
2016.05.27 02:09:54.511,1.54811,1.54827,1.36,1.00
2016.05.27 02:09:58.607,1.54811,1.54829,1.17,1.00
2016.05.27 02:09:59.434,1.54809,1.54827,1.31,1.00
2016.05.27 02:09:59.587,1.54805,1.54825,1.31,1.00
2016.05.27 02:09:59.638,1.54804,1.54825,2.36,1.00
2016.05.27 02:09:59.690,1.54804,1.54823,1.87,1.10
2016.05.27 02:10:00.731,1.54804,1.54825,1.87,1.15
2016.05.27 02:10:01.315,1.54806,1.54827,1.37,1.17
2016.05.27 02:10:01.512,1.54808,1.54829,1.44,1.20
2016.05.27 02:10:05.773,1.54808,1.54828,1.27,1.00
2016.05.27 02:10:06.580,1.54808,1.54828,1.20,1.57
2016.05.27 02:10:07.273,1.54808,1.54825,1.20,1.00
2016.05.27 02:10:07.578,1.54807,1.54827,1.45,1.10
2016.05.27 02:10:08.086,1.54808,1.54828,1.51,1.00
2016.05.27 02:10:09.926,1.54808,1.54828,1.51,1.00
2016.05.27 02:10:11.234,1.54809,1.54828,1.47,1.00
2016.05.27 02:10:12.010,1.54809,1.54827,1.47,1.00
2016.05.27 02:10:12.813,1.54807,1.54827,1.57,1.00
2016.05.27 02:10:13.321,1.5481,1.54827,1.12,1.00
2016.05.27 02:10:13.863,1.54811,1.54827,1.50,1.00
2016.05.27 02:10:14.323,1.54811,1.54829,1.50,1.00
2016.05.27 02:10:17.613,1.54811,1.54828,1.50,1.00
2016.05.27 02:10:17.871,1.54811,1.54825,1.50,1.00
2016.05.27 02:10:18.218,1.54809,1.54823,1.50,1.00
2016.05.27 02:10:18.576,1.54806,1.54823,1.50,1.00
2016.05.27 02:10:19.135,1.54806,1.54824,2.25,1.00
2016.05.27 02:10:19.237,1.54806,1.54825,2.62,1.00
2016.05.27 02:10:19.679,1.54809,1.54827,1.12,1.00
2016.05.27 02:10:19.984,1.54811,1.54827,1.07,1.00
2016.05.27 02:10:20.951,1.54811,1.54828,1.07,1.00
2016.05.27 02:10:21.477,1.54812,1.54828,1.12,1.00
2016.05.27 02:10:21.936,1.54812,1.54832,1.75,1.00
2016.05.27 02:10:22.038,1.54811,1.54835,1.50,1.00
2016.05.27 02:10:22.191,1.54815,1.54835,1.50,1.00
2016.05.27 02:10:23.391,1.54815,1.54833,1.12,1.00
2016.05.27 02:10:23.799,1.54815,1.54831,1.12,1.00
2016.05.27 02:10:23.942,1.54813,1.54831,2.62,1.00
2016.05.27 02:10:24.298,1.54815,1.54835,1.10,1.00
2016.05.27 02:10:24.400,1.54815,1.54835,1.20,1.00
2016.05.27 02:10:24.710,1.54816,1.54835,1.50,1.00
2016.05.27 02:10:25.237,1.54816,1.54834,1.50,1.00
2016.05.27 02:10:25.601,1.54815,1.54834,2.62,1.00
2016.05.27 02:10:27.428,1.54815,1.54832,1.87,1.00
2016.05.27 02:10:27.937,1.54811,1.54829,2.32,1.00
2016.05.27 02:10:28.447,1.54809,1.54829,2.02,1.00
2016.05.27 02:10:28.499,1.54809,1.54831,1.55,1.00
2016.05.27 02:10:29.007,1.54812,1.54831,1.27,1.00
2016.05.27 02:10:29.526,1.54813,1.54832,1.55,1.00
2016.05.27 02:10:30.010,1.54812,1.5483,2.32,1.00
2016.05.27 02:10:30.544,1.54811,1.54829,1.50,1.00
2016.05.27 02:10:30.861,1.54811,1.54831,1.50,1.00
2016.05.27 02:10:30.912,1.54811,1.54833,1.50,1.00
2016.05.27 02:10:30.964,1.54811,1.54833,2.25,1.00
2016.05.27 02:10:32.659,1.54813,1.5483,1.87,1.00
2016.05.27 02:10:33.091,1.5481,1.54827,1.95,1.00
2016.05.27 02:10:33.143,1.5481,1.54827,1.95,1.00
2016.05.27 02:10:33.295,1.54808,1.54827,2.25,1.00
2016.05.27 02:10:33.347,1.54811,1.54831,1.01,1.10
2016.05.27 02:10:33.398,1.54811,1.54832,1.39,1.17
2016.05.27 02:10:33.703,1.54821,1.54837,1.12,1.00
2016.05.27 02:10:34.211,1.54819,1.54836,1.20,1.00
2016.05.27 02:10:34.619,1.54819,1.54839,1.20,1.00
2016.05.27 02:10:35.134,1.54822,1.5484,1.20,1.00
2016.05.27 02:10:35.412,1.54824,1.5484,1.60,1.00
2016.05.27 02:10:36.191,1.54824,1.54841,1.60,1.00
2016.05.27 02:10:36.723,1.54824,1.54842,1.60,1.00
2016.05.27 02:10:41.030,1.54824,1.54841,1.50,1.00
2016.05.27 02:10:41.623,1.54824,1.54843,1.50,1.00
2016.05.27 02:10:42.314,1.54825,1.54844,1.95,1.00
2016.05.27 02:10:42.366,1.54829,1.54846,1.12,1.00
2016.05.27 02:10:42.672,1.54828,1.54849,1.12,1.00
2016.05.27 02:10:42.723,1.5483,1.54846,1.39,1.00
2016.05.27 02:10:42.978,1.54828,1.54845,1.60,1.00
2016.05.27 02:10:43.080,1.5483,1.54845,1.12,1.00
2016.05.27 02:10:43.182,1.54829,1.54845,1.12,1.00
2016.05.27 02:10:43.234,1.54828,1.54842,1.01,1.00
2016.05.27 02:10:43.285,1.54829,1.54848,1.57,1.00
2016.05.27 02:10:43.336,1.54829,1.54848,1.92,1.00
2016.05.27 02:10:43.661,1.5483,1.54843,1.12,1.00
2016.05.27 02:10:43.714,1.54828,1.54843,1.31,1.00
2016.05.27 02:10:43.766,1.54828,1.54843,1.20,1.00
2016.05.27 02:10:44.071,1.54825,1.54843,1.50,1.00
2016.05.27 02:10:45.894,1.54825,1.54845,1.50,1.00
2016.05.27 02:10:46.098,1.54828,1.54845,1.01,1.00
2016.05.27 02:10:46.606,1.54828,1.54843,1.60,1.00
2016.05.27 02:10:46.838,1.54826,1.54844,1.12,1.00
2016.05.27 02:10:47.048,1.54826,1.54842,1.12,1.50
2016.05.27 02:10:47.150,1.54824,1.54842,2.00,1.50
2016.05.27 02:10:47.810,1.54824,1.54841,2.00,1.00
2016.05.27 02:10:47.963,1.54824,1.54844,1.60,1.50
2016.05.27 02:10:48.509,1.54825,1.54844,1.12,1.50
2016.05.27 02:10:49.148,1.54826,1.54844,1.12,1.50
2016.05.27 02:10:53.781,1.54826,1.54842,1.12,1.00
2016.05.27 02:10:53.984,1.54824,1.54842,1.75,1.50
2016.05.27 02:10:54.883,1.54825,1.54842,1.12,1.00
2016.05.27 02:10:55.661,1.54825,1.54843,1.12,1.00
2016.05.27 02:10:56.748,1.54825,1.5484,1.12,1.00
2016.05.27 02:10:57.257,1.54823,1.5484,1.50,1.00
2016.05.27 02:10:57.308,1.54823,1.5484,1.45,1.00
2016.05.27 02:11:00.072,1.54822,1.54838,1.12,1.00
2016.05.27 02:11:00.276,1.54819,1.54838,1.50,1.00
2016.05.27 02:11:00.378,1.54819,1.54836,1.50,1.00
2016.05.27 02:11:00.957,1.54818,1.54836,2.25,1.00
2016.05.27 02:11:01.075,1.54819,1.54838,1.20,1.00
2016.05.27 02:11:01.127,1.54819,1.54842,1.20,1.50
2016.05.27 02:11:01.178,1.54819,1.54842,2.25,1.50
2016.05.27 02:11:01.483,1.54823,1.54842,1.12,1.00
2016.05.27 02:11:05.189,1.54823,1.54841,1.12,1.00
2016.05.27 02:11:06.723,1.54823,1.54842,1.12,1.00
2016.05.27 02:11:07.603,1.54823,1.54844,1.87,1.00
2016.05.27 02:11:07.654,1.54824,1.54844,1.12,1.00
2016.05.27 02:11:08.150,1.54826,1.54843,1.12,1.00
2016.05.27 02:11:08.657,1.54825,1.54843,1.12,1.00
2016.05.27 02:11:09.166,1.54825,1.54844,1.12,1.00
2016.05.27 02:11:09.491,1.54828,1.54844,1.12,1.00
2016.05.27 02:11:09.799,1.54828,1.54847,1.12,1.00
2016.05.27 02:11:10.098,1.54828,1.54844,1.12,1.00
2016.05.27 02:11:10.606,1.54826,1.54843,1.12,1.00
2016.05.27 02:11:10.709,1.54826,1.5484,1.12,1.00
2016.05.27 02:11:10.850,1.54822,1.54839,1.12,1.00
2016.05.27 02:11:11.157,1.5482,1.54838,1.12,1.00
2016.05.27 02:11:11.495,1.5482,1.54841,2.06,1.00
2016.05.27 02:11:11.598,1.54823,1.54841,1.20,1.00
2016.05.27 02:11:11.649,1.54823,1.54844,1.50,1.00
2016.05.27 02:11:11.701,1.54823,1.54844,1.87,1.00
2016.05.27 02:11:12.035,1.54825,1.54844,1.12,1.00
2016.05.27 02:11:16.365,1.54825,1.54841,1.12,1.00
2016.05.27 02:11:16.518,1.54823,1.54841,1.87,1.00
2016.05.27 02:11:17.287,1.54823,1.54843,1.12,1.50
2016.05.27 02:11:17.440,1.54823,1.54841,1.12,1.00
2016.05.27 02:11:18.268,1.54823,1.54842,1.12,1.00
2016.05.27 02:11:18.577,1.54817,1.54831,1.12,1.00
2016.05.27 02:11:18.628,1.54814,1.54831,1.12,1.00
2016.05.27 02:11:18.680,1.54813,1.54831,1.00,1.00
2016.05.27 02:11:18.778,1.54813,1.54831,1.50,1.12
2016.05.27 02:11:19.084,1.54816,1.54829,1.00,1.20
2016.05.27 02:11:19.401,1.54816,1.54827,1.00,1.00
2016.05.27 02:11:21.535,1.54813,1.54827,1.00,1.10
2016.05.27 02:11:21.637,1.54809,1.54826,1.19,1.00
2016.05.27 02:11:21.739,1.54815,1.54828,1.00,1.07
2016.05.27 02:11:22.000,1.54811,1.54826,1.25,1.00
2016.05.27 02:11:22.307,1.54809,1.54824,1.44,1.00
2016.05.27 02:11:22.760,1.54811,1.54827,1.25,1.20
2016.05.27 02:11:22.913,1.54813,1.54828,1.00,1.00
2016.05.27 02:11:25.080,1.54813,1.54829,1.00,1.10
2016.05.27 02:11:25.233,1.54811,1.54829,1.00,1.00
2016.05.27 02:11:25.742,1.5481,1.54828,1.12,1.00
2016.05.27 02:11:26.293,1.5481,1.54827,1.00,1.00
2016.05.27 02:11:27.197,1.54808,1.54827,1.78,1.00
2016.05.27 02:11:27.743,1.54808,1.54827,1.28,1.00
2016.05.27 02:11:28.829,1.54807,1.54824,1.25,1.00
2016.05.27 02:11:29.236,1.54804,1.54824,1.07,1.00
2016.05.27 02:11:29.338,1.54806,1.54821,1.00,1.00
2016.05.27 02:11:29.681,1.54809,1.54821,1.00,1.00
2016.05.27 02:11:29.732,1.54809,1.54824,1.00,1.00
2016.05.27 02:11:29.955,1.5481,1.54826,1.00,1.10
2016.05.27 02:11:30.463,1.5481,1.54827,1.00,1.10
2016.05.27 02:11:31.166,1.54808,1.54828,1.18,1.20
2016.05.27 02:11:31.383,1.54811,1.54828,1.35,1.00
2016.05.27 02:11:31.435,1.54811,1.54831,1.35,1.00
2016.05.27 02:11:31.893,1.54811,1.54827,1.28,1.00
2016.05.27 02:11:32.299,1.54809,1.54827,1.10,1.00
2016.05.27 02:11:32.408,1.5481,1.5483,1.10,1.10
2016.05.27 02:11:35.458,1.54809,1.54828,1.17,1.00
2016.05.27 02:11:35.763,1.54807,1.54825,1.33,1.00
2016.05.27 02:11:36.095,1.54805,1.54822,1.07,1.00
2016.05.27 02:11:36.527,1.54807,1.54828,1.00,1.20
2016.05.27 02:11:36.680,1.54808,1.54828,1.17,1.00
2016.05.27 02:11:37.712,1.5481,1.54828,1.00,1.00
2016.05.27 02:11:38.136,1.54813,1.54828,1.00,1.00
2016.05.27 02:11:38.238,1.54813,1.54831,1.00,1.10
2016.05.27 02:11:39.050,1.54814,1.54831,1.00,1.00
2016.05.27 02:11:40.126,1.54814,1.5483,1.10,1.00
2016.05.27 02:11:40.669,1.54811,1.54828,1.68,1.00
2016.05.27 02:11:41.224,1.54809,1.54827,1.26,1.00
2016.05.27 02:11:41.530,1.54806,1.54826,1.98,1.00
2016.05.27 02:11:44.697,1.54806,1.54826,2.16,1.00
2016.05.27 02:11:46.447,1.54806,1.54825,1.78,1.00
2016.05.27 02:11:48.034,1.54806,1.54823,1.33,1.00
2016.05.27 02:11:51.330,1.54805,1.54826,1.82,1.00
2016.05.27 02:11:52.107,1.54805,1.54824,1.71,1.00
2016.05.27 02:11:52.413,1.54803,1.54817,1.75,1.00
2016.05.27 02:11:52.516,1.54799,1.54817,1.37,1.00
2016.05.27 02:11:52.618,1.54802,1.54823,1.00,1.45
2016.05.27 02:11:52.670,1.54804,1.54824,1.00,1.75
2016.05.27 02:11:52.823,1.54802,1.54824,1.78,1.00
2016.05.27 02:11:53.118,1.54805,1.54824,1.58,1.00
2016.05.27 02:11:53.427,1.54804,1.54822,1.82,1.00
2016.05.27 02:11:54.420,1.54802,1.54819,1.95,1.00
2016.05.27 02:11:54.522,1.54801,1.54816,1.12,1.00
2016.05.27 02:11:54.573,1.54799,1.54821,1.19,1.00
2016.05.27 02:11:54.700,1.54811,1.54821,1.00,1.75
2016.05.27 02:11:54.803,1.5481,1.54825,1.00,1.00
2016.05.27 02:11:54.854,1.54806,1.54821,1.32,1.00
2016.05.27 02:11:55.358,1.54803,1.54821,1.45,1.00
2016.05.27 02:11:56.190,1.54802,1.5482,1.82,1.00
2016.05.27 02:11:56.564,1.548,1.54815,1.45,1.00
2016.05.27 02:11:56.615,1.54799,1.54814,1.31,1.00
2016.05.27 02:11:56.666,1.54799,1.54814,1.25,1.00
2016.05.27 02:11:56.870,1.54799,1.54811,1.25,1.00
2016.05.27 02:11:59.148,1.54793,1.54811,1.50,1.57
2016.05.27 02:11:59.250,1.54791,1.54811,1.25,1.57
2016.05.27 02:11:59.616,1.548,1.54811,1.00,1.57
2016.05.27 02:12:00.201,1.54799,1.54811,1.00,1.65
2016.05.27 02:12:00.805,1.54799,1.54811,1.00,1.95
2016.05.27 02:12:03.025,1.548,1.54811,1.00,1.95
2016.05.27 02:12:04.712,1.54799,1.54811,1.00,1.95
2016.05.27 02:12:04.915,1.54799,1.54811,1.00,1.00
2016.05.27 02:12:05.068,1.548,1.54816,1.25,1.00
2016.05.27 02:12:05.222,1.54799,1.54814,1.00,1.00
2016.05.27 02:12:05.527,1.54799,1.54811,1.00,1.00
2016.05.27 02:12:06.416,1.548,1.54811,1.00,1.00
2016.05.27 02:12:07.604,1.54799,1.54811,1.00,1.00
2016.05.27 02:12:09.728,1.548,1.54811,1.00,1.00
2016.05.27 02:12:17.624,1.548,1.5481,1.00,1.00
2016.05.27 02:12:18.281,1.54799,1.5481,1.00,1.00
2016.05.27 02:12:18.726,1.54799,1.54812,1.00,1.00
2016.05.27 02:12:19.234,1.548,1.54813,1.00,1.00
2016.05.27 02:12:22.331,1.548,1.54815,1.00,1.10
2016.05.27 02:12:23.422,1.548,1.54813,1.00,1.00
2016.05.27 02:12:28.729,1.548,1.54814,1.00,1.00
2016.05.27 02:12:32.189,1.548,1.54813,1.00,1.00
2016.05.27 02:12:32.697,1.548,1.54812,1.00,1.10
2016.05.27 02:12:38.329,1.548,1.54813,1.00,1.20
2016.05.27 02:12:39.636,1.54799,1.54813,1.00,1.10
2016.05.27 02:12:40.399,1.54799,1.54815,1.00,1.17
2016.05.27 02:12:43.896,1.54799,1.54815,1.00,1.10
2016.05.27 02:12:49.647,1.548,1.54816,1.00,1.17
2016.05.27 02:12:52.658,1.548,1.54816,1.00,1.00
2016.05.27 02:12:53.199,1.548,1.54815,1.00,1.00
2016.05.27 02:12:54.003,1.548,1.54818,1.00,1.10
2016.05.27 02:12:54.105,1.548,1.54816,1.00,1.00
2016.05.27 02:12:58.467,1.548,1.54815,1.00,1.00
2016.05.27 02:12:59.560,1.54799,1.54815,1.10,1.00
2016.05.27 02:13:01.581,1.548,1.54815,1.00,1.00
2016.05.27 02:13:03.694,1.548,1.54813,1.00,1.00
2016.05.27 02:13:05.065,1.54799,1.54813,1.00,1.00
2016.05.27 02:13:07.330,1.54799,1.54815,1.00,1.00
2016.05.27 02:13:11.122,1.54799,1.54813,1.00,1.00
2016.05.27 02:13:12.065,1.54799,1.54812,1.00,1.00
2016.05.27 02:13:12.574,1.548,1.54813,1.00,1.00
2016.05.27 02:13:12.888,1.54799,1.54816,1.00,1.17
2016.05.27 02:13:13.347,1.54799,1.5482,1.00,1.10
2016.05.27 02:13:15.110,1.548,1.54821,1.00,1.27
2016.05.27 02:13:15.626,1.548,1.54821,1.17,1.00
2016.05.27 02:13:16.135,1.54799,1.54821,1.17,1.00
2016.05.27 02:13:16.744,1.54799,1.54821,1.07,1.07
2016.05.27 02:13:17.651,1.54799,1.54821,1.20,1.10
2016.05.27 02:13:18.438,1.54799,1.54821,1.07,1.07
2016.05.27 02:13:21.599,1.54799,1.54821,1.10,1.20
2016.05.27 02:13:25.127,1.548,1.54819,1.00,1.10
2016.05.27 02:13:26.723,1.54802,1.54821,1.00,2.14
2016.05.27 02:13:27.327,1.54805,1.54821,1.00,2.14
2016.05.27 02:13:30.644,1.54805,1.54821,1.00,1.10
2016.05.27 02:13:31.174,1.54806,1.54821,1.00,1.00
2016.05.27 02:13:35.170,1.54806,1.54825,1.00,2.32
2016.05.27 02:13:36.971,1.54805,1.54822,1.00,1.10
2016.05.27 02:13:37.123,1.54803,1.54818,1.00,1.00
2016.05.27 02:13:37.302,1.54801,1.54818,1.00,1.25
2016.05.27 02:13:38.481,1.54801,1.54816,1.00,1.00
2016.05.27 02:13:38.925,1.548,1.54815,1.00,1.29
2016.05.27 02:13:39.383,1.54795,1.54813,1.00,1.27
2016.05.27 02:13:39.435,1.54797,1.54813,1.00,1.57
2016.05.27 02:13:39.740,1.548,1.54813,1.50,1.17
2016.05.27 02:13:40.281,1.548,1.54813,1.50,1.10
2016.05.27 02:13:42.939,1.54802,1.54815,1.00,1.95
2016.05.27 02:13:43.381,1.548,1.54814,1.50,1.07
2016.05.27 02:13:44.698,1.54801,1.54814,1.00,1.07
2016.05.27 02:13:44.901,1.54801,1.54817,1.00,2.25
2016.05.27 02:13:45.155,1.54803,1.54817,1.00,1.95
2016.05.27 02:13:46.592,1.54803,1.5482,1.00,1.57
2016.05.27 02:13:46.643,1.54805,1.5482,1.00,1.20
2016.05.27 02:13:46.951,1.54807,1.54823,1.00,1.20
2016.05.27 02:13:47.003,1.54803,1.54823,1.00,1.27
2016.05.27 02:13:47.105,1.54803,1.54823,1.00,1.95
2016.05.27 02:13:47.411,1.54805,1.54822,1.00,1.12
2016.05.27 02:13:48.309,1.54802,1.54822,1.00,1.12
2016.05.27 02:13:49.108,1.54804,1.54822,1.00,1.87
2016.05.27 02:13:50.512,1.54804,1.54822,1.00,1.17
2016.05.27 02:13:54.460,1.54803,1.54821,1.00,1.10
2016.05.27 02:13:54.962,1.54803,1.54821,1.00,1.15
2016.05.27 02:13:57.406,1.54805,1.54821,1.00,1.15
2016.05.27 02:14:00.400,1.54804,1.54821,1.00,1.52
2016.05.27 02:14:00.539,1.54801,1.54818,1.00,1.00
2016.05.27 02:14:00.894,1.54806,1.54819,1.00,1.20
2016.05.27 02:14:01.099,1.5481,1.54827,1.00,1.17
2016.05.27 02:14:05.509,1.5481,1.54828,1.00,1.17
2016.05.27 02:14:07.137,1.54811,1.54829,1.00,1.20
2016.05.27 02:14:07.874,1.54809,1.54829,1.19,1.20
2016.05.27 02:14:07.976,1.54809,1.54829,1.19,2.25
2016.05.27 02:14:10.924,1.54809,1.54828,1.00,1.75
2016.05.27 02:14:11.832,1.54803,1.5482,1.00,1.00
2016.05.27 02:14:12.346,1.54801,1.54819,2.02,1.00
2016.05.27 02:14:17.570,1.54801,1.54821,1.65,1.00
2016.05.27 02:14:23.305,1.54802,1.54822,1.27,1.00
2016.05.27 02:14:27.953,1.54802,1.54822,1.65,1.00
2016.05.27 02:14:31.740,1.54803,1.54822,1.27,1.00
2016.05.27 02:14:41.851,1.54803,1.54822,1.27,1.00
2016.05.27 02:14:48.475,1.54802,1.54821,1.95,1.00
2016.05.27 02:14:55.503,1.54803,1.54821,1.74,1.00
2016.05.27 02:14:56.019,1.54803,1.54821,1.74,1.00
2016.05.27 02:14:59.283,1.54803,1.54822,1.46,1.00
2016.05.27 02:14:59.334,1.54803,1.5482,1.36,1.00
2016.05.27 02:15:05.800,1.54804,1.54822,1.09,1.00
2016.05.27 02:15:08.997,1.54804,1.54823,1.25,1.00
2016.05.27 02:15:13.821,1.54804,1.54823,1.19,1.00
2016.05.27 02:15:23.631,1.54804,1.54823,1.44,1.00
2016.05.27 02:15:24.461,1.54804,1.54824,1.44,1.00
2016.05.27 02:15:30.628,1.54803,1.54822,1.57,1.00
2016.05.27 02:15:31.891,1.54803,1.54824,2.02,1.00
2016.05.27 02:15:34.748,1.54803,1.54821,1.65,1.00
2016.05.27 02:15:40.350,1.54803,1.54823,2.02,1.00
2016.05.27 02:15:40.705,1.54803,1.5482,1.57,1.00
2016.05.27 02:15:40.858,1.54801,1.54818,1.20,1.00
2016.05.27 02:15:40.960,1.548,1.54818,1.19,1.00
2016.05.27 02:15:41.063,1.54798,1.54818,1.31,1.00
2016.05.27 02:15:41.620,1.54797,1.54818,1.66,1.17
2016.05.27 02:15:42.017,1.54795,1.54815,2.32,1.00
2016.05.27 02:15:42.272,1.54794,1.54814,2.89,1.00
2016.05.27 02:15:45.727,1.54794,1.54815,2.89,1.00
2016.05.27 02:15:47.028,1.54794,1.54815,2.89,1.00
2016.05.27 02:15:47.560,1.54794,1.54815,3.07,1.00
2016.05.27 02:15:47.816,1.54794,1.54811,3.07,1.00
2016.05.27 02:15:49.139,1.54794,1.54811,1.95,1.00
2016.05.27 02:15:51.943,1.54795,1.54811,1.01,1.00
2016.05.27 02:15:52.529,1.54794,1.54811,1.26,1.00
2016.05.27 02:15:52.840,1.54793,1.54808,2.32,1.00
2016.05.27 02:15:53.285,1.54793,1.54808,1.00,1.00
2016.05.27 02:15:53.843,1.54793,1.54808,1.37,1.00
2016.05.27 02:15:54.146,1.54793,1.5481,1.37,1.00
2016.05.27 02:15:56.182,1.54793,1.54811,2.19,1.00
2016.05.27 02:15:56.284,1.54793,1.54813,1.57,1.10
2016.05.27 02:15:58.946,1.54793,1.54813,1.57,1.00
2016.05.27 02:15:59.478,1.54793,1.54813,1.95,1.00
2016.05.27 02:16:02.742,1.54793,1.54812,1.95,1.00
2016.05.27 02:16:03.825,1.54792,1.54809,1.95,1.00
2016.05.27 02:16:06.585,1.54789,1.54807,1.57,1.00
2016.05.27 02:16:06.890,1.5479,1.5481,1.50,1.00
2016.05.27 02:16:07.267,1.5479,1.5481,1.37,1.00
2016.05.27 02:16:07.685,1.5479,1.54808,1.57,1.00
2016.05.27 02:16:08.814,1.5479,1.5481,1.87,1.10
2016.05.27 02:16:09.322,1.54792,1.54811,1.25,1.00
2016.05.27 02:16:10.005,1.54791,1.54811,2.02,1.00
2016.05.27 02:16:10.109,1.54792,1.54811,1.01,1.00
2016.05.27 02:16:10.621,1.54792,1.54811,1.20,1.00
2016.05.27 02:16:19.877,1.54792,1.54811,1.20,1.00
2016.05.27 02:16:21.805,1.54792,1.54811,1.95,1.00
2016.05.27 02:16:22.881,1.54794,1.54812,1.25,1.00
2016.05.27 02:16:23.069,1.54792,1.54812,1.75,1.00
2016.05.27 02:16:28.055,1.54796,1.54814,1.12,1.10
2016.05.27 02:16:28.208,1.54796,1.54817,1.37,1.57
2016.05.27 02:16:28.310,1.548,1.54817,1.00,1.15
2016.05.27 02:16:28.876,1.548,1.54817,1.00,1.00
2016.05.27 02:16:31.343,1.548,1.54819,1.37,1.00
2016.05.27 02:16:31.445,1.54803,1.54819,1.00,1.10
2016.05.27 02:16:35.217,1.54803,1.54819,1.00,1.07
2016.05.27 02:16:35.726,1.54803,1.54819,1.00,1.10
2016.05.27 02:16:41.743,1.54802,1.54819,1.00,1.10
2016.05.27 02:16:44.396,1.54802,1.54823,1.12,1.17
2016.05.27 02:16:44.817,1.54803,1.54823,1.00,1.57
2016.05.27 02:16:45.603,1.54803,1.54823,1.00,1.10
2016.05.27 02:16:48.249,1.54806,1.54826,1.00,1.60
2016.05.27 02:16:57.562,1.54806,1.54826,1.00,2.06
2016.05.27 02:16:58.240,1.54806,1.54825,1.00,1.75
2016.05.27 02:17:06.907,1.54806,1.54824,1.00,1.12
2016.05.27 02:17:08.894,1.54805,1.54824,1.00,1.75
2016.05.27 02:17:14.433,1.54804,1.5482,1.00,1.00
2016.05.27 02:17:18.156,1.54804,1.54822,1.00,1.15
2016.05.27 02:17:18.670,1.54804,1.54822,1.00,1.10
2016.05.27 02:17:24.064,1.54803,1.54822,1.12,1.00
2016.05.27 02:17:24.343,1.54803,1.54822,1.92,1.00
2016.05.27 02:17:24.395,1.54803,1.54822,1.65,1.00
2016.05.27 02:17:24.762,1.54804,1.54824,1.20,1.00
2016.05.27 02:17:24.863,1.54804,1.54824,1.57,1.00
2016.05.27 02:17:25.445,1.54805,1.54824,1.64,1.00
2016.05.27 02:17:26.256,1.54805,1.54825,2.14,1.00
2016.05.27 02:17:29.626,1.54805,1.54823,1.39,1.00
2016.05.27 02:17:30.152,1.54805,1.54823,1.29,1.00
2016.05.27 02:17:30.254,1.54805,1.54825,1.29,1.10
2016.05.27 02:17:31.077,1.54805,1.54824,1.29,1.00
2016.05.27 02:17:32.381,1.54805,1.54824,1.01,1.00
2016.05.27 02:17:32.931,1.54805,1.54823,1.25,1.00
2016.05.27 02:17:33.767,1.54805,1.54823,1.19,1.00
2016.05.27 02:17:34.907,1.54808,1.54824,1.00,1.00
2016.05.27 02:17:34.958,1.54808,1.54826,1.00,1.00
2016.05.27 02:17:35.060,1.54811,1.54826,1.00,1.00
2016.05.27 02:17:35.363,1.54809,1.54826,1.25,1.00
2016.05.27 02:17:36.139,1.5481,1.54826,1.00,1.00
2016.05.27 02:17:39.871,1.5481,1.54828,1.00,1.00
2016.05.27 02:17:41.020,1.5481,1.54829,1.00,1.10
2016.05.27 02:17:41.072,1.54814,1.54833,1.87,1.87
2016.05.27 02:17:41.161,1.54817,1.54835,1.00,1.85
2016.05.27 02:17:41.212,1.54817,1.54835,1.00,1.10
2016.05.27 02:17:41.778,1.54818,1.54835,1.10,1.00
2016.05.27 02:17:47.983,1.54817,1.54838,1.27,1.17
2016.05.27 02:17:48.035,1.54821,1.5484,1.19,1.87
2016.05.27 02:17:50.135,1.54821,1.5484,1.69,1.20
2016.05.27 02:17:50.682,1.54821,1.54842,1.69,1.12
2016.05.27 02:17:56.862,1.54823,1.54842,1.19,1.20
2016.05.27 02:17:57.406,1.54823,1.54842,1.19,1.15
2016.05.27 02:17:58.326,1.54823,1.54842,1.25,1.15
2016.05.27 02:18:09.362,1.54824,1.54843,1.69,1.50
2016.05.27 02:18:09.566,1.54828,1.54846,1.19,1.07
2016.05.27 02:18:09.719,1.54828,1.54847,1.19,1.20
2016.05.27 02:18:25.119,1.54828,1.54846,1.19,1.00
2016.05.27 02:18:26.525,1.54828,1.54847,1.19,1.10
2016.05.27 02:18:27.696,1.54826,1.54847,1.27,1.57
2016.05.27 02:18:28.478,1.54829,1.54847,1.19,1.10
2016.05.27 02:18:28.580,1.54827,1.54847,1.29,1.00
2016.05.27 02:18:29.121,1.54828,1.54846,1.25,1.00
2016.05.27 02:18:31.662,1.5483,1.54846,1.19,1.00
2016.05.27 02:18:33.199,1.54828,1.54846,1.84,1.00
2016.05.27 02:18:33.718,1.54828,1.54847,1.01,1.00
2016.05.27 02:18:35.541,1.54829,1.54847,1.00,1.00
2016.05.27 02:18:38.738,1.54829,1.54845,1.00,1.00
2016.05.27 02:18:47.408,1.5483,1.54845,1.00,1.00
2016.05.27 02:18:50.544,1.54828,1.54845,1.01,1.00
2016.05.27 02:18:50.905,1.54828,1.54843,1.19,1.00
2016.05.27 02:18:51.253,1.54828,1.54841,1.19,1.00
2016.05.27 02:18:51.930,1.54828,1.54843,1.19,1.57
2016.05.27 02:18:53.587,1.54825,1.54843,1.76,1.50
2016.05.27 02:19:02.817,1.54825,1.54844,1.29,1.50
2016.05.27 02:19:11.719,1.54826,1.54844,1.19,1.50
2016.05.27 02:19:15.793,1.54828,1.54844,1.19,1.50
2016.05.27 02:19:30.624,1.5483,1.54845,1.19,1.00
2016.05.27 02:19:41.134,1.5483,1.54846,1.19,1.00
2016.05.27 02:19:46.315,1.5483,1.54844,1.44,1.00
2016.05.27 02:19:46.648,1.54831,1.54846,1.19,1.50
2016.05.27 02:19:51.632,1.54831,1.54845,1.19,1.00
2016.05.27 02:19:55.112,1.54831,1.54846,1.19,1.00
2016.05.27 02:19:55.416,1.54831,1.5485,1.19,1.10
2016.05.27 02:19:59.902,1.54831,1.54851,1.76,1.10
2016.05.27 02:20:00.837,1.54831,1.5485,1.29,1.00
2016.05.27 02:20:01.091,1.54831,1.54848,1.19,1.00
2016.05.27 02:20:04.752,1.5483,1.54848,1.19,1.00
2016.05.27 02:20:15.978,1.54832,1.54848,1.19,1.00
2016.05.27 02:20:20.601,1.54832,1.54852,1.19,1.15
2016.05.27 02:20:21.127,1.54832,1.54852,1.34,1.00
2016.05.27 02:20:23.637,1.54831,1.54852,1.69,1.00
2016.05.27 02:20:24.095,1.5483,1.54847,1.01,1.00
2016.05.27 02:20:25.012,1.54835,1.54847,1.00,1.00
2016.05.27 02:20:25.543,1.5483,1.54847,1.01,1.00
2016.05.27 02:20:28.036,1.54829,1.54847,1.69,1.00
2016.05.27 02:20:28.725,1.54831,1.54847,1.57,1.00
2016.05.27 02:20:29.235,1.54833,1.54847,1.32,1.00
2016.05.27 02:20:29.573,1.54836,1.54847,1.00,1.00
2016.05.27 02:20:29.977,1.54834,1.54847,1.10,1.00
2016.05.27 02:20:35.100,1.54835,1.54847,1.00,1.00
2016.05.27 02:20:36.281,1.54836,1.54847,1.00,1.00
2016.05.27 02:20:40.247,1.54842,1.54847,1.00,1.00
2016.05.27 02:20:40.299,1.54836,1.54856,1.00,1.12
2016.05.27 02:20:40.350,1.54844,1.54856,1.00,1.12
2016.05.27 02:20:40.514,1.54846,1.54861,1.20,1.00
2016.05.27 02:20:40.567,1.5485,1.54863,1.00,1.00
2016.05.27 02:20:40.618,1.5485,1.54867,1.00,1.15
2016.05.27 02:20:40.771,1.54852,1.54867,1.00,1.00
2016.05.27 02:20:41.250,1.54855,1.54867,1.00,1.00
2016.05.27 02:20:45.575,1.54856,1.54869,1.00,1.00
2016.05.27 02:20:46.225,1.54856,1.54868,1.25,1.00
2016.05.27 02:20:49.103,1.54857,1.54869,1.00,1.00
2016.05.27 02:20:49.463,1.54859,1.54869,1.00,1.00
2016.05.27 02:20:49.514,1.54859,1.54873,1.50,1.10
2016.05.27 02:20:49.667,1.54861,1.54873,1.00,1.00
2016.05.27 02:20:49.820,1.54864,1.54878,1.00,1.00
2016.05.27 02:20:50.124,1.54867,1.54879,1.00,1.00
2016.05.27 02:20:50.378,1.54867,1.54882,1.00,1.00
2016.05.27 02:20:51.554,1.54866,1.54882,1.00,1.00
2016.05.27 02:20:52.807,1.54866,1.54882,1.44,1.00
2016.05.27 02:20:54.199,1.54866,1.54882,1.00,1.00
2016.05.27 02:20:55.152,1.54866,1.54881,1.00,1.00
2016.05.27 02:20:55.285,1.54862,1.54879,1.95,1.00
2016.05.27 02:20:55.590,1.54866,1.54874,1.00,1.00
2016.05.27 02:20:55.642,1.54865,1.54878,1.00,1.00
2016.05.27 02:20:55.846,1.54864,1.54883,1.19,1.57
2016.05.27 02:21:06.500,1.54863,1.54881,1.31,1.00
2016.05.27 02:21:07.317,1.54864,1.54881,1.00,1.10
2016.05.27 02:21:07.624,1.54867,1.54884,1.00,1.17
2016.05.27 02:21:08.184,1.54867,1.54884,1.00,1.20
2016.05.27 02:21:14.319,1.54862,1.54882,1.20,1.00
2016.05.27 02:21:14.370,1.54862,1.54881,1.00,1.07
2016.05.27 02:21:14.675,1.54859,1.54875,1.25,1.50
2016.05.27 02:21:15.013,1.54857,1.54873,1.37,1.00
2016.05.27 02:21:15.065,1.54857,1.54873,1.00,1.00
2016.05.27 02:21:17.250,1.54857,1.54875,1.00,1.50
2016.05.27 02:21:19.805,1.54859,1.54875,1.00,1.50
2016.05.27 02:21:20.337,1.54859,1.54874,1.00,1.00
2016.05.27 02:21:23.192,1.54859,1.54875,1.00,1.50
2016.05.27 02:21:27.016,1.54859,1.54873,1.00,1.00
2016.05.27 02:21:29.869,1.54859,1.54875,1.00,1.50
2016.05.27 02:21:30.512,1.54859,1.54875,1.19,1.50
2016.05.27 02:21:35.885,1.54859,1.54874,1.19,1.00
2016.05.27 02:21:39.379,1.54859,1.54875,1.19,1.50
2016.05.27 02:21:41.072,1.54859,1.54873,1.19,1.00
2016.05.27 02:21:48.424,1.5486,1.54875,1.25,1.50
2016.05.27 02:21:52.914,1.54864,1.54881,1.00,2.62
2016.05.27 02:21:52.965,1.54867,1.54883,1.20,1.00
2016.05.27 02:21:53.069,1.54873,1.54886,1.00,1.37
2016.05.27 02:21:53.324,1.54871,1.54886,2.32,1.37
2016.05.27 02:21:53.375,1.54871,1.54886,2.32,1.00
2016.05.27 02:21:56.818,1.54872,1.54886,1.00,1.00
2016.05.27 02:21:57.116,1.54872,1.54884,1.00,1.00
2016.05.27 02:21:57.269,1.5487,1.54884,1.00,1.00
2016.05.27 02:21:57.371,1.54867,1.54884,1.39,1.00
2016.05.27 02:21:58.626,1.54867,1.54883,1.01,1.00
2016.05.27 02:21:58.708,1.54865,1.54878,3.64,1.00
2016.05.27 02:21:58.964,1.5486,1.54874,1.00,1.00
2016.05.27 02:21:59.473,1.54859,1.54874,1.25,1.00
2016.05.27 02:22:00.910,1.54861,1.54874,1.00,1.00
2016.05.27 02:22:00.962,1.54861,1.54876,1.25,1.00
2016.05.27 02:22:01.064,1.54863,1.54876,1.00,1.00
2016.05.27 02:22:05.279,1.54863,1.54874,1.00,1.00
2016.05.27 02:22:11.109,1.54863,1.54875,1.00,1.00
2016.05.27 02:22:13.972,1.54863,1.54875,1.07,1.00
2016.05.27 02:22:14.023,1.54863,1.54877,1.17,1.00
2016.05.27 02:22:15.879,1.54861,1.54875,1.87,1.00
2016.05.27 02:22:16.389,1.54861,1.54875,1.50,1.00
2016.05.27 02:22:16.926,1.54859,1.54874,2.44,1.00
2016.05.27 02:22:17.899,1.54861,1.54874,1.10,1.00
2016.05.27 02:22:27.091,1.54861,1.54875,1.10,1.00
2016.05.27 02:22:33.325,1.54861,1.54876,1.10,1.00
2016.05.27 02:22:33.630,1.54863,1.54876,1.00,1.00
2016.05.27 02:22:33.940,1.54861,1.54874,1.10,1.00
2016.05.27 02:22:34.967,1.54859,1.54874,1.36,1.00
2016.05.27 02:22:35.481,1.54859,1.54873,1.36,1.00
2016.05.27 02:22:35.934,1.5486,1.54877,1.29,1.00
2016.05.27 02:22:36.448,1.54863,1.54877,1.00,1.00
2016.05.27 02:22:38.789,1.54864,1.54877,1.00,1.00
2016.05.27 02:22:39.043,1.54864,1.54879,1.00,1.00
2016.05.27 02:22:39.145,1.54865,1.54881,1.10,1.00
2016.05.27 02:22:39.197,1.54865,1.54881,1.76,1.00
2016.05.27 02:22:39.299,1.54867,1.54884,2.25,1.00
2016.05.27 02:22:39.553,1.54867,1.54881,1.31,1.00
2016.05.27 02:22:39.880,1.54863,1.54878,1.87,1.00
2016.05.27 02:22:40.395,1.54863,1.54878,1.20,1.00
2016.05.27 02:22:41.809,1.54863,1.54878,1.10,1.00
2016.05.27 02:22:43.552,1.54863,1.54878,1.87,1.00
2016.05.27 02:22:45.771,1.54863,1.54878,1.15,1.00
2016.05.27 02:22:49.642,1.54863,1.54884,1.15,1.00
2016.05.27 02:22:55.862,1.54864,1.54884,1.07,1.00
2016.05.27 02:22:58.036,1.54866,1.54888,1.57,1.63
2016.05.27 02:22:58.138,1.54866,1.54886,1.39,1.00
2016.05.27 02:22:58.494,1.54865,1.54884,1.76,1.00
2016.05.27 02:23:00.703,1.54865,1.54883,1.29,1.00
2016.05.27 02:23:03.603,1.54865,1.54881,1.19,1.00
2016.05.27 02:23:03.859,1.54862,1.54881,1.25,1.87
2016.05.27 02:23:03.961,1.54862,1.5488,1.25,1.12
2016.05.27 02:23:08.744,1.54863,1.5488,1.00,1.12
2016.05.27 02:23:08.897,1.54863,1.54881,1.00,1.20
2016.05.27 02:23:08.999,1.54863,1.54881,1.00,1.10
2016.05.27 02:23:21.854,1.54863,1.5488,1.00,1.00
2016.05.27 02:23:22.393,1.54862,1.5488,1.25,1.00
2016.05.27 02:23:30.125,1.54862,1.54883,1.69,1.20
2016.05.27 02:23:31.708,1.5486,1.54882,2.44,1.57
2016.05.27 02:23:38.731,1.5486,1.54882,2.44,2.06
2016.05.27 02:23:47.955,1.54859,1.54882,1.19,2.06
2016.05.27 02:23:55.422,1.54859,1.54883,1.09,2.06
2016.05.27 02:23:56.313,1.54859,1.54881,1.19,1.20
2016.05.27 02:24:03.785,1.54859,1.54882,2.51,1.57
2016.05.27 02:24:03.989,1.5486,1.54881,1.19,1.57
2016.05.27 02:24:05.787,1.54858,1.54881,1.19,2.25
2016.05.27 02:24:18.196,1.54858,1.54881,1.19,1.87
2016.05.27 02:24:21.002,1.54856,1.5488,3.56,1.87
2016.05.27 02:24:21.523,1.54856,1.54879,3.19,1.12
2016.05.27 02:24:23.720,1.54857,1.54879,1.19,1.12
2016.05.27 02:24:38.818,1.54856,1.5488,3.26,1.12
2016.05.27 02:24:40.303,1.54856,1.5488,3.34,1.20
2016.05.27 02:24:45.052,1.54856,1.54879,1.84,1.36
2016.05.27 02:24:45.621,1.54856,1.54879,1.69,1.69
2016.05.27 02:24:49.025,1.54856,1.54879,1.00,1.31
2016.05.27 02:24:49.575,1.54854,1.54877,2.14,1.17
2016.05.27 02:24:58.167,1.54856,1.54877,1.00,1.17
2016.05.27 02:24:59.232,1.54856,1.54879,1.20,1.20
2016.05.27 02:25:00.705,1.54856,1.5488,1.17,1.76
2016.05.27 02:25:00.756,1.54856,1.5488,1.20,1.36
2016.05.27 02:25:04.119,1.54855,1.54879,1.56,1.20
2016.05.27 02:25:04.170,1.54854,1.54879,1.76,1.87
2016.05.27 02:25:06.694,1.54854,1.54879,2.14,1.87
2016.05.27 02:25:14.474,1.54854,1.54878,1.29,1.20
2016.05.27 02:25:15.077,1.54854,1.54878,1.66,1.20
2016.05.27 02:25:18.859,1.5486,1.54879,1.00,1.12
2016.05.27 02:25:21.422,1.54862,1.54879,1.00,1.12
2016.05.27 02:25:21.574,1.54862,1.54881,1.00,1.34
2016.05.27 02:25:22.455,1.54863,1.54882,1.00,1.39
2016.05.27 02:25:38.782,1.54864,1.54883,1.00,1.87
2016.05.27 02:25:44.046,1.54863,1.54883,1.00,1.87
2016.05.27 02:25:46.099,1.54863,1.54882,1.00,1.20
2016.05.27 02:25:46.650,1.54862,1.54882,1.00,1.95
2016.05.27 02:25:48.208,1.54862,1.54882,1.00,1.95
2016.05.27 02:25:48.670,1.54862,1.5488,1.00,1.07
2016.05.27 02:25:49.243,1.54862,1.5488,1.00,1.20
2016.05.27 02:25:52.826,1.54868,1.54882,1.10,1.12
2016.05.27 02:25:52.929,1.54876,1.54891,1.00,1.57
2016.05.27 02:25:53.031,1.54874,1.54894,1.10,1.10
2016.05.27 02:25:53.559,1.54872,1.54889,1.10,1.37
2016.05.27 02:25:53.766,1.54866,1.54888,1.09,1.44
2016.05.27 02:25:53.918,1.54867,1.54887,1.75,1.25
2016.05.27 02:25:54.350,1.54869,1.5489,1.07,1.10
2016.05.27 02:25:56.980,1.54872,1.54891,1.00,1.32
2016.05.27 02:25:57.316,1.54876,1.54893,1.00,1.17
2016.05.27 02:25:57.819,1.54876,1.54893,1.00,1.20
2016.05.27 02:26:00.103,1.54872,1.54893,1.29,1.09
2016.05.27 02:26:00.154,1.54872,1.54893,1.29,1.20
2016.05.27 02:26:00.698,1.54871,1.54891,1.20,1.07
2016.05.27 02:26:00.956,1.54864,1.54883,1.19,1.00
2016.05.27 02:26:01.483,1.54864,1.54882,1.19,1.00
2016.05.27 02:26:02.175,1.54864,1.54882,1.00,1.00
2016.05.27 02:26:04.774,1.54863,1.54882,1.12,1.00
2016.05.27 02:26:04.876,1.54868,1.54888,1.00,2.25
2016.05.27 02:26:05.029,1.54868,1.54887,1.27,1.00
2016.05.27 02:26:05.234,1.54865,1.54886,1.17,1.17
2016.05.27 02:26:05.337,1.54865,1.54883,1.87,1.00
2016.05.27 02:26:05.439,1.54865,1.54882,1.17,1.00
2016.05.27 02:26:05.541,1.54861,1.54882,1.69,1.00
2016.05.27 02:26:06.065,1.54861,1.54882,1.40,1.00
2016.05.27 02:26:07.067,1.5486,1.5488,1.57,1.00
2016.05.27 02:26:07.291,1.54857,1.54879,1.39,1.00
2016.05.27 02:26:07.860,1.54857,1.54879,1.34,1.20
2016.05.27 02:26:09.435,1.54857,1.54879,2.14,1.10
2016.05.27 02:26:10.391,1.54857,1.5488,4.12,1.10
2016.05.27 02:26:10.736,1.5486,1.54881,2.14,1.10
2016.05.27 02:26:12.057,1.5486,1.54881,1.39,1.10
2016.05.27 02:26:12.574,1.5486,1.54881,1.39,1.17
2016.05.27 02:26:13.114,1.5486,1.54879,1.39,1.00
2016.05.27 02:26:14.142,1.54859,1.54879,1.01,1.07
2016.05.27 02:26:17.047,1.54857,1.54879,2.51,1.07
2016.05.27 02:26:31.433,1.54859,1.54879,1.12,1.20
2016.05.27 02:26:34.367,1.54861,1.54878,1.00,1.07
2016.05.27 02:26:34.419,1.54861,1.5488,1.00,1.10
2016.05.27 02:26:34.615,1.54857,1.54879,2.32,1.00
2016.05.27 02:26:34.667,1.54857,1.54877,1.57,1.00
2016.05.27 02:26:34.769,1.54857,1.54877,1.20,1.10
2016.05.27 02:26:35.075,1.54857,1.54877,1.12,1.20
2016.05.27 02:26:44.477,1.54857,1.54874,1.50,1.00
2016.05.27 02:26:44.783,1.5484,1.54848,1.19,1.75
2016.05.27 02:26:44.834,1.54834,1.54848,1.20,1.75
2016.05.27 02:26:44.885,1.54832,1.54847,1.00,1.10
2016.05.27 02:26:44.937,1.5483,1.54846,1.00,1.00
2016.05.27 02:26:44.988,1.54827,1.54846,1.50,1.00
2016.05.27 02:26:45.554,1.54827,1.5485,1.87,1.87
2016.05.27 02:26:46.062,1.54829,1.5485,1.00,1.15
2016.05.27 02:26:46.570,1.54828,1.54845,1.20,1.00
2016.05.27 02:26:46.622,1.54828,1.54848,1.20,1.00
2016.05.27 02:26:47.126,1.54827,1.54851,2.77,1.50
2016.05.27 02:26:47.177,1.5483,1.54852,1.45,1.10
2016.05.27 02:26:47.279,1.54832,1.54854,1.55,1.00
2016.05.27 02:26:48.119,1.54832,1.54848,1.52,1.00
2016.05.27 02:26:48.272,1.54824,1.54843,1.50,1.15
2016.05.27 02:26:48.383,1.54819,1.54842,2.62,1.20
2016.05.27 02:26:48.434,1.54819,1.5484,1.87,1.00
2016.05.27 02:26:48.739,1.54817,1.54839,1.95,1.20
2016.05.27 02:26:49.298,1.54817,1.54839,1.95,1.20
2016.05.27 02:26:50.178,1.54817,1.54839,1.57,1.20
2016.05.27 02:26:51.862,1.54817,1.54837,1.50,1.87
2016.05.27 02:26:52.184,1.54817,1.54837,1.87,1.87
2016.05.27 02:26:52.391,1.54817,1.54837,1.50,1.87
2016.05.27 02:26:52.914,1.54816,1.54835,1.50,1.12
2016.05.27 02:26:53.311,1.54814,1.54835,1.00,1.12
2016.05.27 02:26:53.920,1.54816,1.54836,1.37,1.12
2016.05.27 02:26:55.328,1.54817,1.5483,1.12,1.00
2016.05.27 02:26:57.321,1.54813,1.5483,1.00,1.00
2016.05.27 02:27:02.276,1.54813,1.54832,1.00,1.00
2016.05.27 02:27:02.784,1.54813,1.54829,1.00,1.00
2016.05.27 02:27:04.522,1.54813,1.5482,1.00,1.00
2016.05.27 02:27:04.573,1.54813,1.5482,1.00,1.00
2016.05.27 02:27:04.675,1.54804,1.54829,1.00,1.37
2016.05.27 02:27:04.727,1.54804,1.54829,1.56,1.50
2016.05.27 02:27:04.778,1.5481,1.54829,1.75,1.50
2016.05.27 02:27:04.830,1.54811,1.54833,1.82,1.00
2016.05.27 02:27:04.881,1.54815,1.54833,1.12,1.00
2016.05.27 02:27:04.933,1.54817,1.54839,1.92,1.00
2016.05.27 02:27:05.035,1.5483,1.54851,1.37,1.12
2016.05.27 02:27:05.086,1.54831,1.54851,1.87,1.12
2016.05.27 02:27:05.138,1.54831,1.54858,2.25,1.50
2016.05.27 02:27:05.189,1.54835,1.54858,1.12,1.00
2016.05.27 02:27:05.522,1.54835,1.54858,1.95,1.20
2016.05.27 02:27:05.676,1.54835,1.54858,1.20,1.10
2016.05.27 02:27:06.438,1.54835,1.54858,1.50,2.25
2016.05.27 02:27:09.576,1.54835,1.54858,1.12,2.25
2016.05.27 02:27:10.094,1.54834,1.54858,1.10,1.20
2016.05.27 02:27:10.595,1.54834,1.54855,1.10,1.00
2016.05.27 02:27:11.681,1.54834,1.54855,1.00,1.07
2016.05.27 02:27:13.818,1.54834,1.54855,1.17,1.10
2016.05.27 02:27:14.505,1.54832,1.54848,1.50,1.00
2016.05.27 02:27:14.658,1.54821,1.5484,1.00,1.00
2016.05.27 02:27:14.710,1.54821,1.54836,1.00,1.00
2016.05.27 02:27:14.761,1.54817,1.54836,1.25,1.00
2016.05.27 02:27:14.813,1.54817,1.54832,1.25,1.00
2016.05.27 02:27:15.338,1.54816,1.54832,1.00,1.00
2016.05.27 02:27:15.885,1.54817,1.54832,1.00,1.00
2016.05.27 02:27:18.062,1.54817,1.54833,1.00,1.00
2016.05.27 02:27:19.414,1.54817,1.54835,1.00,1.00
2016.05.27 02:27:23.258,1.54817,1.54835,1.50,1.00
2016.05.27 02:27:23.372,1.54817,1.54835,1.50,1.00
2016.05.27 02:27:26.461,1.54817,1.54835,1.95,1.00
2016.05.27 02:27:27.902,1.54818,1.54837,1.31,1.00
2016.05.27 02:27:29.777,1.5482,1.54837,1.00,1.00
2016.05.27 02:27:30.310,1.54818,1.54837,1.31,1.00
2016.05.27 02:27:34.663,1.54818,1.54838,1.50,1.00
2016.05.27 02:27:36.263,1.54818,1.54837,1.31,1.00
2016.05.27 02:27:36.774,1.54818,1.54839,1.31,1.00
2016.05.27 02:27:36.876,1.54818,1.54839,1.31,1.00
2016.05.27 02:27:37.421,1.54819,1.5484,2.21,1.00
2016.05.27 02:27:38.071,1.54819,1.5484,2.21,1.00
2016.05.27 02:27:38.575,1.54819,1.5484,2.40,1.00
2016.05.27 02:27:39.126,1.5482,1.5484,1.01,1.00
2016.05.27 02:27:39.676,1.54819,1.5484,1.92,1.00
2016.05.27 02:27:40.625,1.54819,1.54843,2.02,1.17
2016.05.27 02:27:41.134,1.54823,1.54843,1.39,1.10
2016.05.27 02:27:44.664,1.54823,1.54842,1.01,1.00
2016.05.27 02:27:49.649,1.54823,1.54841,1.00,1.00
2016.05.27 02:27:55.262,1.54822,1.54841,1.69,1.00
2016.05.27 02:27:55.580,1.54811,1.5483,1.20,1.00
2016.05.27 02:27:55.683,1.54811,1.54827,1.12,1.00
2016.05.27 02:27:55.836,1.54813,1.54827,1.01,1.00
2016.05.27 02:27:55.938,1.54815,1.54827,1.12,1.00
2016.05.27 02:27:56.395,1.54812,1.54827,1.12,1.00
2016.05.27 02:27:56.497,1.54811,1.54826,1.12,1.00
2016.05.27 02:27:56.599,1.54808,1.54824,2.06,1.00
2016.05.27 02:27:56.891,1.54806,1.54824,1.12,1.00
2016.05.27 02:27:57.423,1.54805,1.54824,1.12,1.00
2016.05.27 02:27:58.324,1.54805,1.54822,1.12,1.00
2016.05.27 02:27:58.477,1.54804,1.54822,1.39,1.00
2016.05.27 02:28:07.353,1.54802,1.54822,1.57,1.00
2016.05.27 02:28:07.506,1.54802,1.54817,1.57,1.00
2016.05.27 02:28:07.709,1.54802,1.54817,1.00,1.00
2016.05.27 02:28:07.913,1.54802,1.5482,1.10,1.00
2016.05.27 02:28:08.511,1.54802,1.54818,1.10,1.00
2016.05.27 02:28:09.207,1.54802,1.54819,1.10,1.00
2016.05.27 02:28:09.715,1.54802,1.54819,1.17,1.00
2016.05.27 02:28:11.605,1.54802,1.54821,1.17,1.00
2016.05.27 02:28:15.158,1.54806,1.54825,1.00,1.10
2016.05.27 02:28:16.152,1.54811,1.54827,1.00,1.20
2016.05.27 02:28:23.384,1.54813,1.54828,1.00,1.50
2016.05.27 02:28:24.190,1.54813,1.54829,1.00,1.82
2016.05.27 02:28:28.385,1.54812,1.54829,1.00,1.82
2016.05.27 02:28:30.259,1.54811,1.54829,1.00,1.45
2016.05.27 02:28:31.311,1.54811,1.54829,1.00,1.12
2016.05.27 02:28:31.413,1.54809,1.54828,1.00,1.15
2016.05.27 02:28:31.566,1.54808,1.54828,1.00,1.87
2016.05.27 02:28:32.245,1.54806,1.54828,1.00,1.87
2016.05.27 02:28:32.763,1.54806,1.54824,1.00,1.00
2016.05.27 02:28:35.963,1.54806,1.54823,1.00,1.00
2016.05.27 02:28:36.014,1.54803,1.54823,1.00,1.37
2016.05.27 02:28:36.065,1.54803,1.54822,1.10,1.75
2016.05.27 02:28:36.218,1.54805,1.54822,1.00,1.27
2016.05.27 02:28:36.522,1.54807,1.54824,1.00,1.07
2016.05.27 02:28:36.624,1.54808,1.54825,1.00,1.65
2016.05.27 02:28:36.748,1.5481,1.54825,1.00,1.50
2016.05.27 02:28:41.688,1.5482,1.54825,1.00,1.00
2016.05.27 02:28:41.791,1.54823,1.54835,1.00,1.00
2016.05.27 02:28:41.894,1.54826,1.54842,1.00,1.00
2016.05.27 02:28:42.149,1.54828,1.54842,1.00,1.00
2016.05.27 02:28:42.250,1.54828,1.54845,1.00,1.12
2016.05.27 02:28:45.184,1.54828,1.54845,1.00,1.50
2016.05.27 02:28:46.972,1.54829,1.54845,1.00,1.81
2016.05.27 02:28:47.023,1.54829,1.54845,1.00,1.00
2016.05.27 02:28:49.125,1.54828,1.54845,1.00,1.50
2016.05.27 02:28:49.279,1.54827,1.54845,1.00,3.37
2016.05.27 02:28:50.284,1.54828,1.54845,1.00,2.62
2016.05.27 02:28:56.053,1.54826,1.54845,1.00,2.62
2016.05.27 02:28:56.104,1.54826,1.5484,1.00,1.75
2016.05.27 02:28:56.533,1.54827,1.54844,1.00,1.50
2016.05.27 02:28:57.927,1.54826,1.54844,1.00,1.50
2016.05.27 02:29:01.545,1.54828,1.54844,1.00,1.12
2016.05.27 02:29:02.306,1.54829,1.54844,1.00,1.12
2016.05.27 02:29:02.560,1.54829,1.54845,1.00,1.17
2016.05.27 02:29:03.156,1.54829,1.54845,1.00,1.10
2016.05.27 02:29:06.422,1.54827,1.54845,1.00,1.10
2016.05.27 02:29:10.464,1.5483,1.54845,1.00,1.10
2016.05.27 02:29:11.720,1.5483,1.54845,1.00,1.20
2016.05.27 02:29:11.771,1.54828,1.54845,1.00,1.20
2016.05.27 02:29:14.899,1.54827,1.54845,1.00,1.20
2016.05.27 02:29:25.247,1.54827,1.54845,1.00,2.81
2016.05.27 02:29:27.333,1.54825,1.54845,1.00,1.76
2016.05.27 02:29:27.495,1.54825,1.54844,1.00,1.85
2016.05.27 02:29:27.857,1.54823,1.54841,1.00,1.20
2016.05.27 02:29:28.010,1.54822,1.5484,1.00,1.60
2016.05.27 02:29:28.061,1.54819,1.5484,1.00,1.60
2016.05.27 02:29:28.112,1.54819,1.54838,1.00,1.12
2016.05.27 02:29:28.620,1.54819,1.54836,1.00,1.12
2016.05.27 02:29:29.001,1.54819,1.54836,1.00,1.00
2016.05.27 02:29:30.671,1.54822,1.54836,1.00,1.00
2016.05.27 02:29:31.184,1.54823,1.54836,1.00,1.00
2016.05.27 02:29:33.109,1.54823,1.54837,1.00,1.00
2016.05.27 02:29:33.262,1.54824,1.54839,1.00,1.00
2016.05.27 02:29:33.465,1.54824,1.54843,1.00,4.65
2016.05.27 02:29:33.980,1.54824,1.54841,1.00,1.00
2016.05.27 02:29:34.031,1.54827,1.54841,1.00,1.00
2016.05.27 02:29:34.235,1.54827,1.54843,1.00,1.27
2016.05.27 02:29:34.691,1.54829,1.54843,1.00,1.20
2016.05.27 02:29:34.895,1.54827,1.54843,1.00,1.00
2016.05.27 02:29:35.281,1.54827,1.54838,1.00,1.00
2016.05.27 02:29:37.016,1.54824,1.54838,1.00,1.00
2016.05.27 02:29:38.207,1.54826,1.54838,1.00,1.00
2016.05.27 02:29:38.945,1.54826,1.54843,1.00,1.20
2016.05.27 02:29:39.637,1.54827,1.54843,1.00,1.10
2016.05.27 02:29:44.308,1.54828,1.54843,1.00,1.00
2016.05.27 02:29:45.141,1.54829,1.54843,1.00,1.00
2016.05.27 02:29:46.945,1.54826,1.54843,1.00,1.00
2016.05.27 02:29:47.453,1.54826,1.54843,1.00,1.15
2016.05.27 02:29:49.129,1.54823,1.54842,1.00,1.00
2016.05.27 02:29:50.612,1.54825,1.54842,1.00,1.00
2016.05.27 02:29:54.118,1.54823,1.54842,1.00,1.10
2016.05.27 02:29:54.473,1.54823,1.54839,1.00,1.00
2016.05.27 02:29:55.329,1.54825,1.54839,1.00,1.00
2016.05.27 02:29:55.684,1.54823,1.54839,1.00,1.00
2016.05.27 02:29:59.938,1.54825,1.54839,1.00,1.00
2016.05.27 02:30:00.254,1.54827,1.54839,1.00,1.00
2016.05.27 02:30:00.863,1.54826,1.54839,1.00,1.00
2016.05.27 02:30:01.944,1.54827,1.54839,1.00,1.00
2016.05.27 02:30:02.293,1.54829,1.54839,1.00,1.00
2016.05.27 02:30:02.617,1.54826,1.54839,1.00,1.00
2016.05.27 02:30:03.126,1.54825,1.54839,1.00,1.00
2016.05.27 02:30:04.249,1.54824,1.54839,1.00,1.00
2016.05.27 02:30:12.796,1.54825,1.54839,1.00,1.00
2016.05.27 02:30:13.330,1.54824,1.54839,1.00,1.00
2016.05.27 02:30:13.382,1.54824,1.54842,1.00,1.76
2016.05.27 02:30:13.433,1.54827,1.54842,1.00,1.01
2016.05.27 02:30:14.310,1.54825,1.54843,1.00,1.39
2016.05.27 02:30:14.362,1.54823,1.54838,1.00,1.00
2016.05.27 02:30:18.401,1.54822,1.54839,1.00,1.12
2016.05.27 02:30:18.708,1.5482,1.54835,1.00,1.00
2016.05.27 02:30:19.013,1.5482,1.54833,1.00,1.00
2016.05.27 02:30:20.065,1.5482,1.54835,1.00,1.00
2016.05.27 02:30:20.167,1.54822,1.54835,1.00,1.00
2016.05.27 02:30:22.207,1.54821,1.54835,1.00,1.10
2016.05.27 02:30:23.381,1.54822,1.54835,1.00,1.10
2016.05.27 02:30:26.182,1.5482,1.54835,1.50,1.10
2016.05.27 02:30:26.505,1.54823,1.54838,1.00,1.12
2016.05.27 02:30:26.557,1.54824,1.54842,1.00,1.20
2016.05.27 02:30:26.661,1.54824,1.54845,1.00,2.62
2016.05.27 02:30:26.814,1.54826,1.54846,1.00,3.75
2016.05.27 02:30:27.326,1.54827,1.54846,1.50,1.82
2016.05.27 02:30:29.285,1.54826,1.54846,1.00,1.50
2016.05.27 02:30:30.102,1.54826,1.54845,1.00,1.27
2016.05.27 02:30:31.248,1.54826,1.54846,1.00,1.45
2016.05.27 02:30:31.802,1.54831,1.54847,1.00,2.32
2016.05.27 02:30:31.955,1.54835,1.54855,1.00,2.32
2016.05.27 02:30:32.057,1.54837,1.54855,1.00,1.17
2016.05.27 02:30:32.584,1.54837,1.54857,1.00,2.02
2016.05.27 02:30:33.092,1.54836,1.54855,1.00,1.20
2016.05.27 02:30:36.166,1.54838,1.54857,1.00,2.25
2016.05.27 02:30:37.231,1.54838,1.54857,1.00,2.25
2016.05.27 02:30:38.469,1.54838,1.54857,1.00,2.25
2016.05.27 02:30:41.087,1.54838,1.54857,1.00,1.10
2016.05.27 02:30:41.749,1.54839,1.54857,1.00,1.10
2016.05.27 02:30:43.259,1.54839,1.54857,1.00,1.47
2016.05.27 02:30:48.137,1.5484,1.54857,1.00,1.85
2016.05.27 02:30:48.663,1.5484,1.54857,1.00,1.57
2016.05.27 02:30:49.081,1.54838,1.54857,1.00,2.32
2016.05.27 02:30:49.183,1.54838,1.54857,1.00,2.32
2016.05.27 02:30:50.006,1.54838,1.54857,1.00,2.62
2016.05.27 02:30:51.018,1.54838,1.54857,1.00,2.62
2016.05.27 02:30:52.534,1.54839,1.54856,1.00,1.00
2016.05.27 02:30:52.788,1.54839,1.54858,1.10,1.12
2016.05.27 02:30:52.839,1.54841,1.54858,1.00,1.12
2016.05.27 02:30:54.326,1.54842,1.5486,1.00,1.37
2016.05.27 02:30:54.529,1.54844,1.54863,1.17,1.00
2016.05.27 02:30:54.682,1.54844,1.54863,1.57,1.50
2016.05.27 02:30:55.192,1.54844,1.54865,2.25,1.37
2016.05.27 02:30:57.359,1.54842,1.54863,1.10,1.12
2016.05.27 02:30:57.410,1.54842,1.54863,1.10,1.75
2016.05.27 02:30:57.998,1.54842,1.54861,1.07,1.50
2016.05.27 02:30:58.151,1.54845,1.54864,1.00,2.32
2016.05.27 02:30:58.202,1.54845,1.54864,1.00,1.95
2016.05.27 02:30:58.797,1.54845,1.54864,1.00,1.12
2016.05.27 02:31:02.024,1.54845,1.54863,1.00,1.00
2016.05.27 02:31:02.534,1.54845,1.54864,1.00,1.00
2016.05.27 02:31:02.698,1.54848,1.54864,1.00,1.00
2016.05.27 02:31:02.902,1.5485,1.54873,1.17,1.95
2016.05.27 02:31:02.953,1.5485,1.54873,1.87,1.37
2016.05.27 02:31:03.456,1.54853,1.54875,1.10,1.87
2016.05.27 02:31:03.610,1.54853,1.54875,1.10,1.12
2016.05.27 02:31:04.118,1.54854,1.54875,1.10,1.12
2016.05.27 02:31:11.847,1.54853,1.54865,1.17,1.00
2016.05.27 02:31:12.000,1.54841,1.54864,1.20,1.45
2016.05.27 02:31:12.508,1.5484,1.54862,2.62,1.75
2016.05.27 02:31:12.610,1.54842,1.54863,1.17,1.00
2016.05.27 02:31:15.810,1.54842,1.54864,1.17,1.00
2016.05.27 02:31:16.217,1.54842,1.54865,1.17,3.75
2016.05.27 02:31:16.650,1.54842,1.54864,1.17,1.00
2016.05.27 02:31:18.216,1.54842,1.54865,1.17,3.00
2016.05.27 02:31:19.819,1.54842,1.54864,1.17,1.37
2016.05.27 02:31:20.339,1.54842,1.54864,1.20,1.27
2016.05.27 02:31:20.837,1.54842,1.54864,1.20,1.20
2016.05.27 02:31:21.121,1.54842,1.54865,1.20,3.90
2016.05.27 02:31:21.375,1.54842,1.54864,1.20,1.27
2016.05.27 02:31:21.426,1.54842,1.54864,1.20,1.47
2016.05.27 02:31:21.579,1.54842,1.54865,1.20,3.82
2016.05.27 02:31:22.141,1.54842,1.54864,1.20,1.10
2016.05.27 02:31:23.174,1.54842,1.54864,1.20,1.47
2016.05.27 02:31:23.652,1.54842,1.54864,1.17,1.10
2016.05.27 02:31:25.226,1.54842,1.54864,1.17,1.57
2016.05.27 02:31:25.832,1.54842,1.54864,1.17,1.57
2016.05.27 02:31:26.661,1.54842,1.54863,1.17,1.25
2016.05.27 02:31:27.174,1.54842,1.54862,1.17,1.00
2016.05.27 02:31:27.687,1.54842,1.54863,1.17,1.31
2016.05.27 02:31:30.057,1.54842,1.54863,1.17,1.00
2016.05.27 02:31:31.192,1.54842,1.54864,1.17,1.01
2016.05.27 02:31:31.344,1.54842,1.54864,1.17,1.39
2016.05.27 02:31:31.982,1.54842,1.54864,1.17,1.95
2016.05.27 02:31:32.887,1.54842,1.54864,1.17,1.95
2016.05.27 02:31:35.543,1.54842,1.54863,1.17,1.25
2016.05.27 02:31:36.080,1.54842,1.54864,1.20,1.81
2016.05.27 02:31:36.501,1.54842,1.54864,1.10,1.57
2016.05.27 02:31:36.653,1.54841,1.54863,1.17,1.94
2016.05.27 02:31:37.009,1.54841,1.54863,1.20,2.14
2016.05.27 02:31:37.661,1.54841,1.54863,1.20,1.84
2016.05.27 02:31:37.829,1.54841,1.54857,1.20,1.00
2016.05.27 02:31:37.962,1.54841,1.54862,1.20,1.69
2016.05.27 02:31:38.488,1.54839,1.5486,1.12,1.50
2016.05.27 02:31:38.704,1.54838,1.5486,1.12,1.00
2016.05.27 02:31:39.673,1.54838,1.5486,1.12,1.31
2016.05.27 02:31:40.265,1.54837,1.5486,1.50,1.19
2016.05.27 02:31:40.941,1.54837,1.5486,1.50,1.00
2016.05.27 02:31:41.043,1.54838,1.5486,1.12,1.00
2016.05.27 02:31:43.330,1.54838,1.54859,1.12,1.00
2016.05.27 02:31:44.979,1.54838,1.54861,1.87,1.50
2016.05.27 02:31:45.501,1.54838,1.54861,1.87,1.50
2016.05.27 02:31:45.829,1.54838,1.54861,1.87,2.00
2016.05.27 02:31:46.508,1.54838,1.54859,1.15,1.37
2016.05.27 02:31:47.213,1.54838,1.54859,1.15,1.12
2016.05.27 02:31:48.081,1.54838,1.54859,1.15,1.37
2016.05.27 02:31:48.710,1.54838,1.54859,1.15,1.00
2016.05.27 02:31:48.886,1.54838,1.54859,1.15,1.37
2016.05.27 02:31:49.392,1.54832,1.54851,2.62,1.37
2016.05.27 02:31:49.443,1.54832,1.5485,1.50,1.37
2016.05.27 02:31:49.495,1.54827,1.54849,2.00,1.12
2016.05.27 02:31:49.546,1.54827,1.54846,1.75,1.00
2016.05.27 02:31:49.598,1.54823,1.54846,2.10,1.00
2016.05.27 02:31:49.700,1.54821,1.54846,2.25,1.25
2016.05.27 02:31:50.210,1.54822,1.54846,1.95,1.01
2016.05.27 02:31:50.261,1.54824,1.54848,1.12,1.50
2016.05.27 02:31:50.312,1.54824,1.54848,1.12,1.12
2016.05.27 02:31:50.465,1.54826,1.54848,1.12,1.12
2016.05.27 02:31:50.973,1.54827,1.54849,1.12,1.00
2016.05.27 02:31:51.126,1.54828,1.54852,1.20,2.44
2016.05.27 02:31:51.229,1.54829,1.54852,1.87,1.56
2016.05.27 02:31:52.246,1.54829,1.54851,1.00,1.25
2016.05.27 02:31:52.449,1.54827,1.5485,1.00,1.37
2016.05.27 02:31:52.755,1.54826,1.54847,1.50,1.32
2016.05.27 02:31:53.096,1.54826,1.54849,1.10,1.20
2016.05.27 02:31:53.402,1.54825,1.54844,1.00,1.12
2016.05.27 02:31:53.555,1.54824,1.54847,1.00,1.69
2016.05.27 02:31:54.074,1.54824,1.54847,1.00,1.25
2016.05.27 02:31:54.125,1.54826,1.54847,1.00,1.25
2016.05.27 02:31:59.317,1.54827,1.54847,1.00,1.25
2016.05.27 02:32:03.453,1.54828,1.54847,1.00,1.00
2016.05.27 02:32:06.080,1.54827,1.54847,1.00,1.25
2016.05.27 02:32:09.734,1.54828,1.54847,1.00,1.00
2016.05.27 02:32:10.450,1.54827,1.54847,1.00,1.00
2016.05.27 02:32:24.625,1.54824,1.54845,1.95,1.00
2016.05.27 02:32:24.931,1.5481,1.54834,1.95,1.31
2016.05.27 02:32:25.033,1.54811,1.54834,1.12,1.31
2016.05.27 02:32:25.338,1.54813,1.54834,1.12,1.31
2016.05.27 02:32:25.814,1.54812,1.54834,1.12,2.06
2016.05.27 02:32:26.001,1.5481,1.54834,2.25,2.44
2016.05.27 02:32:26.562,1.5481,1.54834,2.25,2.25
2016.05.27 02:32:32.633,1.54813,1.54834,1.12,1.12
2016.05.27 02:32:33.145,1.54814,1.54834,1.12,1.00
2016.05.27 02:32:34.918,1.54815,1.54834,1.12,1.00
2016.05.27 02:32:36.898,1.54816,1.54834,1.12,1.00
2016.05.27 02:32:38.090,1.54814,1.54834,1.12,1.00
2016.05.27 02:32:41.342,1.54816,1.5484,1.17,1.39
2016.05.27 02:32:41.495,1.5482,1.5484,1.12,1.19
2016.05.27 02:32:41.648,1.54819,1.5484,1.12,1.94
2016.05.27 02:32:41.801,1.54819,1.54842,1.12,1.50
2016.05.27 02:32:41.929,1.54817,1.54843,1.39,2.25
2016.05.27 02:32:41.980,1.54818,1.54843,2.00,1.20
2016.05.27 02:32:42.790,1.54819,1.54842,1.50,1.00
2016.05.27 02:32:43.358,1.54819,1.54842,1.17,1.10
2016.05.27 02:32:43.849,1.5482,1.54845,1.50,1.87
2016.05.27 02:32:44.353,1.54821,1.54846,1.50,1.87
2016.05.27 02:32:50.981,1.5482,1.54843,3.00,1.00
2016.05.27 02:32:53.182,1.54822,1.54843,1.12,1.00
2016.05.27 02:32:55.462,1.5482,1.54843,2.06,1.00
2016.05.27 02:33:02.115,1.54825,1.54846,1.00,1.20
2016.05.27 02:33:02.218,1.54825,1.54849,1.17,1.95
2016.05.27 02:33:02.421,1.54826,1.54851,1.50,1.27
2016.05.27 02:33:02.725,1.54825,1.54848,1.12,1.10
2016.05.27 02:33:03.621,1.54825,1.54849,1.20,1.57
2016.05.27 02:33:10.716,1.54825,1.54849,1.20,1.95
2016.05.27 02:33:11.233,1.54825,1.54849,1.20,2.32
2016.05.27 02:33:12.939,1.54823,1.54847,2.62,1.00
2016.05.27 02:33:13.446,1.54823,1.54847,2.62,1.37
2016.05.27 02:33:15.273,1.54823,1.54847,2.62,1.65
2016.05.27 02:33:17.010,1.54823,1.54847,2.62,1.00
2016.05.27 02:33:21.123,1.54823,1.54847,2.32,1.20
2016.05.27 02:33:24.072,1.54822,1.54845,1.20,1.07
2016.05.27 02:33:26.090,1.54822,1.54844,1.00,2.25
2016.05.27 02:33:26.959,1.54821,1.54845,1.15,1.27
2016.05.27 02:33:44.645,1.54823,1.54846,1.00,2.44
2016.05.27 02:33:53.952,1.5483,1.54846,1.25,1.45
2016.05.27 02:33:54.105,1.54832,1.54856,1.57,1.25
2016.05.27 02:33:54.319,1.54834,1.54856,1.75,1.62
2016.05.27 02:33:54.472,1.54831,1.54854,1.87,1.27
2016.05.27 02:33:55.004,1.54831,1.54854,1.87,1.57
2016.05.27 02:33:55.511,1.54831,1.54854,1.20,1.95
2016.05.27 02:33:56.028,1.54831,1.54854,1.87,1.57
2016.05.27 02:33:56.332,1.54831,1.54856,1.87,1.01
2016.05.27 02:33:57.320,1.54831,1.54856,1.87,1.01
2016.05.27 02:34:00.151,1.54831,1.54857,2.62,1.89
2016.05.27 02:34:00.253,1.54834,1.54858,1.15,2.40
2016.05.27 02:34:00.356,1.54834,1.54858,1.15,2.77
2016.05.27 02:34:01.041,1.54834,1.54858,1.15,2.77
2016.05.27 02:34:08.634,1.54834,1.54859,1.57,1.64
2016.05.27 02:34:08.736,1.54838,1.5486,1.00,2.77
2016.05.27 02:34:10.058,1.54838,1.54861,1.00,2.62
2016.05.27 02:34:10.751,1.54838,1.54861,1.17,1.57
2016.05.27 02:34:11.056,1.54841,1.54862,1.00,1.50
2016.05.27 02:34:11.158,1.54841,1.54865,1.20,3.07
2016.05.27 02:34:11.413,1.54841,1.54865,1.65,1.57
2016.05.27 02:34:11.963,1.5484,1.54863,1.57,1.20
2016.05.27 02:34:12.066,1.54839,1.54862,1.00,1.57
2016.05.27 02:34:12.574,1.54836,1.54862,1.20,1.95
2016.05.27 02:34:14.304,1.54836,1.54861,1.17,1.85
2016.05.27 02:34:14.960,1.54836,1.54861,1.10,1.87
2016.05.27 02:34:16.372,1.54836,1.54861,1.32,1.45
2016.05.27 02:34:16.909,1.54838,1.54862,1.00,2.81
2016.05.27 02:34:17.670,1.5484,1.54862,1.00,1.50
2016.05.27 02:34:17.823,1.54838,1.54862,1.50,1.50
2016.05.27 02:34:20.635,1.5484,1.54862,1.00,1.60
2016.05.27 02:34:21.161,1.5484,1.54862,1.50,1.20
2016.05.27 02:34:22.842,1.5484,1.54862,1.00,1.12
2016.05.27 02:34:23.147,1.54836,1.54858,1.00,1.20
2016.05.27 02:34:23.401,1.54834,1.54859,1.82,2.21
2016.05.27 02:34:23.604,1.54829,1.54853,1.75,1.50
2016.05.27 02:34:23.714,1.54828,1.54852,1.10,1.01
2016.05.27 02:34:24.071,1.54827,1.54851,1.20,2.32
2016.05.27 02:34:24.579,1.54828,1.54852,1.00,2.06
2016.05.27 02:34:25.088,1.54826,1.54851,2.40,1.57
2016.05.27 02:34:25.408,1.54826,1.54847,1.44,1.12
2016.05.27 02:34:25.562,1.5483,1.54853,1.50,1.46
2016.05.27 02:34:25.613,1.54831,1.54853,1.57,1.39
2016.05.27 02:34:25.919,1.54828,1.54852,1.50,1.75
2016.05.27 02:34:25.971,1.54828,1.5485,1.87,1.00
2016.05.27 02:34:26.511,1.54829,1.54849,1.12,1.00
2016.05.27 02:34:26.960,1.54828,1.54849,2.25,1.00
2016.05.27 02:34:27.621,1.54828,1.54845,1.50,1.00
2016.05.27 02:34:27.888,1.54828,1.54845,1.20,1.00
2016.05.27 02:34:28.851,1.54828,1.54848,1.65,1.00
2016.05.27 02:34:28.903,1.5483,1.54848,1.00,1.00
2016.05.27 02:34:29.006,1.5483,1.54852,1.00,1.95
2016.05.27 02:34:29.262,1.54832,1.54852,1.00,1.20
2016.05.27 02:34:31.931,1.5483,1.54853,1.00,2.25
2016.05.27 02:34:33.137,1.5483,1.54853,1.00,2.25
2016.05.27 02:34:33.188,1.5483,1.54853,1.50,1.57
2016.05.27 02:34:33.290,1.54832,1.54856,1.07,2.51
2016.05.27 02:34:33.443,1.54832,1.54849,1.07,1.00
2016.05.27 02:34:33.565,1.54827,1.54849,1.82,1.57
2016.05.27 02:34:33.616,1.54827,1.54845,1.17,1.00
2016.05.27 02:34:33.972,1.5483,1.54845,1.00,1.00
2016.05.27 02:34:34.125,1.54833,1.54856,1.07,1.75
2016.05.27 02:34:34.177,1.54833,1.54859,1.17,3.37
2016.05.27 02:34:34.279,1.54836,1.54858,1.00,1.87
2016.05.27 02:34:34.382,1.54836,1.54859,1.00,1.95
2016.05.27 02:34:34.433,1.54836,1.54859,1.00,1.95
2016.05.27 02:34:34.587,1.54836,1.54858,1.00,1.15
2016.05.27 02:34:34.807,1.54836,1.54858,1.00,1.95
2016.05.27 02:34:35.718,1.54836,1.54858,1.00,1.82
2016.05.27 02:34:36.491,1.54835,1.54855,2.25,1.12
2016.05.27 02:34:37.275,1.54837,1.54855,1.00,1.12
2016.05.27 02:34:37.838,1.54835,1.54855,1.44,1.12
2016.05.27 02:34:38.093,1.54832,1.54852,2.44,1.75
2016.05.27 02:34:38.450,1.54835,1.54852,1.00,1.75
2016.05.27 02:34:38.755,1.54835,1.54855,1.50,1.12
2016.05.27 02:34:39.741,1.54835,1.54855,1.87,1.12
2016.05.27 02:34:40.280,1.54837,1.54856,1.44,1.12
2016.05.27 02:34:41.055,1.54837,1.54856,1.00,1.12
2016.05.27 02:34:43.467,1.54844,1.54856,1.00,1.12
2016.05.27 02:34:43.620,1.54848,1.54866,1.37,1.00
2016.05.27 02:34:43.672,1.54848,1.54864,1.37,1.00
2016.05.27 02:34:43.774,1.54845,1.54862,2.32,1.00
2016.05.27 02:34:43.975,1.54839,1.54856,1.87,1.00
2016.05.27 02:34:44.079,1.54836,1.54856,1.65,1.00
2016.05.27 02:34:44.233,1.54834,1.54853,3.45,1.00
2016.05.27 02:34:44.741,1.54835,1.54853,1.50,1.07
2016.05.27 02:34:45.371,1.54833,1.54852,1.25,1.10
2016.05.27 02:34:45.422,1.54833,1.5485,1.25,1.10
2016.05.27 02:34:46.843,1.54833,1.5485,1.37,1.00
2016.05.27 02:34:47.350,1.54834,1.54851,1.00,1.00
2016.05.27 02:34:49.495,1.54834,1.54855,1.00,1.57
2016.05.27 02:34:49.546,1.54834,1.54855,1.37,1.57
2016.05.27 02:34:49.695,1.54839,1.54855,1.19,1.00
2016.05.27 02:34:50.204,1.54839,1.54856,2.06,1.00
2016.05.27 02:34:50.762,1.54839,1.54856,1.37,1.00
2016.05.27 02:34:51.091,1.54835,1.54851,1.55,1.00
2016.05.27 02:34:51.142,1.54835,1.54853,1.55,1.00
2016.05.27 02:34:51.651,1.54834,1.54852,1.57,1.00
2016.05.27 02:34:51.804,1.54834,1.5485,1.55,1.00
2016.05.27 02:34:51.855,1.54832,1.54849,1.95,1.00
2016.05.27 02:34:51.982,1.5483,1.54849,1.29,1.00
2016.05.27 02:34:52.186,1.5483,1.54847,1.19,1.00
2016.05.27 02:34:52.726,1.5483,1.54847,1.00,1.00
2016.05.27 02:34:53.031,1.54836,1.54853,1.00,1.50
2016.05.27 02:34:53.148,1.54836,1.54853,1.39,1.00
2016.05.27 02:34:53.199,1.54836,1.54855,1.76,1.00
2016.05.27 02:34:54.698,1.54836,1.54855,1.76,1.00
2016.05.27 02:34:55.233,1.54836,1.54855,1.01,1.00
2016.05.27 02:34:55.564,1.54837,1.54858,1.00,1.10
2016.05.27 02:34:55.666,1.54837,1.54858,1.75,1.00
2016.05.27 02:34:56.306,1.54839,1.54858,1.12,1.00
2016.05.27 02:34:56.501,1.54839,1.5486,1.12,1.00
2016.05.27 02:34:56.756,1.5484,1.54857,1.79,1.00
2016.05.27 02:34:56.909,1.54839,1.54856,1.12,1.00
2016.05.27 02:34:57.012,1.54837,1.54854,2.70,1.00
2016.05.27 02:34:57.165,1.54835,1.54854,1.95,1.00
2016.05.27 02:34:57.689,1.54834,1.54854,1.57,1.00
2016.05.27 02:34:57.740,1.54835,1.54857,1.55,1.00
2016.05.27 02:34:57.842,1.54835,1.54855,1.95,1.00
2016.05.27 02:34:57.894,1.54836,1.54858,1.49,1.00
2016.05.27 02:34:57.945,1.54837,1.54858,1.01,1.00
2016.05.27 02:34:58.200,1.54837,1.54857,2.06,1.00
2016.05.27 02:34:58.251,1.54837,1.54854,1.69,1.00
2016.05.27 02:34:58.772,1.54836,1.54855,1.95,1.00
2016.05.27 02:34:59.731,1.54836,1.5486,3.75,1.20
2016.05.27 02:35:00.138,1.54836,1.5486,3.75,1.20
2016.05.27 02:35:00.640,1.54836,1.5486,3.75,1.20
2016.05.27 02:35:01.432,1.54836,1.54854,1.45,1.00
2016.05.27 02:35:01.585,1.54827,1.5485,2.70,1.20
2016.05.27 02:35:02.094,1.54827,1.5485,1.37,1.50
2016.05.27 02:35:02.340,1.54827,1.54848,1.37,1.12
2016.05.27 02:35:03.241,1.54825,1.54845,1.44,1.20
2016.05.27 02:35:03.749,1.54825,1.54845,1.25,1.20
2016.05.27 02:35:04.183,1.54827,1.54848,1.00,1.75
2016.05.27 02:35:04.642,1.54827,1.5485,1.25,1.87
2016.05.27 02:35:05.162,1.54828,1.5485,1.00,1.87
2016.05.27 02:35:05.790,1.5483,1.54851,1.00,2.25
2016.05.27 02:35:06.095,1.54832,1.54851,1.00,2.25
2016.05.27 02:35:09.637,1.5483,1.54851,1.00,1.87
2016.05.27 02:35:09.739,1.5483,1.5485,1.00,1.12
2016.05.27 02:35:10.349,1.5483,1.54848,1.00,1.45
2016.05.27 02:35:10.451,1.54826,1.54848,1.37,1.12
2016.05.27 02:35:10.705,1.54825,1.54847,1.87,1.75
2016.05.27 02:35:10.756,1.54827,1.54847,1.00,1.75
2016.05.27 02:35:11.061,1.54832,1.54849,1.00,1.12
2016.05.27 02:35:14.215,1.54836,1.5485,1.00,1.12
2016.05.27 02:35:14.368,1.54837,1.54855,1.00,1.12
2016.05.27 02:35:14.420,1.54837,1.54856,1.00,1.12
2016.05.27 02:35:15.203,1.54839,1.54856,1.00,1.12
2016.05.27 02:35:15.508,1.54836,1.54856,1.00,1.12
2016.05.27 02:35:15.560,1.54836,1.54854,1.00,1.20
2016.05.27 02:35:16.073,1.54835,1.54852,1.00,1.12
2016.05.27 02:35:16.576,1.54836,1.54852,1.00,1.12
2016.05.27 02:35:17.780,1.54836,1.54853,1.00,1.12
2016.05.27 02:35:18.237,1.54839,1.54853,1.00,1.12
2016.05.27 02:35:19.204,1.54841,1.54853,1.00,1.12
2016.05.27 02:35:19.357,1.54841,1.54858,1.00,1.12
2016.05.27 02:35:19.408,1.54844,1.5486,1.00,1.12
2016.05.27 02:35:19.459,1.54844,1.54861,1.00,1.50
2016.05.27 02:35:20.142,1.54841,1.5486,1.00,1.20
2016.05.27 02:35:20.286,1.5484,1.54857,1.00,1.12
2016.05.27 02:35:20.761,1.54842,1.54858,1.00,1.12
2016.05.27 02:35:23.501,1.5484,1.54858,1.00,1.12
2016.05.27 02:35:24.425,1.54841,1.54857,1.00,1.75
2016.05.27 02:35:24.629,1.54841,1.54861,1.00,2.62
2016.05.27 02:35:26.027,1.54843,1.54861,1.00,2.25
2016.05.27 02:35:26.231,1.54848,1.54864,1.00,1.00
2016.05.27 02:35:26.770,1.54847,1.54865,1.00,1.00
2016.05.27 02:35:26.823,1.54845,1.54866,1.00,1.00
2016.05.27 02:35:26.875,1.54845,1.54864,1.00,1.37
2016.05.27 02:35:27.334,1.54844,1.54864,1.00,2.62
2016.05.27 02:35:27.841,1.54845,1.54864,1.00,2.62
2016.05.27 02:35:28.350,1.54845,1.54864,1.00,1.57
2016.05.27 02:35:29.173,1.54845,1.54864,1.00,1.20
2016.05.27 02:35:29.320,1.54845,1.54864,1.00,1.65
2016.05.27 02:35:29.855,1.54842,1.54863,1.00,1.62
2016.05.27 02:35:30.262,1.54845,1.54863,1.00,1.25
2016.05.27 02:35:30.792,1.54846,1.54866,1.00,3.07
2016.05.27 02:35:31.720,1.54845,1.54866,1.00,2.70
2016.05.27 02:35:32.143,1.54845,1.54866,1.44,1.20
