2017.05.04 13:00:00.135,1.47859,1.47866,1.00,1.00
2017.05.04 13:00:00.187,1.47859,1.47868,1.00,1.00
2017.05.04 13:00:00.290,1.47862,1.47868,1.00,1.00
2017.05.04 13:00:00.393,1.47862,1.47871,1.00,1.12
2017.05.04 13:00:00.548,1.47862,1.47873,1.00,1.00
2017.05.04 13:00:00.599,1.47857,1.47874,1.50,1.50
2017.05.04 13:00:00.778,1.47859,1.47874,1.12,1.00
2017.05.04 13:00:01.138,1.47862,1.47876,1.00,1.00
2017.05.04 13:00:01.729,1.47863,1.47876,1.00,1.00
2017.05.04 13:00:02.093,1.47868,1.47875,1.00,1.00
2017.05.04 13:00:02.352,1.47868,1.47878,1.00,1.00
2017.05.04 13:00:02.507,1.4786,1.47878,1.12,1.37
2017.05.04 13:00:02.697,1.47859,1.47876,1.87,1.37
2017.05.04 13:00:03.106,1.4786,1.47877,1.00,1.00
2017.05.04 13:00:03.414,1.47863,1.47877,1.00,1.00
2017.05.04 13:00:03.780,1.47859,1.47871,1.00,1.00
2017.05.04 13:00:04.291,1.47858,1.47871,1.00,1.00
2017.05.04 13:00:04.785,1.47861,1.47873,1.00,1.00
2017.05.04 13:00:05.325,1.47861,1.47874,1.00,1.00
2017.05.04 13:00:06.109,1.47861,1.47872,1.00,1.00
2017.05.04 13:00:06.291,1.47858,1.47872,1.00,1.00
2017.05.04 13:00:06.803,1.47858,1.47871,1.00,1.50
2017.05.04 13:00:07.336,1.47859,1.47871,1.00,1.00
2017.05.04 13:00:07.592,1.47863,1.47872,1.00,1.00
2017.05.04 13:00:07.901,1.47871,1.47877,1.00,1.00
2017.05.04 13:00:08.176,1.47872,1.4788,1.00,2.62
2017.05.04 13:00:08.228,1.47861,1.4788,1.00,2.62
2017.05.04 13:00:08.636,1.47862,1.47877,1.00,1.00
2017.05.04 13:00:08.998,1.47863,1.47875,1.00,1.00
2017.05.04 13:00:09.502,1.47862,1.47875,1.00,1.00
2017.05.04 13:00:10.460,1.47863,1.47875,1.00,1.00
2017.05.04 13:00:11.062,1.47864,1.47875,1.00,1.00
2017.05.04 13:00:11.570,1.47863,1.47875,1.00,1.00
2017.05.04 13:00:11.942,1.47863,1.47877,1.00,1.00
2017.05.04 13:00:12.505,1.47863,1.47878,1.00,1.50
2017.05.04 13:00:13.016,1.47864,1.47877,1.00,1.37
2017.05.04 13:00:13.208,1.47857,1.47871,1.00,1.37
2017.05.04 13:00:13.311,1.47857,1.47868,1.00,1.00
2017.05.04 13:00:13.862,1.47861,1.47874,1.00,1.75
2017.05.04 13:00:14.508,1.47861,1.47874,1.00,1.37
2017.05.04 13:00:14.610,1.47861,1.47874,1.00,1.12
2017.05.04 13:00:15.001,1.47863,1.47876,1.00,1.12
2017.05.04 13:00:15.418,1.47865,1.47876,1.00,1.12
2017.05.04 13:00:16.170,1.47866,1.47878,1.00,1.37
2017.05.04 13:00:16.689,1.47866,1.47878,1.00,1.00
2017.05.04 13:00:16.946,1.47873,1.47878,1.00,1.00
2017.05.04 13:00:17.254,1.47873,1.47881,1.00,1.50
2017.05.04 13:00:17.433,1.47872,1.47878,1.00,1.25
2017.05.04 13:00:17.842,1.47869,1.47878,1.00,1.25
2017.05.04 13:00:18.117,1.47867,1.4788,1.00,1.25
2017.05.04 13:00:18.619,1.47867,1.47881,1.00,1.69
2017.05.04 13:00:18.722,1.47865,1.47881,1.12,1.69
2017.05.04 13:00:19.927,1.47865,1.47881,1.37,1.69
2017.05.04 13:00:19.981,1.47865,1.47881,1.37,1.00
2017.05.04 13:00:20.034,1.47867,1.47882,1.00,1.50
2017.05.04 13:00:20.188,1.47865,1.4788,1.00,1.12
2017.05.04 13:00:20.424,1.47869,1.47881,1.00,1.00
2017.05.04 13:00:20.938,1.47869,1.47882,1.00,1.00
2017.05.04 13:00:21.614,1.47869,1.47882,1.00,1.37
2017.05.04 13:00:22.129,1.4787,1.47883,1.00,1.00
2017.05.04 13:00:22.333,1.47873,1.47883,1.00,1.00
2017.05.04 13:00:22.842,1.47874,1.47882,1.00,1.00
2017.05.04 13:00:23.050,1.47873,1.47884,1.00,1.00
2017.05.04 13:00:23.307,1.47874,1.47886,1.00,1.50
2017.05.04 13:00:23.636,1.47875,1.47884,1.00,1.00
2017.05.04 13:00:24.153,1.47875,1.47883,1.00,1.00
2017.05.04 13:00:24.326,1.47873,1.47883,1.00,1.00
2017.05.04 13:00:24.581,1.47877,1.47884,1.00,1.00
2017.05.04 13:00:24.633,1.47877,1.47886,1.00,1.50
2017.05.04 13:00:24.838,1.47875,1.47885,1.00,1.00
2017.05.04 13:00:24.992,1.47875,1.47887,1.50,1.00
2017.05.04 13:00:25.251,1.47875,1.47887,1.00,5.06
2017.05.04 13:00:25.303,1.4787,1.47887,1.00,5.06
2017.05.04 13:00:25.354,1.4787,1.47886,1.00,1.31
2017.05.04 13:00:25.407,1.47875,1.47885,1.00,2.44
2017.05.04 13:00:25.562,1.47869,1.47881,1.00,1.12
2017.05.04 13:00:25.716,1.47867,1.47881,1.50,1.12
2017.05.04 13:00:25.819,1.47869,1.47881,1.00,1.12
2017.05.04 13:00:26.417,1.4787,1.47882,1.00,1.69
2017.05.04 13:00:26.970,1.4787,1.47882,1.50,1.69
2017.05.04 13:00:27.278,1.47872,1.47884,1.00,2.25
2017.05.04 13:00:27.646,1.47874,1.47886,1.00,1.87
2017.05.04 13:00:27.909,1.47871,1.47886,1.00,1.12
2017.05.04 13:00:28.430,1.47874,1.47886,1.00,1.00
2017.05.04 13:00:28.738,1.47879,1.47888,1.00,1.00
2017.05.04 13:00:29.343,1.47878,1.47888,1.00,1.00
2017.05.04 13:00:29.856,1.47877,1.47889,1.50,1.12
2017.05.04 13:00:30.194,1.47881,1.47891,1.00,1.00
2017.05.04 13:00:30.347,1.47881,1.47893,1.00,1.00
2017.05.04 13:00:30.864,1.47882,1.47893,1.00,1.00
2017.05.04 13:00:31.373,1.47881,1.47892,1.00,1.00
2017.05.04 13:00:31.859,1.47882,1.47892,1.37,1.00
2017.05.04 13:00:31.911,1.47883,1.47892,1.12,1.00
2017.05.04 13:00:32.015,1.47881,1.47895,1.00,1.62
2017.05.04 13:00:32.120,1.47881,1.47893,1.00,1.62
2017.05.04 13:00:32.172,1.47876,1.4789,1.12,1.37
2017.05.04 13:00:32.502,1.47882,1.47889,1.00,1.00
2017.05.04 13:00:32.554,1.47882,1.47891,1.00,1.12
2017.05.04 13:00:33.079,1.47881,1.47891,1.00,1.12
2017.05.04 13:00:33.130,1.47879,1.47891,1.50,1.12
2017.05.04 13:00:33.234,1.47879,1.47886,1.00,1.00
2017.05.04 13:00:33.286,1.47877,1.47886,1.00,1.00
2017.05.04 13:00:33.337,1.47877,1.47884,1.00,1.00
2017.05.04 13:00:33.517,1.47874,1.47884,1.00,1.00
2017.05.04 13:00:33.735,1.47872,1.47884,1.50,1.00
2017.05.04 13:00:33.904,1.47875,1.47884,1.00,1.00
2017.05.04 13:00:34.059,1.47875,1.47886,1.00,1.12
2017.05.04 13:00:35.472,1.47874,1.47887,1.00,1.37
2017.05.04 13:00:35.626,1.47874,1.47887,1.00,1.75
2017.05.04 13:00:35.728,1.4787,1.47887,1.00,1.75
2017.05.04 13:00:35.833,1.4787,1.47884,1.00,2.81
2017.05.04 13:00:35.886,1.4787,1.47881,1.00,1.37
2017.05.04 13:00:35.989,1.47864,1.47882,1.37,2.06
2017.05.04 13:00:36.307,1.47867,1.47879,1.00,1.00
2017.05.04 13:00:37.301,1.47867,1.47878,1.00,1.00
2017.05.04 13:00:37.478,1.47865,1.47878,1.00,1.00
2017.05.04 13:00:37.750,1.47865,1.47875,1.00,1.00
2017.05.04 13:00:38.261,1.47866,1.47875,1.00,1.12
2017.05.04 13:00:38.516,1.47864,1.47876,1.00,1.37
2017.05.04 13:00:39.034,1.47863,1.47876,1.00,1.87
2017.05.04 13:00:39.272,1.47863,1.47876,1.37,1.00
2017.05.04 13:00:40.093,1.47863,1.47876,1.37,1.00
2017.05.04 13:00:40.144,1.47868,1.47878,1.00,1.00
2017.05.04 13:00:40.481,1.47868,1.4788,1.37,1.12
2017.05.04 13:00:40.790,1.47867,1.47878,1.37,1.00
2017.05.04 13:00:41.120,1.4787,1.47878,1.00,1.00
2017.05.04 13:00:41.328,1.47866,1.47876,1.00,1.00
2017.05.04 13:00:41.686,1.47868,1.47876,1.00,1.00
2017.05.04 13:00:42.001,1.47868,1.47874,1.00,1.00
2017.05.04 13:00:42.309,1.4786,1.47869,1.00,1.00
2017.05.04 13:00:42.361,1.4786,1.47867,1.00,1.00
2017.05.04 13:00:43.334,1.4786,1.47868,1.00,1.00
2017.05.04 13:00:43.641,1.4786,1.47865,1.00,1.00
2017.05.04 13:00:43.950,1.47858,1.47866,1.00,1.00
2017.05.04 13:00:44.260,1.47858,1.47868,1.37,1.00
2017.05.04 13:00:44.466,1.47858,1.47866,1.00,1.00
2017.05.04 13:00:44.673,1.47854,1.47864,1.00,1.00
2017.05.04 13:00:45.213,1.47854,1.47869,1.50,1.00
2017.05.04 13:00:45.352,1.47858,1.47866,1.00,1.00
2017.05.04 13:00:45.558,1.47856,1.47866,1.00,1.50
2017.05.04 13:00:46.143,1.47856,1.47865,1.00,1.00
2017.05.04 13:00:46.766,1.47855,1.47865,1.00,1.00
2017.05.04 13:00:47.115,1.47858,1.47865,1.00,1.00
2017.05.04 13:00:47.235,1.47855,1.47865,1.12,1.00
2017.05.04 13:00:47.565,1.47854,1.47863,1.00,1.00
2017.05.04 13:00:47.872,1.47847,1.47856,1.00,1.00
2017.05.04 13:00:47.975,1.47845,1.47856,1.00,1.50
2017.05.04 13:00:48.027,1.47845,1.47853,1.00,1.00
2017.05.04 13:00:48.233,1.47843,1.47854,1.00,1.00
2017.05.04 13:00:48.285,1.47843,1.47857,2.10,1.00
2017.05.04 13:00:48.433,1.47853,1.47864,1.37,1.50
2017.05.04 13:00:48.946,1.47856,1.47862,1.00,1.00
2017.05.04 13:00:49.049,1.47853,1.47862,1.12,1.00
2017.05.04 13:00:49.431,1.47852,1.47864,1.37,1.50
2017.05.04 13:00:50.128,1.47852,1.47864,1.00,1.00
2017.05.04 13:00:50.452,1.47855,1.47866,1.12,1.50
2017.05.04 13:00:50.760,1.47855,1.47868,1.75,1.00
2017.05.04 13:00:51.068,1.47854,1.4786,1.00,1.00
2017.05.04 13:00:51.490,1.47852,1.47861,1.00,1.00
2017.05.04 13:00:51.757,1.47855,1.47861,1.00,1.00
2017.05.04 13:00:51.968,1.47853,1.47861,1.00,1.00
2017.05.04 13:00:52.625,1.47852,1.47861,1.00,1.00
2017.05.04 13:00:53.170,1.47852,1.4786,1.00,1.00
2017.05.04 13:00:53.222,1.4785,1.47859,1.00,1.00
2017.05.04 13:00:53.838,1.47849,1.47859,1.00,1.00
2017.05.04 13:00:54.299,1.47847,1.47859,1.00,1.00
2017.05.04 13:00:54.738,1.47851,1.47859,1.00,1.00
2017.05.04 13:00:54.791,1.47851,1.47861,1.60,1.00
2017.05.04 13:00:54.843,1.47875,1.47881,2.47,1.00
2017.05.04 13:00:54.895,1.47873,1.47879,1.75,1.00
2017.05.04 13:00:54.946,1.47878,1.47887,1.87,1.00
2017.05.04 13:00:55.049,1.47885,1.4789,1.12,1.00
2017.05.04 13:00:55.209,1.47885,1.47896,1.50,1.00
2017.05.04 13:00:56.029,1.47882,1.47896,1.00,1.00
2017.05.04 13:00:56.556,1.4788,1.47895,2.62,1.00
2017.05.04 13:00:57.078,1.47881,1.47895,1.37,1.00
2017.05.04 13:00:57.605,1.47881,1.47894,1.37,1.00
2017.05.04 13:00:58.474,1.47882,1.47894,1.00,1.00
2017.05.04 13:00:59.300,1.47883,1.47894,1.00,1.00
2017.05.04 13:00:59.403,1.47883,1.47892,1.00,1.00
2017.05.04 13:00:59.711,1.47882,1.47889,1.00,1.00
2017.05.04 13:00:59.878,1.47882,1.47896,2.62,1.32
2017.05.04 13:00:59.932,1.47885,1.479,1.00,1.87
2017.05.04 13:00:59.984,1.47885,1.47899,1.12,1.00
2017.05.04 13:01:00.036,1.47882,1.47897,4.12,1.00
2017.05.04 13:01:00.345,1.47888,1.47895,1.00,1.00
2017.05.04 13:01:00.929,1.47887,1.47895,1.00,1.00
2017.05.04 13:01:01.042,1.4788,1.47895,1.00,1.00
2017.05.04 13:01:01.554,1.4788,1.47892,1.00,1.00
2017.05.04 13:01:01.708,1.4788,1.47895,1.00,1.00
2017.05.04 13:01:02.218,1.47881,1.47894,1.12,1.00
2017.05.04 13:01:02.745,1.47882,1.47894,1.00,1.00
2017.05.04 13:01:03.253,1.47882,1.47893,1.00,1.00
2017.05.04 13:01:03.556,1.47882,1.47891,1.00,1.00
2017.05.04 13:01:03.608,1.4788,1.4789,1.00,1.12
2017.05.04 13:01:03.659,1.4788,1.47892,1.50,1.00
2017.05.04 13:01:03.711,1.4788,1.47894,2.25,1.12
2017.05.04 13:01:04.057,1.47888,1.47895,1.00,1.00
2017.05.04 13:01:04.570,1.47888,1.47894,1.00,1.50
2017.05.04 13:01:04.876,1.47886,1.47893,1.00,1.00
2017.05.04 13:01:05.153,1.47886,1.47891,1.00,1.00
2017.05.04 13:01:05.669,1.4788,1.47888,1.00,1.12
2017.05.04 13:01:05.721,1.4788,1.47884,1.00,1.00
2017.05.04 13:01:05.773,1.4788,1.4789,1.00,1.37
2017.05.04 13:01:05.825,1.47877,1.47891,1.00,1.75
2017.05.04 13:01:05.877,1.47876,1.47892,4.35,1.37
2017.05.04 13:01:05.928,1.4788,1.47892,1.00,1.50
2017.05.04 13:01:06.264,1.47885,1.47894,1.00,1.00
2017.05.04 13:01:06.316,1.4789,1.479,1.00,1.12
2017.05.04 13:01:06.576,1.47893,1.479,1.00,1.00
2017.05.04 13:01:06.934,1.47891,1.47899,1.00,1.50
2017.05.04 13:01:06.986,1.47891,1.47899,1.00,1.50
2017.05.04 13:01:07.275,1.47883,1.47898,1.12,1.75
2017.05.04 13:01:07.429,1.47888,1.47896,1.00,1.50
2017.05.04 13:01:07.480,1.47882,1.47896,1.37,1.50
2017.05.04 13:01:08.066,1.47881,1.47895,2.62,1.12
2017.05.04 13:01:08.118,1.47881,1.47895,1.50,1.75
2017.05.04 13:01:08.438,1.47881,1.47892,1.00,1.37
2017.05.04 13:01:08.490,1.47879,1.47892,1.12,1.37
2017.05.04 13:01:08.592,1.47879,1.47892,1.12,1.00
2017.05.04 13:01:08.866,1.4788,1.47894,1.00,1.12
2017.05.04 13:01:09.371,1.47881,1.47895,1.00,1.00
2017.05.04 13:01:09.424,1.47881,1.47896,1.37,1.00
2017.05.04 13:01:09.476,1.47881,1.47896,2.10,1.00
2017.05.04 13:01:09.569,1.47885,1.47896,1.00,1.00
2017.05.04 13:01:09.879,1.47887,1.479,1.00,1.37
2017.05.04 13:01:10.395,1.47886,1.47899,1.00,1.37
2017.05.04 13:01:10.995,1.47886,1.47897,1.00,1.00
2017.05.04 13:01:11.303,1.47876,1.47886,1.87,1.00
2017.05.04 13:01:11.354,1.47874,1.47886,1.00,1.00
2017.05.04 13:01:11.457,1.47874,1.47883,1.00,1.00
2017.05.04 13:01:11.508,1.47872,1.47884,2.25,1.00
2017.05.04 13:01:11.560,1.4787,1.47883,1.12,1.00
2017.05.04 13:01:11.714,1.4787,1.47881,1.00,1.00
2017.05.04 13:01:12.252,1.47869,1.47881,1.00,1.00
2017.05.04 13:01:12.839,1.47869,1.47882,1.00,1.00
2017.05.04 13:01:13.245,1.4787,1.47883,1.37,1.00
2017.05.04 13:01:13.400,1.47872,1.47887,1.50,1.12
2017.05.04 13:01:13.452,1.47872,1.47887,2.25,1.50
2017.05.04 13:01:13.504,1.47875,1.47888,1.00,1.00
2017.05.04 13:01:13.607,1.47875,1.47888,1.37,1.00
2017.05.04 13:01:14.146,1.47875,1.47889,1.37,1.00
2017.05.04 13:01:14.478,1.47875,1.47887,1.37,1.00
2017.05.04 13:01:14.632,1.47875,1.47889,1.37,1.00
2017.05.04 13:01:14.684,1.47875,1.47887,1.37,1.00
2017.05.04 13:01:14.735,1.47875,1.47886,1.00,1.00
2017.05.04 13:01:15.043,1.47872,1.47885,1.00,1.00
2017.05.04 13:01:15.157,1.4787,1.47885,1.12,1.00
2017.05.04 13:01:15.636,1.47872,1.47885,1.00,1.00
2017.05.04 13:01:15.688,1.47872,1.47887,1.00,1.00
2017.05.04 13:01:16.199,1.47873,1.47887,1.50,1.00
2017.05.04 13:01:16.784,1.47874,1.47887,1.00,1.00
2017.05.04 13:01:16.969,1.47874,1.47889,2.25,1.00
2017.05.04 13:01:17.276,1.47881,1.4789,1.00,1.00
2017.05.04 13:01:17.378,1.47876,1.47888,1.37,1.00
2017.05.04 13:01:17.482,1.47875,1.47889,1.87,1.12
2017.05.04 13:01:18.080,1.47878,1.4789,1.00,1.00
2017.05.04 13:01:18.183,1.47878,1.47892,1.00,1.00
2017.05.04 13:01:18.443,1.4788,1.47893,1.00,1.50
2017.05.04 13:01:18.791,1.4788,1.47891,1.00,1.00
2017.05.04 13:01:18.969,1.47878,1.4789,1.12,1.00
2017.05.04 13:01:19.024,1.47877,1.47886,1.00,1.00
2017.05.04 13:01:19.177,1.47876,1.47889,1.50,1.00
2017.05.04 13:01:19.280,1.47878,1.47889,1.00,1.00
2017.05.04 13:01:19.485,1.47876,1.47888,1.12,1.00
2017.05.04 13:01:19.946,1.47876,1.47886,1.12,1.00
2017.05.04 13:01:20.171,1.47878,1.47889,1.00,1.00
2017.05.04 13:01:20.478,1.4788,1.47888,1.00,1.00
2017.05.04 13:01:20.837,1.47878,1.47887,1.00,1.00
2017.05.04 13:01:20.940,1.47878,1.47889,1.00,1.00
2017.05.04 13:01:21.478,1.47877,1.47888,1.00,1.00
2017.05.04 13:01:21.736,1.47875,1.47889,1.50,1.00
2017.05.04 13:01:22.294,1.47876,1.47889,1.00,1.00
2017.05.04 13:01:22.892,1.47876,1.4789,1.00,1.00
2017.05.04 13:01:22.995,1.47876,1.47888,1.00,1.00
2017.05.04 13:01:23.709,1.47876,1.47886,1.00,1.00
2017.05.04 13:01:23.865,1.47874,1.47887,1.50,1.00
2017.05.04 13:01:23.968,1.47874,1.47885,1.12,1.00
2017.05.04 13:01:24.290,1.47875,1.47883,1.00,1.00
2017.05.04 13:01:24.469,1.47873,1.47886,1.50,1.00
2017.05.04 13:01:24.982,1.47875,1.47886,1.12,1.00
2017.05.04 13:01:25.085,1.47877,1.47886,1.00,1.00
2017.05.04 13:01:25.647,1.47876,1.47886,1.00,1.00
2017.05.04 13:01:26.160,1.47875,1.47886,1.00,1.00
2017.05.04 13:01:26.724,1.47875,1.47887,1.00,1.00
2017.05.04 13:01:27.328,1.47875,1.47887,1.50,1.00
2017.05.04 13:01:27.976,1.47875,1.47886,1.50,1.00
2017.05.04 13:01:28.359,1.47874,1.47884,1.12,1.00
2017.05.04 13:01:29.153,1.47874,1.47884,1.37,1.00
2017.05.04 13:01:29.358,1.47874,1.47886,1.87,1.00
2017.05.04 13:01:29.661,1.47876,1.47888,1.12,1.50
2017.05.04 13:01:30.203,1.47876,1.47887,1.12,1.00
2017.05.04 13:01:30.721,1.47879,1.47889,1.37,1.00
2017.05.04 13:01:30.941,1.4788,1.47892,1.37,1.00
2017.05.04 13:01:31.044,1.4788,1.47895,1.12,1.50
2017.05.04 13:01:31.556,1.47879,1.47894,1.12,1.50
2017.05.04 13:01:31.935,1.4788,1.47892,1.12,1.00
2017.05.04 13:01:32.275,1.47882,1.47892,1.50,1.00
2017.05.04 13:01:32.327,1.47882,1.47894,1.87,1.00
2017.05.04 13:01:32.483,1.47884,1.47894,3.75,1.00
2017.05.04 13:01:34.149,1.47889,1.47894,1.00,1.00
2017.05.04 13:01:34.817,1.4789,1.47894,1.00,1.00
2017.05.04 13:01:35.494,1.47891,1.47895,1.00,1.00
2017.05.04 13:01:35.859,1.47889,1.47894,1.00,1.00
2017.05.04 13:01:36.300,1.47887,1.47891,1.00,1.00
2017.05.04 13:01:36.455,1.47878,1.47889,1.37,1.00
2017.05.04 13:01:36.659,1.47886,1.4789,1.00,1.00
2017.05.04 13:01:37.046,1.47886,1.47891,1.00,1.50
2017.05.04 13:01:37.098,1.47886,1.4789,1.00,1.00
2017.05.04 13:01:37.202,1.47886,1.47891,1.00,1.50
2017.05.04 13:01:37.304,1.47885,1.47889,1.00,1.00
2017.05.04 13:01:37.356,1.47885,1.47891,1.00,1.00
2017.05.04 13:01:38.069,1.47883,1.47891,1.37,1.00
2017.05.04 13:01:38.274,1.47878,1.4789,2.25,1.50
2017.05.04 13:01:38.531,1.47884,1.4789,1.00,1.00
2017.05.04 13:01:38.584,1.47884,1.47893,1.37,1.50
2017.05.04 13:01:38.635,1.47887,1.47893,1.00,1.00
2017.05.04 13:01:38.961,1.47891,1.47895,1.00,1.50
2017.05.04 13:01:39.165,1.47889,1.47894,1.00,1.00
2017.05.04 13:01:39.702,1.4789,1.47894,1.00,1.00
2017.05.04 13:01:39.925,1.4789,1.47895,1.00,1.00
2017.05.04 13:01:40.028,1.47889,1.47893,1.12,1.00
2017.05.04 13:01:40.183,1.47891,1.47895,1.12,1.50
2017.05.04 13:01:40.645,1.47894,1.47898,1.00,1.50
2017.05.04 13:01:41.184,1.4789,1.47894,1.00,1.00
2017.05.04 13:01:41.289,1.47894,1.47904,1.37,1.00
2017.05.04 13:01:41.341,1.47894,1.47904,1.37,1.50
2017.05.04 13:01:41.665,1.47893,1.47897,1.00,1.50
2017.05.04 13:01:41.768,1.4789,1.47896,1.12,1.00
2017.05.04 13:01:42.306,1.47889,1.47897,1.37,1.50
2017.05.04 13:01:42.358,1.47893,1.47897,1.00,1.00
2017.05.04 13:01:42.623,1.47888,1.47898,1.50,1.00
2017.05.04 13:01:42.676,1.479,1.47905,1.00,1.50
2017.05.04 13:01:43.035,1.47898,1.47902,1.00,1.00
2017.05.04 13:01:43.088,1.47896,1.47901,1.00,1.00
2017.05.04 13:01:43.611,1.4789,1.47899,1.75,1.00
2017.05.04 13:01:44.123,1.47892,1.47898,1.50,1.00
2017.05.04 13:01:44.635,1.4789,1.47898,1.50,1.00
2017.05.04 13:01:44.870,1.4789,1.47896,1.37,1.00
2017.05.04 13:01:44.975,1.47886,1.47892,1.00,1.00
2017.05.04 13:01:45.232,1.47885,1.47889,1.00,1.00
2017.05.04 13:01:45.473,1.47881,1.47886,1.12,1.00
2017.05.04 13:01:45.525,1.4788,1.47884,1.00,1.00
2017.05.04 13:01:45.678,1.47873,1.47883,1.12,1.00
2017.05.04 13:01:45.833,1.47873,1.47885,2.25,1.00
2017.05.04 13:01:45.935,1.47878,1.47889,1.30,1.50
2017.05.04 13:01:46.089,1.47881,1.47891,1.00,1.00
2017.05.04 13:01:46.414,1.47872,1.47884,2.25,1.00
2017.05.04 13:01:46.722,1.47879,1.47883,1.00,1.00
2017.05.04 13:01:47.286,1.47876,1.47882,1.50,1.00
2017.05.04 13:01:48.498,1.47876,1.4788,1.12,1.00
2017.05.04 13:01:48.965,1.47875,1.47879,1.12,1.00
2017.05.04 13:01:49.478,1.47874,1.47878,1.12,1.00
2017.05.04 13:01:50.080,1.47874,1.47878,1.00,1.00
2017.05.04 13:01:50.608,1.47875,1.47879,1.00,1.00
2017.05.04 13:01:50.710,1.47875,1.4788,1.00,1.00
2017.05.04 13:01:50.914,1.47873,1.4788,1.00,1.12
2017.05.04 13:01:51.434,1.47874,1.4788,1.12,1.12
2017.05.04 13:01:51.640,1.47873,1.47878,1.00,1.00
2017.05.04 13:01:51.950,1.4787,1.47874,1.00,1.00
2017.05.04 13:01:52.002,1.47865,1.47873,1.00,1.00
2017.05.04 13:01:52.105,1.47865,1.47871,1.00,1.00
2017.05.04 13:01:52.641,1.47863,1.47871,1.00,1.00
2017.05.04 13:01:53.152,1.47862,1.47871,1.00,1.00
2017.05.04 13:01:53.256,1.47861,1.47869,2.25,1.00
2017.05.04 13:01:53.606,1.47859,1.4787,2.62,1.00
2017.05.04 13:01:53.658,1.47862,1.47873,1.00,1.00
2017.05.04 13:01:53.761,1.47864,1.47876,1.00,1.00
2017.05.04 13:01:54.021,1.47864,1.47874,1.37,1.00
2017.05.04 13:01:54.347,1.47865,1.47872,1.12,1.00
2017.05.04 13:01:54.552,1.47862,1.47871,1.00,1.00
2017.05.04 13:01:54.880,1.47861,1.47869,1.37,1.00
2017.05.04 13:01:55.035,1.47861,1.47871,1.37,1.00
2017.05.04 13:01:55.525,1.47862,1.47869,1.00,1.00
2017.05.04 13:01:55.832,1.47861,1.47866,1.00,1.00
2017.05.04 13:01:56.088,1.47859,1.47867,1.50,1.00
2017.05.04 13:01:57.674,1.47858,1.47867,1.12,1.00
2017.05.04 13:01:57.881,1.47858,1.47867,1.12,1.12
2017.05.04 13:01:58.089,1.4785,1.47863,1.00,1.12
2017.05.04 13:01:58.284,1.47853,1.47863,1.00,1.00
2017.05.04 13:01:58.594,1.47852,1.4786,1.00,1.12
2017.05.04 13:01:58.902,1.4785,1.47859,1.00,1.00
2017.05.04 13:01:59.449,1.47851,1.47859,1.00,1.50
2017.05.04 13:02:00.044,1.47851,1.47859,1.00,2.12
2017.05.04 13:02:00.589,1.4785,1.47859,1.00,1.00
2017.05.04 13:02:00.692,1.47853,1.47859,1.00,1.50
2017.05.04 13:02:01.194,1.47854,1.47859,1.00,1.00
2017.05.04 13:02:01.296,1.47854,1.47861,1.00,1.00
2017.05.04 13:02:01.612,1.47854,1.47858,1.00,1.00
2017.05.04 13:02:02.136,1.47852,1.47857,1.00,1.00
2017.05.04 13:02:02.341,1.47856,1.4786,1.00,1.00
2017.05.04 13:02:02.393,1.47856,1.47864,1.00,1.00
2017.05.04 13:02:02.527,1.47856,1.47867,1.00,1.50
2017.05.04 13:02:02.835,1.47859,1.47867,1.00,1.50
2017.05.04 13:02:03.142,1.47859,1.47865,1.00,1.00
2017.05.04 13:02:03.500,1.47857,1.47865,1.00,1.00
2017.05.04 13:02:04.039,1.47857,1.47864,1.00,1.00
2017.05.04 13:02:04.295,1.47857,1.47867,1.00,1.00
2017.05.04 13:02:05.129,1.47856,1.47867,1.00,2.25
2017.05.04 13:02:05.232,1.47854,1.47867,1.12,2.25
2017.05.04 13:02:05.860,1.47854,1.47865,1.12,1.87
2017.05.04 13:02:06.629,1.47853,1.47865,1.50,1.50
2017.05.04 13:02:07.038,1.47853,1.47863,1.00,1.00
2017.05.04 13:02:07.373,1.47853,1.47859,1.00,1.00
2017.05.04 13:02:07.680,1.4786,1.47867,1.00,1.50
2017.05.04 13:02:08.188,1.47861,1.47866,1.00,1.50
2017.05.04 13:02:08.397,1.47863,1.47868,1.00,1.50
2017.05.04 13:02:08.571,1.47864,1.47871,1.00,1.00
2017.05.04 13:02:08.725,1.47866,1.47871,1.00,1.50
2017.05.04 13:02:09.237,1.47865,1.47871,1.00,1.50
2017.05.04 13:02:10.003,1.47866,1.47871,1.00,1.50
2017.05.04 13:02:10.587,1.47865,1.47871,1.00,1.37
2017.05.04 13:02:10.791,1.47865,1.47871,1.00,1.87
2017.05.04 13:02:11.299,1.47865,1.47874,1.00,1.00
2017.05.04 13:02:11.505,1.47865,1.4787,1.00,1.00
2017.05.04 13:02:11.608,1.47863,1.4787,1.00,1.00
2017.05.04 13:02:11.763,1.47863,1.47872,1.00,1.00
2017.05.04 13:02:12.205,1.47864,1.47869,1.00,1.00
2017.05.04 13:02:12.359,1.4786,1.47868,1.00,1.00
2017.05.04 13:02:12.879,1.47863,1.47871,1.00,1.00
2017.05.04 13:02:13.194,1.47866,1.47875,1.00,1.00
2017.05.04 13:02:13.246,1.47863,1.47875,1.00,1.00
2017.05.04 13:02:13.297,1.47863,1.47872,1.00,1.00
2017.05.04 13:02:13.818,1.47862,1.47871,1.00,1.00
2017.05.04 13:02:14.380,1.47861,1.47871,1.00,1.00
2017.05.04 13:02:14.791,1.47858,1.47871,1.00,1.50
2017.05.04 13:02:15.376,1.47858,1.47871,1.00,1.00
2017.05.04 13:02:15.911,1.47858,1.47871,1.00,1.00
2017.05.04 13:02:16.014,1.4786,1.47871,1.00,1.00
2017.05.04 13:02:16.066,1.4786,1.47871,1.00,1.50
2017.05.04 13:02:16.575,1.47858,1.47871,1.00,1.50
2017.05.04 13:02:16.882,1.47858,1.47871,1.00,1.00
2017.05.04 13:02:17.421,1.47857,1.47871,1.00,1.00
2017.05.04 13:02:17.731,1.4786,1.47871,1.00,1.00
2017.05.04 13:02:18.038,1.47857,1.47871,1.50,1.37
2017.05.04 13:02:18.141,1.47853,1.47867,1.50,1.31
2017.05.04 13:02:18.346,1.47853,1.47864,1.00,1.12
2017.05.04 13:02:18.728,1.4785,1.47862,1.00,1.31
2017.05.04 13:02:19.035,1.47849,1.47862,1.00,1.00
2017.05.04 13:02:19.240,1.4785,1.47862,1.00,2.37
2017.05.04 13:02:19.751,1.4785,1.47862,1.00,2.31
2017.05.04 13:02:20.117,1.47848,1.47858,1.00,1.00
2017.05.04 13:02:20.638,1.47848,1.4786,1.00,1.69
2017.05.04 13:02:22.243,1.47848,1.47857,1.00,1.00
2017.05.04 13:02:23.134,1.4785,1.47859,1.00,1.19
2017.05.04 13:02:23.473,1.47851,1.47861,1.00,1.00
2017.05.04 13:02:23.781,1.47848,1.47861,1.00,2.06
2017.05.04 13:02:24.294,1.47848,1.47857,1.00,1.00
2017.05.04 13:02:24.630,1.4785,1.47858,1.00,1.00
2017.05.04 13:02:25.144,1.47849,1.47858,1.00,1.00
2017.05.04 13:02:25.655,1.47849,1.47855,1.00,1.00
2017.05.04 13:02:25.938,1.47849,1.47857,1.00,1.25
2017.05.04 13:02:26.443,1.4785,1.47857,1.00,1.25
2017.05.04 13:02:26.546,1.47851,1.4786,1.00,1.25
2017.05.04 13:02:26.649,1.47847,1.4786,1.00,1.25
2017.05.04 13:02:26.700,1.47849,1.4786,1.00,1.25
2017.05.04 13:02:27.231,1.47848,1.47859,1.00,1.00
2017.05.04 13:02:27.537,1.47851,1.47859,1.00,1.00
2017.05.04 13:02:27.945,1.47851,1.47857,1.00,1.00
2017.05.04 13:02:28.427,1.47849,1.47858,1.00,1.00
2017.05.04 13:02:29.132,1.47849,1.47855,1.00,1.00
2017.05.04 13:02:29.388,1.47847,1.47855,1.00,1.00
2017.05.04 13:02:29.491,1.47849,1.47855,1.00,1.00
2017.05.04 13:02:30.637,1.47847,1.47855,1.00,1.00
2017.05.04 13:02:32.667,1.47846,1.47855,1.00,1.00
2017.05.04 13:02:32.812,1.47842,1.47854,1.00,1.43
2017.05.04 13:02:32.865,1.47842,1.47851,1.00,1.00
2017.05.04 13:02:33.176,1.47842,1.47848,1.00,1.00
2017.05.04 13:02:33.228,1.47839,1.47848,1.00,1.00
2017.05.04 13:02:33.817,1.47839,1.47847,1.00,1.00
2017.05.04 13:02:35.023,1.47839,1.47849,1.00,1.00
2017.05.04 13:02:35.126,1.47841,1.47849,1.00,1.00
2017.05.04 13:02:35.382,1.47841,1.47851,1.00,1.00
2017.05.04 13:02:35.514,1.47841,1.4785,1.00,1.19
2017.05.04 13:02:35.566,1.47841,1.47851,1.00,1.00
2017.05.04 13:02:35.721,1.47837,1.4785,1.00,1.00
2017.05.04 13:02:35.926,1.4784,1.4785,1.50,1.00
2017.05.04 13:02:35.978,1.4784,1.47854,1.50,1.00
2017.05.04 13:02:36.080,1.47843,1.47856,1.00,1.00
2017.05.04 13:02:36.183,1.47841,1.47856,1.00,1.00
2017.05.04 13:02:36.389,1.47839,1.47855,1.12,1.54
2017.05.04 13:02:36.851,1.47841,1.47853,1.00,1.25
2017.05.04 13:02:36.954,1.47837,1.47851,1.00,1.50
2017.05.04 13:02:37.492,1.47838,1.47851,1.00,1.68
2017.05.04 13:02:37.646,1.47839,1.47852,1.00,1.31
2017.05.04 13:02:37.698,1.4784,1.47854,1.00,2.18
2017.05.04 13:02:37.902,1.47842,1.47854,1.00,1.43
2017.05.04 13:02:38.858,1.47842,1.47854,1.00,1.43
2017.05.04 13:02:39.114,1.47839,1.47854,1.00,2.18
2017.05.04 13:02:40.222,1.47839,1.47856,1.00,2.56
2017.05.04 13:02:40.275,1.47842,1.47854,1.00,1.50
2017.05.04 13:02:40.532,1.47839,1.47853,1.00,1.81
2017.05.04 13:02:40.762,1.47837,1.47854,1.00,1.43
2017.05.04 13:02:41.276,1.47838,1.47854,1.00,1.43
2017.05.04 13:02:41.804,1.47839,1.47854,1.00,1.43
2017.05.04 13:02:42.440,1.47838,1.47853,1.00,1.12
2017.05.04 13:02:43.593,1.47838,1.47851,1.00,1.37
2017.05.04 13:02:43.696,1.47838,1.47852,1.00,1.16
2017.05.04 13:02:43.799,1.47838,1.47851,1.00,2.06
2017.05.04 13:02:44.107,1.47837,1.4785,1.00,2.18
2017.05.04 13:02:44.647,1.47836,1.47851,1.00,2.18
2017.05.04 13:02:44.852,1.47836,1.4785,1.00,2.06
2017.05.04 13:02:45.159,1.47834,1.4785,1.00,1.43
2017.05.04 13:02:45.363,1.47833,1.4785,1.00,1.43
2017.05.04 13:02:45.710,1.47833,1.4785,1.00,1.43
2017.05.04 13:02:46.041,1.47831,1.47847,1.50,1.37
2017.05.04 13:02:46.371,1.47833,1.47847,1.00,1.37
2017.05.04 13:02:46.678,1.4783,1.47844,1.00,1.87
2017.05.04 13:02:46.730,1.47828,1.47844,1.00,1.87
2017.05.04 13:02:46.782,1.47826,1.47844,3.00,2.31
2017.05.04 13:02:47.213,1.47827,1.47844,1.00,2.68
2017.05.04 13:02:47.674,1.47829,1.47844,1.00,1.81
2017.05.04 13:02:48.038,1.4783,1.47845,1.00,2.31
2017.05.04 13:02:48.090,1.4783,1.47846,1.00,1.31
2017.05.04 13:02:48.222,1.47832,1.47846,1.12,1.12
2017.05.04 13:02:48.325,1.47832,1.4785,1.87,2.81
2017.05.04 13:02:48.376,1.47836,1.4785,1.00,2.06
2017.05.04 13:02:48.937,1.47836,1.4785,1.00,2.93
2017.05.04 13:02:49.308,1.47834,1.4785,1.00,2.93
2017.05.04 13:02:49.411,1.47834,1.4785,1.00,2.93
2017.05.04 13:02:49.951,1.47832,1.47849,1.37,1.62
2017.05.04 13:02:50.054,1.47832,1.4785,1.37,2.93
2017.05.04 13:02:50.362,1.47834,1.47844,1.00,1.75
2017.05.04 13:02:50.414,1.47831,1.47844,1.12,2.18
2017.05.04 13:02:50.466,1.47831,1.47843,1.00,1.75
2017.05.04 13:02:50.569,1.47827,1.47844,1.12,2.18
2017.05.04 13:02:50.761,1.47829,1.47843,1.00,1.75
2017.05.04 13:02:51.307,1.47829,1.47841,1.00,1.06
2017.05.04 13:02:52.159,1.47829,1.47839,1.00,1.12
2017.05.04 13:02:52.730,1.47829,1.47839,1.00,1.00
2017.05.04 13:02:52.832,1.47829,1.47837,1.00,1.00
2017.05.04 13:02:53.143,1.47829,1.47839,1.00,1.00
2017.05.04 13:02:53.692,1.47828,1.47839,1.00,1.00
2017.05.04 13:02:54.203,1.47829,1.47839,1.00,1.00
2017.05.04 13:02:54.437,1.4783,1.47842,1.00,1.00
2017.05.04 13:02:54.489,1.4783,1.47844,1.00,1.00
2017.05.04 13:02:54.818,1.47831,1.47842,1.00,1.00
2017.05.04 13:02:55.344,1.4783,1.47842,1.00,1.00
2017.05.04 13:02:55.395,1.4783,1.47844,1.00,1.25
2017.05.04 13:02:55.957,1.4783,1.47843,1.00,1.00
2017.05.04 13:02:56.265,1.47832,1.47845,1.00,1.19
2017.05.04 13:02:56.940,1.47832,1.47842,1.00,1.00
2017.05.04 13:02:56.991,1.47833,1.47844,1.00,1.25
2017.05.04 13:02:57.043,1.47833,1.47846,1.00,1.00
2017.05.04 13:02:57.302,1.47836,1.47847,1.00,1.00
2017.05.04 13:02:57.814,1.47836,1.47848,1.00,1.12
2017.05.04 13:02:58.184,1.47834,1.47848,1.00,1.00
2017.05.04 13:02:58.288,1.47834,1.4785,2.25,1.00
2017.05.04 13:02:58.391,1.47834,1.47848,2.25,1.00
2017.05.04 13:02:58.597,1.47835,1.4785,1.12,1.00
2017.05.04 13:02:58.649,1.4784,1.47849,1.00,1.00
2017.05.04 13:02:58.985,1.47839,1.47851,1.00,1.12
2017.05.04 13:02:59.037,1.47836,1.47848,1.00,1.00
2017.05.04 13:02:59.346,1.47836,1.47844,1.00,1.00
2017.05.04 13:02:59.449,1.47836,1.47846,1.00,1.00
2017.05.04 13:02:59.501,1.47834,1.47842,1.00,1.37
2017.05.04 13:02:59.553,1.47834,1.47841,1.00,1.12
2017.05.04 13:02:59.707,1.4783,1.4784,1.00,1.12
2017.05.04 13:02:59.940,1.47828,1.4784,1.00,1.12
2017.05.04 13:03:00.453,1.47828,1.47839,1.00,1.00
2017.05.04 13:03:00.505,1.47828,1.47841,1.00,1.50
2017.05.04 13:03:00.609,1.47831,1.47843,1.00,1.00
2017.05.04 13:03:01.137,1.47831,1.47844,1.12,1.00
2017.05.04 13:03:01.882,1.4783,1.47843,1.37,1.00
2017.05.04 13:03:02.309,1.47831,1.47846,1.12,1.00
2017.05.04 13:03:03.377,1.47831,1.47847,1.87,1.12
2017.05.04 13:03:03.452,1.47831,1.47847,2.62,1.12
2017.05.04 13:03:03.505,1.47837,1.4785,1.00,1.00
2017.05.04 13:03:03.557,1.4784,1.47852,1.37,1.12
2017.05.04 13:03:04.070,1.47846,1.47856,1.00,1.69
2017.05.04 13:03:04.456,1.47844,1.47855,1.00,1.00
2017.05.04 13:03:04.997,1.47842,1.47854,1.00,1.00
2017.05.04 13:03:05.412,1.4784,1.47854,1.87,1.00
2017.05.04 13:03:06.029,1.4784,1.47854,1.87,1.00
2017.05.04 13:03:06.820,1.47843,1.47857,1.75,1.00
2017.05.04 13:03:06.923,1.47842,1.47857,2.25,1.00
2017.05.04 13:03:06.975,1.47843,1.4786,1.00,1.87
2017.05.04 13:03:07.027,1.47842,1.47858,2.25,1.00
2017.05.04 13:03:07.338,1.47841,1.47854,1.37,1.00
2017.05.04 13:03:08.038,1.47838,1.4785,1.75,1.00
2017.05.04 13:03:08.585,1.47836,1.47849,2.25,1.00
2017.05.04 13:03:09.448,1.47836,1.47849,1.75,1.00
2017.05.04 13:03:09.550,1.47836,1.47848,1.50,1.00
2017.05.04 13:03:09.704,1.47835,1.47848,5.25,1.00
2017.05.04 13:03:09.756,1.47836,1.47851,1.75,1.00
2017.05.04 13:03:09.858,1.47836,1.47853,1.75,1.12
2017.05.04 13:03:10.149,1.47836,1.47853,2.25,1.12
2017.05.04 13:03:10.201,1.47838,1.4785,1.50,1.00
2017.05.04 13:03:10.509,1.47836,1.47852,1.75,1.00
2017.05.04 13:03:10.613,1.47836,1.4785,1.75,1.00
2017.05.04 13:03:10.665,1.47839,1.47855,2.25,1.00
2017.05.04 13:03:10.716,1.47844,1.47853,1.50,1.50
2017.05.04 13:03:10.768,1.47844,1.47853,1.00,1.00
2017.05.04 13:03:10.820,1.47841,1.47855,1.87,1.00
2017.05.04 13:03:11.026,1.47839,1.47852,1.37,1.00
2017.05.04 13:03:12.112,1.47837,1.47852,1.87,1.00
2017.05.04 13:03:13.449,1.47837,1.47854,2.25,1.50
2017.05.04 13:03:13.501,1.47846,1.47856,1.12,1.00
2017.05.04 13:03:13.643,1.47843,1.47858,3.75,1.00
2017.05.04 13:03:13.746,1.47844,1.4786,2.62,1.00
2017.05.04 13:03:13.857,1.47845,1.47862,1.12,1.50
2017.05.04 13:03:14.368,1.47844,1.47861,4.12,1.00
2017.05.04 13:03:14.828,1.47843,1.47858,3.37,1.00
2017.05.04 13:03:15.136,1.47842,1.47853,1.50,1.00
2017.05.04 13:03:15.638,1.47841,1.47852,1.12,1.00
2017.05.04 13:03:16.155,1.47841,1.47853,1.37,1.00
2017.05.04 13:03:17.015,1.47841,1.47853,1.37,1.00
2017.05.04 13:03:17.118,1.47844,1.47855,1.12,1.00
2017.05.04 13:03:17.170,1.47844,1.47859,1.00,1.00
2017.05.04 13:03:17.222,1.47846,1.47863,1.00,2.44
2017.05.04 13:03:17.529,1.47849,1.47865,1.50,1.25
2017.05.04 13:03:17.806,1.47852,1.47868,1.75,2.06
2017.05.04 13:03:18.114,1.47852,1.47865,1.37,1.00
2017.05.04 13:03:18.165,1.47852,1.47867,1.37,1.00
2017.05.04 13:03:18.472,1.47852,1.47868,1.75,1.25
2017.05.04 13:03:18.627,1.47847,1.47862,1.50,1.00
2017.05.04 13:03:19.913,1.47847,1.47864,1.12,1.00
2017.05.04 13:03:20.446,1.47849,1.47863,1.00,1.00
2017.05.04 13:03:20.988,1.47846,1.47863,1.87,1.12
2017.05.04 13:03:21.192,1.47846,1.47861,1.50,1.00
2017.05.04 13:03:23.751,1.47847,1.47859,1.37,1.00
2017.05.04 13:03:24.006,1.47847,1.47861,1.37,1.00
2017.05.04 13:03:24.766,1.47847,1.47858,1.50,1.00
2017.05.04 13:03:24.908,1.47847,1.47861,1.50,1.00
2017.05.04 13:03:25.431,1.47847,1.47861,1.50,1.00
2017.05.04 13:03:25.955,1.47847,1.4786,1.37,1.00
2017.05.04 13:03:26.489,1.47846,1.47861,1.87,1.00
2017.05.04 13:03:27.279,1.47846,1.47859,2.25,1.00
2017.05.04 13:03:27.845,1.47846,1.47861,3.00,1.00
2017.05.04 13:03:29.113,1.47845,1.47861,2.62,1.00
2017.05.04 13:03:30.080,1.47846,1.4786,1.37,1.00
2017.05.04 13:03:30.456,1.47846,1.47858,1.37,1.00
2017.05.04 13:03:30.688,1.47846,1.4786,1.37,1.00
2017.05.04 13:03:30.790,1.47844,1.4786,5.62,1.37
2017.05.04 13:03:30.842,1.47845,1.4786,1.75,1.37
2017.05.04 13:03:31.238,1.47846,1.47859,1.00,1.50
2017.05.04 13:03:31.392,1.47844,1.47859,1.87,1.12
2017.05.04 13:03:31.818,1.47843,1.4786,1.37,1.37
2017.05.04 13:03:32.666,1.47843,1.47859,1.00,1.50
2017.05.04 13:03:33.218,1.47841,1.47857,2.62,1.37
2017.05.04 13:03:33.526,1.47841,1.47856,1.00,1.00
2017.05.04 13:03:33.628,1.47843,1.47857,1.00,1.00
2017.05.04 13:03:33.782,1.47843,1.47859,1.00,1.00
2017.05.04 13:03:34.294,1.47843,1.47857,1.00,1.00
2017.05.04 13:03:34.816,1.47842,1.47857,1.00,1.00
2017.05.04 13:03:35.365,1.47842,1.47858,1.00,1.00
2017.05.04 13:03:36.127,1.47842,1.47859,1.00,1.12
2017.05.04 13:03:36.815,1.47842,1.47859,1.00,1.37
2017.05.04 13:03:37.326,1.47841,1.47859,2.62,1.37
2017.05.04 13:03:37.683,1.47843,1.47859,1.00,1.37
2017.05.04 13:03:38.244,1.47842,1.47859,1.00,1.00
2017.05.04 13:03:38.717,1.47842,1.47856,1.00,1.37
2017.05.04 13:03:38.769,1.47842,1.47857,1.00,1.00
2017.05.04 13:03:38.873,1.47843,1.4786,1.50,1.50
2017.05.04 13:03:39.087,1.47844,1.47858,1.00,1.37
2017.05.04 13:03:39.396,1.47843,1.47858,1.00,1.50
2017.05.04 13:03:40.014,1.47842,1.47857,1.12,1.37
2017.05.04 13:03:42.200,1.47841,1.47856,1.00,1.37
2017.05.04 13:03:42.660,1.47841,1.47859,1.87,1.62
2017.05.04 13:03:42.817,1.47843,1.47859,1.12,1.87
2017.05.04 13:03:43.346,1.47843,1.4786,1.87,1.37
2017.05.04 13:03:45.170,1.47846,1.4786,1.00,1.12
2017.05.04 13:03:45.508,1.47846,1.47857,1.00,1.12
2017.05.04 13:03:45.611,1.47846,1.47859,1.00,1.75
2017.05.04 13:03:46.226,1.47846,1.47857,1.00,1.50
2017.05.04 13:03:46.278,1.47846,1.47857,1.00,1.12
2017.05.04 13:03:46.329,1.47843,1.47857,1.00,1.12
2017.05.04 13:03:46.892,1.47842,1.47859,2.62,1.81
2017.05.04 13:03:47.459,1.47842,1.47859,1.50,2.18
2017.05.04 13:03:47.968,1.47845,1.47859,1.00,2.56
2017.05.04 13:03:48.199,1.47845,1.4786,2.25,1.12
2017.05.04 13:03:48.846,1.47843,1.47859,1.12,1.12
2017.05.04 13:03:49.000,1.47843,1.47856,1.00,1.00
2017.05.04 13:03:49.329,1.47844,1.4786,1.12,1.12
2017.05.04 13:03:49.939,1.47843,1.47858,3.00,1.43
2017.05.04 13:03:50.247,1.47842,1.47853,1.37,1.00
2017.05.04 13:03:50.599,1.47839,1.47852,1.12,1.37
2017.05.04 13:03:50.651,1.47836,1.47851,1.87,1.37
2017.05.04 13:03:50.806,1.47836,1.47851,1.50,1.37
2017.05.04 13:03:51.114,1.47832,1.47845,1.75,1.00
2017.05.04 13:03:51.265,1.47832,1.47845,1.00,1.37
2017.05.04 13:03:51.316,1.47829,1.47845,1.00,1.37
2017.05.04 13:03:51.368,1.47827,1.47844,1.00,1.37
2017.05.04 13:03:51.790,1.47826,1.4784,1.50,1.00
2017.05.04 13:03:52.299,1.47825,1.47841,1.50,1.37
2017.05.04 13:03:52.351,1.47825,1.47841,1.50,1.12
2017.05.04 13:03:52.548,1.47825,1.47841,3.00,1.00
2017.05.04 13:03:53.337,1.47825,1.47841,1.12,1.00
2017.05.04 13:03:53.936,1.47825,1.4784,1.50,1.00
2017.05.04 13:03:54.091,1.47827,1.47842,1.00,1.50
2017.05.04 13:03:54.143,1.47827,1.47842,1.87,1.50
2017.05.04 13:03:54.708,1.4783,1.47841,1.00,1.12
2017.05.04 13:03:54.760,1.4783,1.47839,1.00,1.00
2017.05.04 13:03:54.863,1.47822,1.47839,1.12,1.00
2017.05.04 13:03:55.376,1.47821,1.47836,1.87,1.00
2017.05.04 13:03:56.154,1.47822,1.47836,1.00,1.00
2017.05.04 13:03:56.656,1.47821,1.47836,1.87,1.00
2017.05.04 13:03:57.423,1.4782,1.47835,1.37,1.00
2017.05.04 13:03:57.679,1.47818,1.47835,1.12,2.06
2017.05.04 13:03:58.003,1.47819,1.47832,1.00,1.00
2017.05.04 13:03:58.310,1.47811,1.47821,1.37,1.37
2017.05.04 13:03:58.363,1.47811,1.4782,1.00,1.12
2017.05.04 13:03:58.414,1.47811,1.47819,1.00,1.37
2017.05.04 13:03:58.466,1.47805,1.47819,1.12,1.37
2017.05.04 13:03:58.568,1.47801,1.47819,1.50,1.37
2017.05.04 13:03:59.112,1.47801,1.47817,1.00,1.00
2017.05.04 13:03:59.623,1.47801,1.47816,1.00,1.00
2017.05.04 13:03:59.829,1.47801,1.47813,1.00,1.00
2017.05.04 13:04:00.368,1.478,1.47813,1.00,1.00
2017.05.04 13:04:00.892,1.47799,1.47812,1.50,1.00
2017.05.04 13:04:01.438,1.478,1.47812,1.00,1.00
2017.05.04 13:04:02.151,1.478,1.47813,1.00,1.00
2017.05.04 13:04:02.677,1.47799,1.47813,1.00,1.00
2017.05.04 13:04:03.049,1.47801,1.47813,1.00,1.00
2017.05.04 13:04:03.101,1.47801,1.47815,1.00,1.00
2017.05.04 13:04:03.429,1.47801,1.47812,1.00,1.37
2017.05.04 13:04:03.532,1.47798,1.4781,1.00,1.00
2017.05.04 13:04:03.788,1.47795,1.4781,1.00,1.00
2017.05.04 13:04:04.360,1.47795,1.47809,1.00,1.00
2017.05.04 13:04:04.617,1.47796,1.47811,1.00,1.00
2017.05.04 13:04:04.672,1.47794,1.4781,1.00,1.37
2017.05.04 13:04:04.724,1.47794,1.4781,1.00,1.87
2017.05.04 13:04:04.777,1.47792,1.47809,1.37,1.37
2017.05.04 13:04:05.032,1.47791,1.47808,1.12,1.37
2017.05.04 13:04:05.216,1.47791,1.47807,1.12,1.12
2017.05.04 13:04:05.729,1.47792,1.47808,1.00,1.37
2017.05.04 13:04:06.113,1.47794,1.47809,1.00,1.37
2017.05.04 13:04:06.421,1.47798,1.47808,1.00,1.00
2017.05.04 13:04:06.831,1.47793,1.47808,1.50,1.12
2017.05.04 13:04:06.882,1.47793,1.47805,1.12,1.00
2017.05.04 13:04:07.190,1.47792,1.47803,1.00,1.12
2017.05.04 13:04:07.496,1.47791,1.47801,1.00,1.00
2017.05.04 13:04:08.037,1.47792,1.47801,1.00,1.00
2017.05.04 13:04:08.088,1.4779,1.47801,1.00,1.00
2017.05.04 13:04:08.432,1.47792,1.47801,1.00,1.00
2017.05.04 13:04:08.993,1.47791,1.47801,1.00,1.00
2017.05.04 13:04:09.530,1.4779,1.47801,1.00,1.00
2017.05.04 13:04:09.867,1.4779,1.47799,1.00,1.00
2017.05.04 13:04:10.400,1.47789,1.47799,1.00,1.00
2017.05.04 13:04:10.890,1.47795,1.47806,1.00,1.19
2017.05.04 13:04:10.941,1.47795,1.47807,1.00,1.00
2017.05.04 13:04:10.993,1.47795,1.47809,1.50,1.00
2017.05.04 13:04:11.096,1.47797,1.47809,1.00,1.00
2017.05.04 13:04:11.402,1.47798,1.47807,1.00,1.00
2017.05.04 13:04:11.862,1.478,1.47808,1.00,1.00
2017.05.04 13:04:11.913,1.478,1.4781,1.00,1.00
2017.05.04 13:04:12.332,1.47798,1.47809,1.00,1.00
2017.05.04 13:04:12.668,1.47801,1.4781,1.00,1.00
2017.05.04 13:04:12.771,1.47797,1.47811,1.12,1.00
2017.05.04 13:04:13.135,1.47796,1.47808,1.87,1.00
2017.05.04 13:04:13.425,1.47798,1.4781,1.00,1.00
2017.05.04 13:04:13.960,1.47798,1.47809,1.00,1.00
2017.05.04 13:04:14.246,1.47797,1.47811,1.00,1.00
2017.05.04 13:04:14.349,1.47797,1.47809,1.00,1.00
2017.05.04 13:04:15.944,1.47797,1.47808,1.00,1.00
2017.05.04 13:04:16.467,1.47797,1.47809,1.12,1.00
2017.05.04 13:04:16.993,1.47797,1.47808,1.12,1.00
2017.05.04 13:04:17.316,1.47803,1.4781,1.00,1.00
2017.05.04 13:04:17.850,1.47804,1.4781,1.00,1.00
2017.05.04 13:04:17.902,1.47802,1.4781,1.00,1.00
2017.05.04 13:04:18.424,1.47801,1.4781,1.00,1.00
2017.05.04 13:04:18.944,1.478,1.4781,1.00,1.00
2017.05.04 13:04:19.460,1.47799,1.4781,1.50,1.00
2017.05.04 13:04:19.562,1.478,1.4781,1.37,1.00
2017.05.04 13:04:20.180,1.478,1.47814,2.62,1.00
2017.05.04 13:04:20.233,1.47809,1.4782,1.67,1.12
2017.05.04 13:04:20.336,1.47812,1.47825,1.50,1.12
2017.05.04 13:04:20.541,1.47814,1.47827,1.50,1.00
2017.05.04 13:04:22.433,1.47814,1.4783,3.00,1.37
2017.05.04 13:04:22.763,1.47817,1.47828,1.00,1.00
2017.05.04 13:04:22.815,1.47815,1.47828,1.50,1.00
2017.05.04 13:04:24.495,1.47815,1.47826,1.00,1.00
2017.05.04 13:04:25.016,1.47813,1.47826,1.50,1.00
2017.05.04 13:04:29.906,1.47813,1.47825,1.50,1.00
2017.05.04 13:04:30.239,1.47809,1.4782,2.25,1.37
2017.05.04 13:04:30.291,1.47809,1.47818,1.00,1.00
2017.05.04 13:04:30.342,1.47806,1.47818,1.00,1.00
2017.05.04 13:04:30.395,1.47806,1.47816,1.00,1.00
2017.05.04 13:04:30.600,1.47805,1.47818,1.00,1.00
2017.05.04 13:04:30.652,1.47805,1.47816,1.50,1.00
2017.05.04 13:04:31.254,1.47805,1.47816,1.12,1.00
2017.05.04 13:04:31.562,1.47804,1.47818,1.37,1.00
2017.05.04 13:04:32.093,1.47806,1.47818,1.00,1.00
2017.05.04 13:04:32.606,1.47807,1.47818,1.00,1.00
2017.05.04 13:04:32.811,1.47805,1.47818,1.00,1.00
2017.05.04 13:04:33.326,1.47805,1.47817,1.50,1.00
2017.05.04 13:04:33.495,1.47805,1.47819,1.50,1.00
2017.05.04 13:04:34.036,1.47805,1.47818,1.50,1.00
2017.05.04 13:04:34.241,1.47807,1.47818,1.00,1.00
2017.05.04 13:04:34.445,1.47807,1.47821,1.00,1.00
2017.05.04 13:04:34.854,1.47808,1.4782,1.37,1.00
2017.05.04 13:04:35.026,1.47808,1.47822,1.37,1.00
2017.05.04 13:04:35.538,1.47808,1.47823,1.37,1.00
2017.05.04 13:04:37.447,1.47811,1.47824,1.75,1.00
2017.05.04 13:04:37.551,1.4782,1.4783,1.00,1.00
2017.05.04 13:04:37.756,1.4782,1.47832,1.00,1.00
2017.05.04 13:04:37.858,1.47818,1.47832,1.00,1.00
2017.05.04 13:04:39.304,1.47819,1.47832,1.00,1.00
2017.05.04 13:04:39.408,1.47817,1.47829,1.50,1.37
2017.05.04 13:04:39.691,1.47821,1.47836,1.50,1.00
2017.05.04 13:04:40.203,1.47821,1.47835,1.87,1.00
2017.05.04 13:04:40.509,1.47821,1.47837,1.87,2.81
2017.05.04 13:04:41.146,1.47825,1.47837,1.75,1.37
2017.05.04 13:04:41.300,1.47825,1.47838,1.75,1.00
2017.05.04 13:04:41.463,1.47827,1.47837,1.50,1.87
2017.05.04 13:04:41.775,1.47824,1.47837,1.75,1.87
2017.05.04 13:04:42.184,1.47824,1.47837,1.75,1.87
2017.05.04 13:04:42.338,1.47822,1.47835,2.25,1.37
2017.05.04 13:04:42.581,1.47828,1.47837,2.62,1.00
2017.05.04 13:04:42.634,1.47827,1.47841,3.00,1.00
2017.05.04 13:04:43.146,1.47825,1.47842,1.87,1.62
2017.05.04 13:04:43.248,1.47827,1.47843,1.50,1.56
2017.05.04 13:04:43.565,1.47831,1.47844,1.75,1.00
2017.05.04 13:04:44.178,1.4783,1.47843,1.75,1.00
2017.05.04 13:04:44.478,1.47831,1.47845,3.75,1.00
2017.05.04 13:04:45.666,1.47831,1.47845,2.25,1.87
2017.05.04 13:04:46.448,1.47832,1.47845,2.25,1.00
2017.05.04 13:04:47.535,1.47832,1.47846,2.25,1.00
2017.05.04 13:04:48.571,1.47834,1.47851,1.75,1.12
2017.05.04 13:04:48.910,1.47836,1.47853,2.62,1.31
2017.05.04 13:04:49.318,1.47836,1.47854,3.37,1.56
2017.05.04 13:04:49.421,1.47836,1.47854,4.12,1.31
2017.05.04 13:04:50.216,1.47838,1.47849,1.12,1.37
2017.05.04 13:04:50.268,1.47836,1.4785,1.50,1.12
2017.05.04 13:04:50.372,1.47836,1.4785,1.37,1.00
2017.05.04 13:04:50.986,1.47837,1.47851,1.37,1.00
2017.05.04 13:04:51.320,1.47838,1.47852,3.37,1.00
2017.05.04 13:04:51.833,1.47839,1.47853,1.50,1.12
2017.05.04 13:04:52.398,1.47838,1.47853,2.25,1.37
2017.05.04 13:04:52.917,1.47841,1.47854,1.00,1.00
2017.05.04 13:04:53.190,1.47843,1.47854,1.00,1.00
2017.05.04 13:04:53.446,1.47842,1.47857,1.00,1.24
2017.05.04 13:04:53.901,1.47847,1.47857,1.00,1.00
2017.05.04 13:04:53.953,1.47848,1.4786,1.00,1.32
2017.05.04 13:04:54.005,1.47846,1.4786,1.00,1.32
2017.05.04 13:04:54.057,1.47846,1.4786,1.75,1.37
2017.05.04 13:04:54.595,1.47848,1.47862,1.00,1.12
2017.05.04 13:04:54.749,1.4785,1.47864,1.00,2.25
2017.05.04 13:04:55.008,1.47851,1.47864,1.00,1.00
2017.05.04 13:04:55.213,1.47853,1.47865,1.00,1.12
2017.05.04 13:04:55.367,1.47854,1.47867,1.00,1.12
2017.05.04 13:04:55.418,1.47858,1.47867,1.00,1.00
2017.05.04 13:04:55.469,1.47856,1.47872,1.00,1.37
2017.05.04 13:04:55.521,1.47859,1.47872,1.00,1.00
2017.05.04 13:04:55.666,1.47862,1.47874,1.00,1.37
2017.05.04 13:04:55.769,1.47862,1.47877,1.00,1.74
2017.05.04 13:04:55.821,1.47864,1.47877,1.00,1.74
2017.05.04 13:04:56.281,1.47863,1.47877,1.00,1.97
2017.05.04 13:04:56.385,1.47862,1.47874,1.00,1.32
2017.05.04 13:04:56.812,1.47869,1.47875,1.00,1.37
2017.05.04 13:04:56.864,1.47865,1.47875,1.00,1.37
2017.05.04 13:04:57.378,1.47866,1.47877,1.50,1.37
2017.05.04 13:04:57.808,1.47869,1.47877,1.00,1.87
2017.05.04 13:04:57.860,1.47866,1.47877,1.50,1.87
2017.05.04 13:04:58.540,1.47866,1.47877,1.00,1.87
2017.05.04 13:04:59.101,1.47865,1.47875,1.00,1.37
2017.05.04 13:04:59.458,1.47866,1.47874,1.00,1.37
2017.05.04 13:04:59.586,1.47866,1.47877,1.00,2.06
2017.05.04 13:04:59.638,1.47866,1.47877,1.00,1.37
2017.05.04 13:04:59.844,1.4786,1.47878,2.62,2.44
2017.05.04 13:04:59.896,1.4786,1.47875,1.87,1.37
2017.05.04 13:05:00.203,1.47859,1.47875,1.00,1.37
2017.05.04 13:05:00.666,1.4786,1.47873,1.00,1.24
2017.05.04 13:05:00.769,1.47857,1.47873,1.00,1.62
2017.05.04 13:05:00.975,1.4786,1.47874,1.00,1.49
2017.05.04 13:05:01.540,1.47858,1.47874,1.50,1.24
2017.05.04 13:05:02.029,1.47864,1.47871,1.00,1.00
2017.05.04 13:05:02.133,1.47858,1.4787,1.00,1.12
2017.05.04 13:05:02.185,1.47864,1.4787,1.00,1.00
2017.05.04 13:05:02.545,1.47863,1.47872,1.00,1.12
2017.05.04 13:05:03.089,1.47862,1.47872,1.00,1.00
2017.05.04 13:05:03.498,1.47861,1.47874,1.00,1.50
2017.05.04 13:05:03.652,1.47859,1.47874,1.00,1.50
2017.05.04 13:05:03.754,1.47859,1.47874,1.00,1.87
2017.05.04 13:05:04.391,1.4786,1.47869,1.00,1.00
2017.05.04 13:05:04.598,1.47863,1.47878,1.00,1.87
2017.05.04 13:05:05.126,1.47864,1.47878,1.00,2.25
2017.05.04 13:05:06.015,1.47863,1.47874,1.00,1.00
2017.05.04 13:05:06.525,1.47862,1.47875,1.00,1.00
2017.05.04 13:05:06.831,1.47862,1.47873,1.00,1.00
2017.05.04 13:05:07.397,1.47861,1.47874,1.12,1.00
2017.05.04 13:05:07.705,1.47857,1.47863,1.00,1.37
2017.05.04 13:05:07.810,1.47849,1.47862,1.37,1.37
2017.05.04 13:05:07.913,1.47849,1.47863,1.37,1.54
2017.05.04 13:05:08.111,1.47849,1.4786,1.00,1.00
2017.05.04 13:05:08.888,1.4785,1.4786,1.00,1.00
2017.05.04 13:05:09.431,1.47849,1.47861,1.00,1.00
2017.05.04 13:05:09.826,1.47851,1.47861,1.00,1.00
2017.05.04 13:05:10.468,1.47852,1.47862,1.00,1.16
2017.05.04 13:05:10.818,1.47852,1.4786,1.00,1.00
2017.05.04 13:05:11.140,1.4785,1.47858,1.00,1.00
2017.05.04 13:05:11.447,1.47845,1.47858,1.00,1.00
2017.05.04 13:05:11.661,1.47849,1.47859,1.00,1.00
2017.05.04 13:05:12.191,1.4785,1.47861,1.00,1.00
2017.05.04 13:05:12.295,1.47853,1.47864,1.00,1.00
2017.05.04 13:05:12.602,1.47856,1.47867,1.00,1.00
2017.05.04 13:05:13.129,1.47856,1.47868,1.00,1.00
2017.05.04 13:05:13.443,1.47858,1.47869,1.00,1.00
2017.05.04 13:05:13.801,1.47859,1.47866,1.00,1.00
2017.05.04 13:05:14.312,1.47858,1.47866,1.00,1.00
2017.05.04 13:05:14.363,1.47856,1.47866,1.00,1.00
2017.05.04 13:05:14.907,1.47857,1.47866,1.00,1.00
2017.05.04 13:05:15.468,1.47856,1.47865,1.00,1.00
2017.05.04 13:05:16.351,1.47856,1.47866,1.00,1.00
2017.05.04 13:05:16.866,1.47857,1.47867,1.00,1.00
2017.05.04 13:05:17.121,1.4786,1.47866,1.00,1.00
2017.05.04 13:05:17.326,1.47853,1.4786,1.25,1.00
2017.05.04 13:05:17.378,1.4785,1.47858,1.00,1.00
2017.05.04 13:05:17.888,1.47849,1.47859,1.00,1.00
2017.05.04 13:05:18.306,1.47849,1.47861,1.00,1.00
2017.05.04 13:05:18.717,1.4785,1.47859,1.00,1.00
2017.05.04 13:05:18.973,1.4785,1.47861,1.00,1.00
2017.05.04 13:05:19.484,1.47849,1.4786,1.00,1.00
2017.05.04 13:05:19.590,1.47853,1.47864,1.00,1.00
2017.05.04 13:05:19.910,1.47853,1.47859,1.00,1.00
2017.05.04 13:05:19.961,1.47849,1.47859,1.00,1.00
2017.05.04 13:05:20.117,1.47849,1.47862,1.12,1.00
2017.05.04 13:05:20.169,1.4785,1.47864,1.31,1.50
2017.05.04 13:05:20.578,1.47852,1.47863,1.00,1.00
2017.05.04 13:05:21.314,1.47853,1.47864,1.00,1.00
2017.05.04 13:05:21.366,1.47853,1.47866,1.00,1.00
2017.05.04 13:05:21.892,1.47853,1.47863,1.00,1.00
2017.05.04 13:05:22.424,1.47852,1.47863,1.00,1.00
2017.05.04 13:05:22.475,1.47852,1.47865,1.00,1.00
2017.05.04 13:05:22.629,1.47855,1.47869,1.69,1.75
2017.05.04 13:05:22.681,1.47856,1.4787,1.00,1.00
2017.05.04 13:05:22.732,1.47859,1.47871,1.69,1.00
2017.05.04 13:05:22.886,1.47861,1.47875,1.12,1.00
2017.05.04 13:05:22.938,1.47862,1.47877,2.25,1.00
2017.05.04 13:05:23.399,1.47865,1.47876,1.00,1.00
2017.05.04 13:05:23.827,1.47863,1.47875,1.00,1.37
2017.05.04 13:05:23.931,1.4786,1.47874,1.00,1.37
2017.05.04 13:05:24.289,1.47864,1.47876,1.00,1.37
2017.05.04 13:05:24.648,1.47862,1.47876,1.00,1.37
2017.05.04 13:05:25.159,1.47863,1.47876,1.00,1.37
2017.05.04 13:05:25.521,1.47864,1.47878,1.00,1.37
2017.05.04 13:05:25.777,1.47868,1.47879,1.00,1.37
2017.05.04 13:05:25.829,1.47868,1.47882,1.37,1.00
2017.05.04 13:05:25.880,1.47872,1.47882,1.00,1.00
2017.05.04 13:05:25.932,1.47872,1.47885,1.00,1.37
2017.05.04 13:05:26.270,1.4787,1.47884,1.12,1.12
2017.05.04 13:05:26.819,1.4787,1.47883,1.12,1.00
2017.05.04 13:05:27.330,1.47871,1.47883,1.12,1.00
2017.05.04 13:05:27.638,1.47871,1.47881,1.12,1.12
2017.05.04 13:05:27.848,1.47862,1.47877,1.25,1.37
2017.05.04 13:05:28.457,1.47864,1.47876,1.00,1.37
2017.05.04 13:05:28.992,1.47863,1.47876,1.00,1.37
2017.05.04 13:05:29.363,1.47865,1.47878,1.00,1.37
2017.05.04 13:05:31.195,1.47866,1.47878,1.00,1.37
2017.05.04 13:05:31.795,1.47865,1.47878,1.00,1.37
2017.05.04 13:05:31.999,1.47863,1.47879,1.00,1.37
2017.05.04 13:05:33.090,1.47863,1.47873,1.00,1.37
2017.05.04 13:05:33.988,1.47864,1.47875,1.00,1.50
2017.05.04 13:05:34.797,1.47863,1.47875,1.00,1.50
2017.05.04 13:05:35.415,1.47864,1.47875,1.00,1.50
2017.05.04 13:05:35.466,1.47864,1.47875,1.50,3.97
2017.05.04 13:05:35.518,1.47864,1.47874,1.00,1.67
2017.05.04 13:05:35.570,1.47864,1.47872,1.00,1.87
2017.05.04 13:05:35.621,1.47859,1.47868,1.00,1.00
2017.05.04 13:05:35.724,1.47856,1.47868,1.12,1.87
2017.05.04 13:05:36.529,1.47855,1.47868,1.37,3.00
2017.05.04 13:05:37.148,1.47854,1.47868,1.37,3.00
2017.05.04 13:05:37.818,1.47853,1.47868,1.75,1.87
2017.05.04 13:05:38.665,1.47853,1.47867,1.00,1.12
2017.05.04 13:05:39.248,1.47852,1.47867,1.00,1.12
2017.05.04 13:05:39.716,1.47855,1.47869,1.37,1.87
2017.05.04 13:05:39.769,1.47856,1.47869,1.12,1.00
2017.05.04 13:05:39.822,1.4786,1.47869,1.00,1.00
2017.05.04 13:05:39.874,1.47859,1.47875,1.00,1.37
2017.05.04 13:05:39.977,1.47861,1.47875,1.00,1.37
2017.05.04 13:05:40.701,1.4786,1.47877,1.00,1.75
2017.05.04 13:05:41.010,1.47859,1.47877,1.00,2.25
2017.05.04 13:05:41.266,1.47859,1.47874,1.50,1.00
2017.05.04 13:05:41.523,1.4786,1.47875,1.00,1.12
2017.05.04 13:05:42.284,1.47859,1.47875,1.50,1.37
2017.05.04 13:05:42.809,1.4786,1.47875,1.00,1.37
2017.05.04 13:05:43.343,1.4786,1.47874,1.00,2.62
2017.05.04 13:05:43.447,1.47859,1.47873,1.00,1.00
2017.05.04 13:05:43.499,1.47862,1.47876,1.00,6.22
2017.05.04 13:05:43.550,1.47862,1.47876,1.00,5.25
2017.05.04 13:05:43.677,1.47862,1.47873,1.00,1.75
2017.05.04 13:05:43.728,1.47858,1.47873,1.00,1.75
2017.05.04 13:05:43.831,1.47858,1.47872,1.00,1.00
2017.05.04 13:05:44.405,1.47857,1.47872,1.00,1.00
2017.05.04 13:05:44.934,1.47857,1.47875,1.00,2.62
2017.05.04 13:05:45.314,1.47857,1.47875,1.00,1.75
2017.05.04 13:05:45.417,1.47859,1.47875,1.00,1.75
2017.05.04 13:05:45.880,1.4786,1.47876,1.00,3.37
2017.05.04 13:05:45.983,1.47858,1.47871,1.50,1.00
2017.05.04 13:05:46.653,1.47859,1.47874,1.00,1.37
2017.05.04 13:05:47.165,1.47859,1.47875,1.00,1.12
2017.05.04 13:05:47.514,1.47857,1.47874,1.00,1.75
2017.05.04 13:05:47.617,1.47857,1.47871,1.00,1.12
2017.05.04 13:05:48.625,1.47857,1.47871,1.00,1.87
2017.05.04 13:05:48.728,1.47855,1.47871,1.87,1.87
2017.05.04 13:05:48.870,1.47855,1.4787,1.87,1.12
2017.05.04 13:05:49.374,1.47854,1.47867,1.00,1.00
2017.05.04 13:05:49.987,1.47855,1.47868,1.00,1.87
2017.05.04 13:05:50.525,1.47854,1.47868,1.00,1.87
2017.05.04 13:05:50.627,1.47852,1.47868,1.50,1.50
2017.05.04 13:05:51.185,1.47853,1.47868,1.00,1.50
2017.05.04 13:05:52.380,1.47853,1.47871,2.62,2.25
2017.05.04 13:05:52.432,1.47853,1.47871,3.37,1.50
2017.05.04 13:05:52.484,1.47856,1.47871,1.00,1.50
2017.05.04 13:05:52.793,1.47858,1.47872,1.50,1.00
2017.05.04 13:05:53.942,1.47858,1.47872,1.00,1.37
2017.05.04 13:05:53.994,1.47858,1.47872,1.00,1.00
2017.05.04 13:05:54.558,1.47859,1.47872,1.00,1.00
2017.05.04 13:05:54.662,1.47859,1.47874,1.00,1.12
2017.05.04 13:05:55.715,1.47859,1.47876,1.00,1.37
2017.05.04 13:05:56.259,1.4786,1.47873,1.00,1.37
2017.05.04 13:05:56.669,1.47862,1.47873,1.00,1.00
2017.05.04 13:05:57.179,1.47861,1.47873,1.50,1.00
2017.05.04 13:06:01.204,1.47859,1.47873,1.00,1.00
2017.05.04 13:06:02.144,1.47859,1.47874,1.69,1.00
2017.05.04 13:06:02.856,1.47858,1.47874,1.00,1.12
2017.05.04 13:06:02.958,1.47858,1.47872,1.00,1.12
2017.05.04 13:06:03.482,1.47857,1.47872,2.44,1.00
2017.05.04 13:06:03.816,1.4786,1.47873,1.00,1.00
2017.05.04 13:06:04.509,1.4786,1.47874,1.00,1.00
2017.05.04 13:06:05.522,1.4786,1.47875,1.50,1.12
2017.05.04 13:06:06.397,1.47859,1.47875,1.50,1.12
2017.05.04 13:06:06.704,1.47861,1.47875,1.00,1.12
2017.05.04 13:06:07.212,1.47861,1.47874,1.00,1.00
2017.05.04 13:06:07.937,1.47859,1.47874,1.50,1.00
2017.05.04 13:06:08.243,1.4786,1.47876,1.00,1.00
2017.05.04 13:06:08.800,1.47861,1.47876,1.00,1.00
2017.05.04 13:06:09.335,1.47863,1.47877,1.00,1.12
2017.05.04 13:06:09.846,1.47862,1.47878,3.00,1.00
2017.05.04 13:06:10.339,1.47862,1.47877,1.87,1.37
2017.05.04 13:06:10.749,1.4786,1.47875,1.00,1.12
2017.05.04 13:06:11.390,1.47859,1.47875,2.62,1.12
2017.05.04 13:06:11.543,1.4786,1.47875,1.19,1.12
2017.05.04 13:06:14.079,1.4786,1.47879,2.44,2.00
2017.05.04 13:06:14.131,1.4786,1.47879,1.69,1.54
2017.05.04 13:06:14.183,1.4786,1.47879,1.69,1.54
2017.05.04 13:06:14.903,1.4786,1.47879,1.69,2.37
2017.05.04 13:06:17.154,1.4786,1.47879,4.31,1.37
2017.05.04 13:06:17.462,1.47862,1.47882,2.44,2.62
2017.05.04 13:06:17.990,1.47863,1.47881,2.44,1.87
2017.05.04 13:06:19.298,1.47863,1.4788,1.56,1.37
2017.05.04 13:06:19.554,1.47861,1.47877,1.56,1.87
2017.05.04 13:06:21.897,1.47861,1.47877,1.56,1.00
2017.05.04 13:06:24.617,1.47861,1.47875,1.31,1.00
2017.05.04 13:06:27.059,1.47858,1.47875,2.44,1.00
2017.05.04 13:06:27.565,1.4786,1.47875,1.56,1.00
2017.05.04 13:06:28.679,1.47859,1.47875,2.06,1.00
2017.05.04 13:06:31.618,1.47859,1.47874,1.94,1.00
2017.05.04 13:06:31.722,1.47862,1.47875,1.19,1.37
2017.05.04 13:06:31.926,1.47859,1.47873,1.56,1.50
2017.05.04 13:06:32.057,1.47858,1.47872,1.00,1.12
2017.05.04 13:06:32.568,1.47858,1.47875,1.31,1.50
2017.05.04 13:06:32.926,1.47857,1.47875,2.06,1.87
2017.05.04 13:06:34.370,1.47857,1.47872,1.31,1.00
2017.05.04 13:06:34.422,1.47856,1.47871,1.62,1.50
2017.05.04 13:06:37.252,1.47854,1.47872,2.44,1.50
2017.05.04 13:06:37.304,1.47858,1.47872,1.19,1.12
2017.05.04 13:06:37.612,1.47851,1.47865,1.00,1.72
2017.05.04 13:06:37.715,1.47845,1.47861,1.25,1.00
2017.05.04 13:06:37.870,1.47843,1.47858,2.44,1.00
2017.05.04 13:06:37.921,1.47843,1.47861,2.44,1.50
2017.05.04 13:06:39.098,1.47843,1.47859,1.69,1.00
2017.05.04 13:06:42.068,1.47841,1.47859,1.69,1.00
2017.05.04 13:06:43.878,1.47842,1.47858,1.25,1.00
2017.05.04 13:06:47.645,1.47842,1.47859,1.25,2.25
2017.05.04 13:06:49.084,1.47843,1.47859,1.19,1.00
2017.05.04 13:06:52.864,1.47843,1.47859,1.25,1.00
2017.05.04 13:06:53.172,1.47842,1.47856,1.19,1.00
2017.05.04 13:06:53.267,1.4784,1.47856,1.31,1.26
2017.05.04 13:06:53.781,1.47838,1.47856,2.06,3.13
2017.05.04 13:06:54.151,1.47838,1.47854,2.06,1.00
2017.05.04 13:06:54.481,1.47838,1.47854,1.00,1.35
2017.05.04 13:06:54.533,1.47839,1.47854,1.00,1.87
2017.05.04 13:06:54.689,1.47834,1.4785,1.19,1.37
2017.05.04 13:06:54.740,1.47834,1.47849,1.19,1.37
2017.05.04 13:06:55.149,1.47833,1.47851,1.69,2.49
2017.05.04 13:06:55.354,1.47834,1.47851,1.19,1.32
2017.05.04 13:06:56.208,1.47837,1.47855,1.00,2.49
2017.05.04 13:06:56.260,1.47837,1.47855,1.00,1.87
2017.05.04 13:06:56.312,1.47837,1.47856,2.44,1.12
2017.05.04 13:06:57.750,1.47843,1.47858,1.00,1.50
2017.05.04 13:06:57.855,1.47842,1.47859,1.69,1.37
2017.05.04 13:06:57.959,1.47844,1.47861,1.00,1.50
2017.05.04 13:06:58.164,1.47845,1.47863,1.12,3.75
2017.05.04 13:06:58.898,1.47846,1.47864,1.00,2.62
2017.05.04 13:06:58.950,1.47848,1.47864,1.00,1.50
2017.05.04 13:06:59.461,1.47848,1.47865,1.12,1.37
2017.05.04 13:06:59.772,1.47851,1.47866,1.00,1.00
2017.05.04 13:07:00.442,1.47851,1.47867,1.00,1.12
2017.05.04 13:07:00.761,1.47853,1.47869,1.00,3.00
2017.05.04 13:07:01.305,1.47852,1.47869,1.12,1.50
2017.05.04 13:07:01.857,1.47852,1.47868,1.00,1.00
2017.05.04 13:07:02.365,1.47852,1.47869,1.12,2.25
2017.05.04 13:07:03.844,1.47854,1.47869,1.00,1.00
2017.05.04 13:07:04.274,1.47856,1.47871,1.00,2.25
2017.05.04 13:07:04.582,1.47867,1.47876,1.00,1.00
2017.05.04 13:07:04.734,1.47871,1.47881,1.50,1.12
2017.05.04 13:07:04.840,1.47876,1.47883,1.19,1.37
2017.05.04 13:07:04.943,1.47878,1.47891,1.00,1.87
2017.05.04 13:07:05.046,1.47876,1.47887,1.50,1.00
2017.05.04 13:07:05.098,1.47876,1.47889,1.50,1.50
2017.05.04 13:07:05.149,1.47876,1.47891,1.50,1.00
2017.05.04 13:07:06.063,1.47874,1.47892,2.44,1.00
2017.05.04 13:07:06.674,1.47875,1.47889,2.44,1.00
2017.05.04 13:07:06.862,1.47871,1.47886,1.00,1.00
2017.05.04 13:07:06.966,1.47871,1.47885,1.00,1.50
2017.05.04 13:07:07.496,1.4787,1.47884,1.00,2.25
2017.05.04 13:07:07.905,1.47866,1.47881,1.18,1.00
2017.05.04 13:07:08.444,1.47865,1.4788,1.43,1.00
2017.05.04 13:07:08.956,1.47864,1.4788,1.19,2.62
2017.05.04 13:07:09.683,1.47864,1.4788,1.19,3.00
2017.05.04 13:07:10.433,1.47862,1.47878,1.12,1.00
2017.05.04 13:07:10.812,1.47861,1.47873,1.25,1.00
2017.05.04 13:07:11.858,1.4786,1.47872,1.19,1.00
2017.05.04 13:07:13.559,1.4786,1.47871,1.19,1.00
2017.05.04 13:07:14.083,1.4786,1.47872,1.69,1.00
2017.05.04 13:07:14.288,1.4786,1.47874,1.93,1.00
2017.05.04 13:07:14.441,1.4786,1.47872,2.68,1.00
2017.05.04 13:07:14.967,1.47861,1.47873,1.93,1.00
2017.05.04 13:07:15.232,1.47862,1.47875,1.93,1.00
2017.05.04 13:07:15.744,1.47862,1.47876,2.68,1.00
2017.05.04 13:07:15.899,1.47866,1.4788,1.19,1.00
2017.05.04 13:07:16.355,1.47866,1.47878,1.93,1.00
2017.05.04 13:07:16.460,1.47864,1.47878,1.37,1.00
2017.05.04 13:07:17.127,1.47863,1.47876,1.69,1.00
2017.05.04 13:07:17.782,1.47863,1.47877,2.06,1.00
2017.05.04 13:07:20.241,1.47863,1.47876,1.69,1.00
2017.05.04 13:07:20.778,1.47863,1.47877,1.69,1.00
2017.05.04 13:07:21.305,1.47863,1.47876,1.69,1.00
2017.05.04 13:07:21.560,1.47862,1.47876,1.00,1.00
2017.05.04 13:07:22.091,1.47861,1.47876,1.25,1.00
2017.05.04 13:07:22.639,1.47861,1.47875,1.69,1.00
2017.05.04 13:07:22.690,1.47861,1.47872,1.69,1.00
2017.05.04 13:07:22.793,1.47859,1.47872,1.25,1.00
2017.05.04 13:07:22.845,1.47857,1.47869,1.31,1.00
2017.05.04 13:07:23.212,1.47857,1.47871,1.19,1.12
2017.05.04 13:07:23.787,1.47857,1.4787,1.19,1.00
2017.05.04 13:07:24.301,1.4786,1.47874,1.00,1.00
2017.05.04 13:07:24.841,1.47861,1.47875,1.00,1.87
2017.05.04 13:07:25.359,1.47861,1.47874,1.00,1.00
2017.05.04 13:07:25.563,1.4786,1.47877,1.00,1.12
2017.05.04 13:07:25.993,1.4786,1.47877,1.00,1.50
2017.05.04 13:07:26.494,1.47861,1.47877,1.00,1.87
2017.05.04 13:07:27.036,1.47861,1.47877,1.19,1.50
2017.05.04 13:07:27.616,1.4786,1.47876,1.69,1.00
2017.05.04 13:07:28.131,1.47863,1.47876,1.00,1.12
2017.05.04 13:07:28.717,1.47862,1.47878,1.25,3.37
2017.05.04 13:07:29.233,1.47862,1.47878,1.25,3.00
2017.05.04 13:07:31.670,1.47861,1.47877,1.19,1.87
2017.05.04 13:07:32.383,1.47861,1.47875,1.19,1.75
2017.05.04 13:07:34.480,1.47858,1.47872,1.25,1.00
2017.05.04 13:07:34.531,1.47858,1.47872,1.00,1.87
2017.05.04 13:07:34.635,1.47855,1.47869,1.19,1.12
2017.05.04 13:07:34.951,1.47854,1.47869,1.00,1.12
2017.05.04 13:07:35.468,1.47853,1.47868,1.25,1.00
2017.05.04 13:07:36.017,1.47854,1.4787,1.00,3.00
2017.05.04 13:07:36.425,1.47854,1.4787,1.00,1.12
2017.05.04 13:07:36.476,1.47854,1.4787,1.00,1.87
2017.05.04 13:07:37.020,1.47853,1.4787,1.00,1.12
2017.05.04 13:07:37.538,1.47852,1.47868,1.00,1.50
2017.05.04 13:07:37.845,1.47852,1.47868,1.00,1.75
2017.05.04 13:07:38.002,1.4785,1.47867,1.25,1.50
2017.05.04 13:07:38.553,1.47852,1.47865,1.00,1.00
2017.05.04 13:07:39.064,1.47853,1.47867,1.00,1.37
2017.05.04 13:07:39.370,1.47853,1.47867,1.00,1.37
2017.05.04 13:07:39.932,1.47853,1.47865,1.12,1.00
2017.05.04 13:07:40.034,1.47853,1.47867,1.00,1.12
2017.05.04 13:07:40.086,1.47853,1.47867,1.00,1.37
2017.05.04 13:07:40.725,1.47852,1.47864,1.00,1.50
2017.05.04 13:07:40.777,1.47851,1.47864,1.00,1.37
2017.05.04 13:07:41.135,1.4785,1.47865,1.25,1.75
2017.05.04 13:07:41.671,1.47849,1.47862,1.00,1.37
2017.05.04 13:07:42.275,1.47849,1.47862,1.00,1.37
2017.05.04 13:07:42.793,1.47848,1.47861,1.00,1.37
2017.05.04 13:07:43.448,1.47848,1.47861,1.00,1.00
2017.05.04 13:07:44.288,1.4785,1.47861,1.00,1.00
2017.05.04 13:07:45.397,1.47851,1.47861,1.31,1.00
2017.05.04 13:07:45.448,1.47851,1.47865,1.31,1.00
2017.05.04 13:07:45.858,1.4785,1.47863,1.19,1.00
2017.05.04 13:07:46.722,1.47851,1.47861,1.00,1.00
2017.05.04 13:07:46.927,1.47851,1.47863,1.00,1.00
2017.05.04 13:07:47.131,1.47848,1.47862,1.31,1.00
2017.05.04 13:07:47.838,1.47851,1.47862,1.00,1.00
2017.05.04 13:07:48.196,1.47849,1.47862,1.25,1.00
2017.05.04 13:07:48.248,1.47849,1.47864,1.25,1.00
2017.05.04 13:07:48.350,1.47849,1.47861,1.25,1.00
2017.05.04 13:07:48.893,1.4785,1.47861,1.00,1.00
2017.05.04 13:07:49.411,1.47849,1.47861,1.25,1.00
2017.05.04 13:07:50.076,1.47848,1.47861,1.00,1.00
2017.05.04 13:07:50.613,1.47848,1.47862,1.25,1.00
2017.05.04 13:07:51.127,1.47847,1.47861,1.56,1.50
2017.05.04 13:07:51.449,1.47846,1.47858,1.31,1.00
2017.05.04 13:07:52.002,1.47846,1.47859,1.56,1.00
2017.05.04 13:07:52.756,1.47847,1.47859,1.31,1.00
2017.05.04 13:07:53.265,1.47847,1.47862,1.31,2.25
2017.05.04 13:07:53.439,1.47847,1.47859,1.31,1.00
2017.05.04 13:07:53.905,1.47848,1.47859,1.62,1.00
2017.05.04 13:07:54.008,1.47847,1.47859,1.19,1.00
2017.05.04 13:07:54.538,1.47848,1.4786,1.19,1.00
2017.05.04 13:07:55.066,1.47849,1.47861,1.25,1.00
2017.05.04 13:07:56.076,1.4785,1.47861,1.00,1.00
2017.05.04 13:07:57.578,1.47849,1.47861,1.25,1.00
2017.05.04 13:07:58.177,1.47851,1.47861,1.25,1.00
2017.05.04 13:07:58.281,1.47854,1.47867,1.00,1.32
2017.05.04 13:07:58.384,1.47856,1.47867,1.00,1.32
2017.05.04 13:07:58.561,1.47856,1.47869,1.00,1.00
2017.05.04 13:07:59.107,1.47856,1.47868,1.00,1.00
2017.05.04 13:07:59.765,1.47856,1.47866,1.00,1.00
2017.05.04 13:07:59.921,1.47853,1.47866,1.69,1.00
2017.05.04 13:08:00.075,1.47854,1.47868,1.00,2.25
2017.05.04 13:08:00.485,1.47854,1.47865,1.00,1.00
2017.05.04 13:08:00.589,1.47854,1.47867,1.00,1.00
2017.05.04 13:08:01.021,1.47854,1.47865,1.00,1.00
2017.05.04 13:08:01.123,1.47852,1.47864,1.00,1.00
2017.05.04 13:08:01.635,1.47853,1.47864,1.00,1.00
2017.05.04 13:08:02.137,1.47852,1.47864,1.50,1.00
2017.05.04 13:08:02.342,1.47854,1.47865,1.00,1.00
2017.05.04 13:08:02.393,1.47854,1.47867,1.00,1.00
2017.05.04 13:08:02.905,1.47853,1.47866,1.00,1.87
2017.05.04 13:08:03.324,1.47853,1.47863,1.00,1.00
2017.05.04 13:08:03.697,1.47853,1.47861,1.00,1.00
2017.05.04 13:08:03.801,1.4785,1.47862,1.00,1.37
2017.05.04 13:08:04.328,1.4785,1.47862,1.00,1.00
2017.05.04 13:08:04.431,1.4785,1.47859,1.00,1.00
2017.05.04 13:08:05.582,1.47851,1.47861,1.00,1.00
2017.05.04 13:08:05.634,1.47858,1.47863,1.00,1.00
2017.05.04 13:08:05.787,1.47855,1.47861,1.00,1.00
2017.05.04 13:08:06.146,1.47852,1.47861,1.00,1.00
2017.05.04 13:08:06.431,1.47849,1.47858,1.00,1.00
2017.05.04 13:08:06.762,1.47852,1.4786,1.00,1.00
2017.05.04 13:08:07.236,1.47854,1.47863,1.00,1.00
2017.05.04 13:08:07.288,1.47852,1.47863,1.50,1.00
2017.05.04 13:08:07.341,1.47855,1.47868,1.00,1.00
2017.05.04 13:08:07.444,1.47855,1.47866,1.00,1.00
2017.05.04 13:08:07.965,1.47855,1.47867,1.00,1.50
2017.05.04 13:08:08.274,1.47855,1.47863,1.00,1.00
2017.05.04 13:08:08.377,1.47853,1.47862,1.00,1.00
2017.05.04 13:08:08.480,1.47849,1.47862,1.69,1.00
2017.05.04 13:08:09.096,1.4785,1.47861,1.00,1.00
2017.05.04 13:08:09.614,1.47849,1.47861,1.69,1.00
2017.05.04 13:08:10.053,1.47851,1.47861,1.00,1.00
2017.05.04 13:08:10.104,1.47852,1.47864,1.00,1.00
2017.05.04 13:08:10.258,1.47854,1.47864,1.00,1.00
2017.05.04 13:08:10.462,1.47852,1.47864,1.50,1.00
2017.05.04 13:08:10.667,1.47852,1.47861,1.00,1.00
2017.05.04 13:08:10.719,1.4785,1.47861,1.50,1.00
2017.05.04 13:08:11.202,1.47849,1.47863,1.69,1.00
2017.05.04 13:08:11.508,1.47849,1.47861,1.69,1.00
2017.05.04 13:08:11.849,1.47844,1.47854,1.00,1.00
2017.05.04 13:08:11.952,1.47842,1.47854,1.00,1.00
2017.05.04 13:08:12.515,1.47842,1.47852,1.00,1.00
2017.05.04 13:08:12.669,1.4784,1.47852,1.69,1.00
2017.05.04 13:08:13.419,1.47839,1.47849,1.00,1.00
2017.05.04 13:08:13.727,1.47843,1.47853,1.50,1.00
2017.05.04 13:08:13.829,1.47844,1.47856,1.50,1.00
2017.05.04 13:08:13.983,1.47849,1.47857,1.00,1.00
2017.05.04 13:08:14.267,1.47842,1.47855,1.00,1.00
2017.05.04 13:08:14.372,1.47842,1.47855,1.00,1.37
2017.05.04 13:08:14.630,1.4784,1.47855,1.25,1.37
2017.05.04 13:08:15.136,1.4784,1.47855,1.25,1.37
2017.05.04 13:08:15.189,1.47842,1.47855,1.00,1.87
2017.05.04 13:08:15.240,1.4784,1.47854,1.00,1.37
2017.05.04 13:08:15.310,1.4784,1.4785,1.00,1.00
2017.05.04 13:08:16.889,1.47841,1.4785,1.00,1.00
2017.05.04 13:08:17.604,1.4784,1.4785,1.00,1.00
2017.05.04 13:08:18.325,1.47839,1.4785,1.00,1.37
2017.05.04 13:08:18.638,1.47829,1.4784,1.00,1.50
2017.05.04 13:08:19.150,1.47828,1.47839,1.00,1.00
2017.05.04 13:08:19.330,1.4783,1.47837,1.00,1.00
2017.05.04 13:08:19.382,1.47825,1.47837,1.00,1.00
2017.05.04 13:08:19.964,1.47826,1.47837,1.00,1.00
2017.05.04 13:08:20.277,1.47824,1.47836,1.00,1.00
2017.05.04 13:08:20.791,1.47825,1.47836,1.00,1.00
2017.05.04 13:08:21.301,1.47824,1.47835,1.00,1.00
2017.05.04 13:08:21.506,1.47826,1.47834,1.00,1.00
2017.05.04 13:08:21.831,1.47826,1.47837,1.00,1.00
2017.05.04 13:08:22.088,1.47823,1.47837,1.00,1.00
2017.05.04 13:08:22.609,1.47822,1.47837,1.00,1.00
2017.05.04 13:08:22.866,1.47822,1.47835,1.00,1.00
2017.05.04 13:08:23.038,1.4782,1.47835,1.00,1.00
2017.05.04 13:08:23.556,1.47819,1.47834,3.75,1.00
2017.05.04 13:08:24.283,1.4782,1.47834,1.00,1.00
2017.05.04 13:08:24.343,1.47823,1.47835,1.00,1.00
2017.05.04 13:08:24.549,1.47829,1.47843,1.00,1.00
2017.05.04 13:08:24.654,1.47833,1.47845,1.00,1.00
2017.05.04 13:08:25.012,1.47831,1.47845,1.00,1.12
2017.05.04 13:08:25.241,1.47831,1.47843,1.00,1.00
2017.05.04 13:08:25.703,1.47826,1.47842,1.50,1.50
2017.05.04 13:08:25.807,1.47826,1.47841,1.00,1.87
2017.05.04 13:08:26.119,1.47821,1.47834,1.50,1.00
2017.05.04 13:08:26.433,1.47823,1.47835,1.00,1.00
2017.05.04 13:08:26.965,1.47822,1.47835,1.00,1.00
2017.05.04 13:08:27.579,1.47827,1.47835,1.00,1.00
2017.05.04 13:08:27.631,1.47827,1.4784,1.00,1.00
2017.05.04 13:08:27.734,1.47827,1.47845,1.50,1.00
2017.05.04 13:08:28.042,1.47829,1.47842,1.00,1.00
2017.05.04 13:08:28.248,1.47829,1.47845,1.00,1.37
2017.05.04 13:08:28.637,1.47828,1.47842,1.12,1.37
2017.05.04 13:08:28.740,1.47824,1.47837,1.00,1.00
2017.05.04 13:08:28.842,1.47825,1.47841,1.12,1.00
2017.05.04 13:08:29.420,1.47826,1.47841,1.12,1.00
2017.05.04 13:08:29.478,1.47825,1.47841,1.12,2.25
2017.05.04 13:08:29.684,1.47823,1.47841,2.25,2.25
2017.05.04 13:08:31.279,1.47823,1.47838,3.00,1.00
2017.05.04 13:08:31.805,1.47823,1.47837,1.50,1.00
2017.05.04 13:08:32.907,1.47822,1.47837,1.00,1.00
2017.05.04 13:08:34.026,1.47824,1.47837,1.00,1.00
2017.05.04 13:08:34.405,1.47822,1.47837,1.00,1.00
2017.05.04 13:08:34.956,1.47823,1.47837,1.00,1.00
2017.05.04 13:08:35.485,1.47824,1.47838,1.00,1.00
2017.05.04 13:08:35.690,1.47826,1.47836,1.12,1.00
2017.05.04 13:08:35.793,1.47826,1.47841,2.62,1.00
2017.05.04 13:08:35.914,1.47826,1.47841,1.00,1.00
2017.05.04 13:08:36.074,1.47826,1.47839,1.00,1.00
2017.05.04 13:08:36.636,1.47824,1.47841,1.12,1.87
2017.05.04 13:08:37.228,1.47824,1.47839,1.12,1.00
2017.05.04 13:08:37.773,1.47823,1.47838,1.50,1.12
2017.05.04 13:08:37.926,1.47823,1.47835,1.50,1.00
2017.05.04 13:08:38.495,1.47823,1.47835,1.50,1.00
2017.05.04 13:08:38.763,1.47821,1.47834,1.50,1.00
2017.05.04 13:08:39.643,1.4782,1.47834,1.50,1.00
2017.05.04 13:08:40.148,1.4782,1.47834,1.87,1.00
2017.05.04 13:08:42.046,1.4782,1.47833,1.37,1.00
2017.05.04 13:08:42.527,1.47819,1.47832,1.12,1.00
2017.05.04 13:08:43.091,1.47817,1.4783,1.48,1.12
2017.05.04 13:08:43.500,1.47818,1.47828,1.00,1.00
2017.05.04 13:08:43.858,1.47816,1.47828,1.32,1.00
2017.05.04 13:08:44.318,1.47817,1.47831,1.24,1.00
2017.05.04 13:08:44.656,1.47819,1.47835,2.49,1.00
2017.05.04 13:08:45.166,1.4782,1.47834,2.49,1.00
2017.05.04 13:08:45.700,1.4782,1.47834,1.50,1.00
2017.05.04 13:08:46.814,1.47821,1.47835,1.00,1.00
2017.05.04 13:08:47.478,1.47821,1.47837,1.87,1.00
2017.05.04 13:08:47.529,1.47823,1.47838,2.87,1.50
2017.05.04 13:08:48.064,1.47823,1.47838,2.87,1.00
2017.05.04 13:08:48.495,1.47823,1.47838,4.37,1.00
2017.05.04 13:08:48.618,1.47828,1.47841,1.12,1.00
2017.05.04 13:08:48.669,1.4783,1.47842,1.00,1.00
2017.05.04 13:08:48.926,1.47841,1.47854,1.00,1.50
2017.05.04 13:08:48.978,1.47841,1.47858,2.62,1.00
2017.05.04 13:08:49.030,1.47845,1.47858,1.00,1.00
2017.05.04 13:08:49.339,1.4785,1.47862,1.50,1.00
2017.05.04 13:08:49.392,1.4785,1.47864,1.00,1.00
2017.05.04 13:08:49.495,1.4785,1.47862,1.50,1.00
2017.05.04 13:08:49.827,1.47856,1.4786,1.00,1.00
2017.05.04 13:08:49.981,1.47849,1.4786,1.32,1.00
2017.05.04 13:08:50.033,1.47848,1.47858,1.24,1.00
2017.05.04 13:08:50.602,1.47849,1.47855,1.00,1.00
2017.05.04 13:08:51.118,1.47846,1.47857,1.99,1.00
2017.05.04 13:08:51.169,1.47846,1.47859,2.49,1.00
2017.05.04 13:08:51.221,1.47846,1.47857,1.74,1.00
2017.05.04 13:08:51.772,1.47847,1.47856,1.24,1.00
2017.05.04 13:08:52.287,1.47844,1.47855,1.24,1.00
2017.05.04 13:08:52.442,1.47844,1.47852,1.12,1.00
2017.05.04 13:08:52.595,1.47841,1.47852,1.87,1.00
2017.05.04 13:08:52.698,1.47841,1.47854,1.87,1.00
2017.05.04 13:08:53.233,1.47842,1.47854,1.00,1.00
2017.05.04 13:08:53.751,1.47841,1.47854,1.12,1.00
2017.05.04 13:08:54.058,1.47841,1.47851,1.12,1.00
2017.05.04 13:08:54.327,1.4783,1.47842,1.00,1.00
2017.05.04 13:08:54.686,1.47835,1.47845,1.00,1.00
2017.05.04 13:08:54.789,1.47839,1.4785,1.00,1.00
2017.05.04 13:08:54.891,1.47839,1.47853,1.50,1.00
2017.05.04 13:08:54.994,1.47841,1.47853,1.00,1.00
2017.05.04 13:08:55.550,1.4784,1.47854,1.12,1.00
2017.05.04 13:08:56.348,1.47841,1.47854,1.00,1.00
2017.05.04 13:08:57.430,1.47842,1.47854,1.00,1.00
2017.05.04 13:08:57.481,1.47842,1.47856,1.00,1.00
2017.05.04 13:08:57.992,1.47841,1.47857,1.00,1.50
2017.05.04 13:08:58.256,1.4784,1.47855,1.50,1.31
2017.05.04 13:08:58.310,1.47837,1.47854,1.12,1.12
2017.05.04 13:08:58.413,1.47836,1.47852,1.87,1.00
2017.05.04 13:08:58.567,1.47835,1.47852,2.62,2.06
2017.05.04 13:08:58.885,1.47837,1.47852,1.00,1.25
2017.05.04 13:08:59.214,1.47837,1.47853,1.24,1.00
2017.05.04 13:08:59.601,1.47838,1.47853,1.32,1.00
2017.05.04 13:08:59.934,1.47841,1.47854,1.00,1.00
2017.05.04 13:09:00.181,1.47838,1.47855,1.32,1.00
2017.05.04 13:09:00.686,1.47838,1.47856,1.32,1.50
2017.05.04 13:09:01.042,1.47836,1.47853,1.37,1.00
2017.05.04 13:09:01.401,1.47835,1.47855,2.49,1.87
2017.05.04 13:09:01.524,1.47847,1.47855,1.87,1.00
2017.05.04 13:09:01.576,1.47845,1.47855,1.00,1.00
2017.05.04 13:09:01.629,1.47844,1.47861,1.37,3.00
2017.05.04 13:09:01.731,1.47844,1.4786,2.12,1.12
2017.05.04 13:09:01.829,1.47844,1.47862,1.50,1.87
2017.05.04 13:09:02.341,1.47847,1.47861,1.00,1.00
2017.05.04 13:09:02.495,1.47847,1.47865,1.50,1.00
2017.05.04 13:09:02.980,1.47846,1.47863,1.00,1.00
2017.05.04 13:09:03.033,1.47847,1.47866,1.00,2.25
2017.05.04 13:09:03.553,1.47847,1.47865,1.50,1.00
2017.05.04 13:09:03.656,1.47849,1.47867,1.00,2.62
2017.05.04 13:09:03.963,1.47853,1.47868,1.00,1.00
2017.05.04 13:09:04.279,1.47862,1.47876,1.00,1.00
2017.05.04 13:09:04.332,1.47864,1.47881,1.00,2.62
2017.05.04 13:09:04.435,1.47866,1.4788,1.00,1.00
2017.05.04 13:09:04.538,1.47865,1.47883,1.24,1.50
2017.05.04 13:09:04.743,1.47867,1.47885,1.00,1.87
2017.05.04 13:09:05.288,1.47867,1.47884,1.00,1.12
2017.05.04 13:09:06.067,1.4787,1.47885,1.00,1.69
2017.05.04 13:09:07.052,1.47872,1.47885,1.00,1.69
2017.05.04 13:09:07.308,1.47873,1.47886,1.00,3.00
2017.05.04 13:09:07.361,1.47875,1.47886,1.00,1.87
2017.05.04 13:09:07.603,1.47876,1.47891,1.00,3.75
2017.05.04 13:09:07.708,1.47876,1.47891,1.37,1.50
2017.05.04 13:09:07.760,1.47878,1.47891,1.12,1.12
2017.05.04 13:09:08.067,1.47876,1.47892,1.12,1.87
2017.05.04 13:09:10.012,1.47875,1.47886,1.00,1.12
2017.05.04 13:09:10.168,1.47872,1.47884,1.00,1.00
2017.05.04 13:09:10.783,1.47869,1.47884,1.00,1.69
2017.05.04 13:09:10.835,1.47869,1.47882,1.00,1.69
2017.05.04 13:09:11.030,1.47869,1.47884,1.00,1.12
2017.05.04 13:09:11.082,1.47868,1.47884,1.00,2.62
2017.05.04 13:09:11.390,1.47869,1.47882,1.12,2.06
2017.05.04 13:09:11.914,1.47868,1.47883,1.50,1.12
2017.05.04 13:09:12.425,1.47868,1.4788,1.37,1.00
2017.05.04 13:09:12.603,1.47865,1.4788,1.00,1.00
2017.05.04 13:09:12.655,1.47867,1.47882,1.00,1.00
2017.05.04 13:09:12.964,1.47865,1.47879,1.00,1.12
2017.05.04 13:09:13.331,1.47867,1.47881,1.00,1.75
2017.05.04 13:09:13.383,1.47868,1.47882,1.00,1.12
2017.05.04 13:09:13.614,1.47866,1.47883,1.00,1.87
2017.05.04 13:09:14.124,1.47867,1.47882,1.50,1.12
2017.05.04 13:09:14.431,1.47871,1.47884,1.00,1.00
2017.05.04 13:09:14.964,1.47871,1.47885,1.00,2.25
2017.05.04 13:09:15.355,1.47871,1.47881,1.00,1.00
2017.05.04 13:09:15.509,1.47867,1.47881,1.00,1.30
2017.05.04 13:09:15.776,1.47867,1.47878,1.00,1.00
2017.05.04 13:09:15.828,1.47862,1.47877,1.00,1.00
2017.05.04 13:09:16.186,1.47859,1.47876,1.00,1.00
2017.05.04 13:09:16.790,1.47862,1.47877,1.00,4.35
2017.05.04 13:09:16.841,1.4786,1.47875,1.00,1.00
2017.05.04 13:09:16.989,1.47862,1.47875,1.00,1.00
2017.05.04 13:09:18.017,1.47862,1.47878,1.37,3.94
2017.05.04 13:09:18.355,1.47874,1.47884,1.37,1.87
2017.05.04 13:09:18.560,1.47876,1.47893,1.12,2.06
2017.05.04 13:09:18.613,1.47879,1.47893,1.00,1.37
2017.05.04 13:09:18.971,1.47877,1.47893,1.00,1.12
2017.05.04 13:09:19.478,1.47878,1.47894,1.00,1.87
2017.05.04 13:09:20.063,1.47877,1.47894,1.00,1.50
2017.05.04 13:09:20.320,1.47874,1.47888,1.00,1.62
2017.05.04 13:09:20.371,1.47871,1.47887,1.00,1.00
2017.05.04 13:09:20.525,1.4787,1.47886,1.37,1.37
2017.05.04 13:09:21.114,1.47873,1.47886,1.37,1.37
2017.05.04 13:09:21.166,1.47874,1.47887,1.00,1.37
2017.05.04 13:09:21.269,1.47875,1.47891,1.00,1.69
2017.05.04 13:09:21.320,1.47878,1.47891,1.00,1.69
2017.05.04 13:09:21.853,1.47879,1.47891,1.00,1.00
2017.05.04 13:09:22.241,1.47877,1.4789,1.00,1.37
2017.05.04 13:09:22.394,1.47867,1.47881,1.12,1.50
2017.05.04 13:09:23.253,1.47867,1.47881,1.00,1.50
2017.05.04 13:09:23.717,1.47867,1.47882,1.37,1.12
2017.05.04 13:09:23.871,1.4787,1.47885,1.00,3.37
2017.05.04 13:09:24.418,1.47871,1.47885,1.00,1.50
2017.05.04 13:09:27.672,1.47871,1.47886,1.00,1.50
2017.05.04 13:09:28.255,1.4787,1.47885,1.00,1.60
2017.05.04 13:09:28.306,1.47868,1.47882,1.00,1.37
2017.05.04 13:09:28.358,1.47865,1.47882,1.50,1.75
2017.05.04 13:09:28.410,1.47865,1.47881,1.50,1.12
2017.05.04 13:09:29.469,1.47865,1.47876,1.00,1.00
2017.05.04 13:09:29.964,1.47864,1.47874,1.00,1.00
2017.05.04 13:09:30.474,1.47863,1.47874,1.00,1.00
2017.05.04 13:09:30.781,1.47862,1.47872,1.00,1.00
2017.05.04 13:09:31.255,1.47864,1.47872,1.00,1.00
2017.05.04 13:09:32.212,1.47862,1.47872,1.00,1.00
2017.05.04 13:09:32.764,1.47862,1.47873,1.50,1.00
2017.05.04 13:09:33.020,1.4786,1.47873,1.50,1.00
2017.05.04 13:09:33.572,1.4786,1.47872,1.50,1.00
2017.05.04 13:09:33.881,1.47859,1.4787,1.00,1.00
2017.05.04 13:09:34.390,1.47858,1.4787,1.50,1.00
2017.05.04 13:09:35.135,1.4786,1.4787,1.00,1.00
2017.05.04 13:09:35.187,1.47856,1.4787,1.37,1.35
2017.05.04 13:09:35.239,1.47856,1.4787,1.00,2.10
2017.05.04 13:09:35.750,1.47855,1.47869,1.87,1.12
2017.05.04 13:09:36.008,1.47852,1.47865,1.50,1.00
2017.05.04 13:09:36.061,1.47852,1.47862,1.00,1.00
2017.05.04 13:09:36.573,1.47849,1.47861,1.12,1.00
2017.05.04 13:09:38.178,1.47847,1.47857,1.37,1.00
2017.05.04 13:09:38.460,1.47847,1.4786,1.37,1.00
2017.05.04 13:09:38.717,1.47851,1.4786,1.00,1.00
2017.05.04 13:09:38.873,1.47853,1.47866,1.00,1.12
2017.05.04 13:09:39.388,1.47854,1.47866,1.00,1.00
2017.05.04 13:09:39.722,1.47854,1.47864,1.00,1.00
2017.05.04 13:09:40.216,1.47856,1.47864,1.00,1.00
2017.05.04 13:09:40.472,1.47858,1.47868,1.00,1.00
2017.05.04 13:09:41.376,1.47858,1.47864,1.00,1.00
2017.05.04 13:09:41.529,1.47854,1.47864,1.00,1.00
2017.05.04 13:09:41.936,1.47856,1.47865,1.00,1.00
2017.05.04 13:09:42.039,1.47854,1.47865,1.00,1.00
2017.05.04 13:09:42.090,1.47856,1.47865,1.00,1.00
2017.05.04 13:09:42.295,1.47856,1.47867,1.00,1.00
2017.05.04 13:09:42.551,1.47853,1.47867,1.50,1.00
2017.05.04 13:09:42.705,1.47853,1.47863,1.00,1.00
2017.05.04 13:09:43.208,1.47855,1.47863,1.00,1.00
2017.05.04 13:09:43.413,1.47854,1.47865,1.12,1.00
2017.05.04 13:09:44.147,1.47852,1.47865,1.50,1.00
2017.05.04 13:09:44.199,1.47852,1.47863,1.00,1.00
2017.05.04 13:09:44.716,1.47849,1.47863,2.25,1.00
2017.05.04 13:09:45.108,1.47849,1.47865,2.62,1.00
2017.05.04 13:09:45.261,1.4785,1.47865,2.25,1.00
2017.05.04 13:09:45.620,1.47851,1.47864,1.00,1.00
2017.05.04 13:09:46.148,1.4785,1.47864,1.87,1.00
2017.05.04 13:09:46.659,1.47849,1.47864,1.12,1.00
2017.05.04 13:09:47.322,1.47848,1.47864,3.00,1.00
2017.05.04 13:09:48.212,1.47849,1.47864,2.25,1.00
2017.05.04 13:09:48.760,1.47848,1.47863,2.25,1.00
2017.05.04 13:09:49.087,1.47848,1.47863,1.37,1.00
2017.05.04 13:09:49.598,1.4785,1.47863,1.00,1.00
2017.05.04 13:09:50.142,1.4785,1.47864,1.00,1.12
2017.05.04 13:09:50.652,1.47849,1.47865,1.87,1.37
2017.05.04 13:09:51.006,1.47851,1.47862,1.00,1.00
2017.05.04 13:09:51.518,1.4785,1.47863,1.00,1.50
2017.05.04 13:09:52.266,1.4785,1.47862,1.00,1.00
2017.05.04 13:09:52.770,1.47851,1.47863,1.00,1.00
2017.05.04 13:09:53.244,1.47849,1.47863,1.12,1.00
2017.05.04 13:09:53.891,1.47848,1.47862,1.37,1.00
2017.05.04 13:09:54.352,1.47847,1.47861,1.00,1.50
2017.05.04 13:09:54.506,1.47847,1.47859,1.00,1.00
2017.05.04 13:09:55.075,1.47846,1.47859,1.12,1.00
2017.05.04 13:09:55.591,1.47846,1.47858,1.00,1.00
2017.05.04 13:09:56.296,1.47845,1.47858,1.00,1.00
2017.05.04 13:09:56.474,1.47845,1.47861,1.12,1.00
2017.05.04 13:09:56.604,1.47849,1.47864,1.12,1.00
2017.05.04 13:09:56.708,1.47849,1.47866,3.00,1.12
2017.05.04 13:09:56.760,1.47849,1.47864,3.00,1.00
2017.05.04 13:09:57.261,1.47851,1.47865,1.00,1.00
2017.05.04 13:09:57.557,1.47852,1.47867,1.00,1.50
2017.05.04 13:09:58.531,1.47851,1.47867,1.00,1.50
2017.05.04 13:09:59.518,1.4785,1.47867,2.25,1.50
2017.05.04 13:09:59.741,1.4785,1.47865,1.87,1.00
2017.05.04 13:10:00.099,1.47851,1.47863,1.00,2.62
2017.05.04 13:10:00.150,1.47848,1.47861,1.00,1.00
2017.05.04 13:10:00.203,1.47848,1.47859,1.00,1.00
2017.05.04 13:10:00.357,1.47843,1.47859,1.00,1.50
2017.05.04 13:10:00.409,1.47842,1.47857,1.57,1.00
2017.05.04 13:10:00.820,1.47842,1.47859,1.07,1.50
2017.05.04 13:10:00.975,1.4784,1.47858,3.07,1.37
2017.05.04 13:10:01.538,1.47843,1.47857,1.10,1.87
2017.05.04 13:10:02.041,1.47839,1.47856,1.57,1.87
2017.05.04 13:10:02.195,1.47842,1.47857,1.45,1.50
2017.05.04 13:10:02.299,1.47845,1.47857,1.00,1.00
2017.05.04 13:10:02.636,1.47846,1.47859,3.37,1.12
2017.05.04 13:10:02.689,1.47849,1.47863,1.12,1.12
2017.05.04 13:10:03.207,1.47851,1.47863,1.00,1.37
2017.05.04 13:10:03.411,1.47851,1.47863,1.00,1.00
2017.05.04 13:10:03.912,1.47852,1.47865,1.00,1.12
2017.05.04 13:10:04.065,1.47853,1.47866,1.00,1.00
2017.05.04 13:10:04.576,1.47852,1.47866,1.00,1.00
2017.05.04 13:10:05.008,1.4785,1.47863,1.00,1.00
2017.05.04 13:10:05.528,1.47849,1.47862,1.12,1.00
2017.05.04 13:10:06.284,1.47851,1.47857,1.00,1.00
2017.05.04 13:10:06.335,1.47844,1.47857,1.00,1.00
2017.05.04 13:10:06.744,1.47843,1.47859,1.12,1.50
2017.05.04 13:10:07.256,1.47844,1.47858,1.00,1.00
2017.05.04 13:10:07.548,1.47845,1.4786,1.87,1.50
2017.05.04 13:10:07.652,1.47848,1.47862,1.00,1.00
2017.05.04 13:10:07.959,1.47851,1.47862,1.00,1.00
2017.05.04 13:10:08.474,1.47849,1.47861,1.12,1.00
2017.05.04 13:10:09.093,1.47848,1.47861,1.12,1.00
2017.05.04 13:10:10.126,1.47846,1.4786,1.00,1.50
2017.05.04 13:10:10.636,1.47847,1.4786,1.00,1.00
2017.05.04 13:10:11.485,1.47846,1.4786,1.00,1.00
2017.05.04 13:10:12.011,1.47847,1.4786,1.00,1.50
2017.05.04 13:10:12.215,1.47845,1.47859,1.00,1.00
2017.05.04 13:10:13.584,1.47846,1.47859,1.00,1.00
2017.05.04 13:10:15.063,1.47845,1.47859,1.00,1.00
2017.05.04 13:10:15.394,1.47845,1.47857,1.00,1.00
2017.05.04 13:10:15.854,1.47843,1.47856,1.10,1.50
2017.05.04 13:10:16.110,1.47843,1.47853,1.10,1.00
2017.05.04 13:10:16.162,1.47843,1.47855,1.00,1.00
2017.05.04 13:10:16.680,1.4784,1.47855,1.07,1.00
2017.05.04 13:10:17.291,1.47842,1.47856,1.10,1.00
2017.05.04 13:10:17.867,1.47842,1.47854,1.10,1.00
2017.05.04 13:10:18.072,1.47842,1.47857,1.10,1.00
2017.05.04 13:10:18.584,1.47843,1.47857,1.00,1.00
2017.05.04 13:10:19.042,1.47843,1.47855,1.00,1.00
2017.05.04 13:10:19.552,1.47842,1.47855,1.10,1.00
2017.05.04 13:10:20.093,1.47842,1.47856,1.10,1.00
2017.05.04 13:10:20.446,1.47843,1.47858,1.70,1.00
2017.05.04 13:10:20.549,1.47843,1.4786,2.12,1.00
2017.05.04 13:10:20.601,1.47843,1.47858,1.74,1.00
2017.05.04 13:10:21.560,1.47842,1.47857,1.44,1.00
2017.05.04 13:10:21.869,1.47847,1.47858,1.00,1.00
2017.05.04 13:10:22.176,1.47851,1.47862,1.00,1.12
2017.05.04 13:10:22.534,1.47853,1.47862,1.00,1.12
2017.05.04 13:10:23.073,1.47853,1.47865,1.00,1.87
2017.05.04 13:10:23.831,1.47853,1.47865,1.00,1.00
2017.05.04 13:10:23.884,1.47858,1.47865,1.12,1.00
2017.05.04 13:10:24.062,1.47863,1.47873,1.00,1.12
2017.05.04 13:10:24.268,1.47864,1.47876,1.00,1.00
2017.05.04 13:10:24.524,1.47864,1.47874,1.00,1.12
2017.05.04 13:10:24.627,1.47862,1.47872,1.00,1.37
2017.05.04 13:10:24.864,1.47859,1.47872,1.00,1.87
2017.05.04 13:10:25.382,1.47861,1.4787,1.00,1.00
2017.05.04 13:10:25.692,1.47883,1.47887,1.00,1.50
2017.05.04 13:10:25.744,1.47888,1.47894,1.00,1.00
2017.05.04 13:10:25.879,1.47888,1.479,1.00,1.60
2017.05.04 13:10:25.934,1.47888,1.47899,1.00,2.47
2017.05.04 13:10:26.037,1.47884,1.47896,1.00,1.00
2017.05.04 13:10:26.140,1.47881,1.47893,1.32,1.00
2017.05.04 13:10:26.651,1.47881,1.47894,1.50,1.00
2017.05.04 13:10:27.123,1.47879,1.47892,1.00,1.35
2017.05.04 13:10:27.226,1.47874,1.47892,1.00,1.87
2017.05.04 13:10:27.329,1.47872,1.4789,1.12,2.47
2017.05.04 13:10:27.382,1.4787,1.47888,1.74,1.91
2017.05.04 13:10:27.689,1.47873,1.47886,1.00,1.35
2017.05.04 13:10:28.954,1.47874,1.47886,1.00,1.12
2017.05.04 13:10:29.533,1.47868,1.47886,2.12,1.12
2017.05.04 13:10:30.654,1.47867,1.47885,3.99,1.00
2017.05.04 13:10:31.159,1.47869,1.47885,1.70,1.00
2017.05.04 13:10:31.941,1.47873,1.47888,4.12,1.12
2017.05.04 13:10:32.045,1.47877,1.47894,1.37,2.62
2017.05.04 13:10:32.575,1.47877,1.47894,1.37,1.00
2017.05.04 13:10:33.099,1.47877,1.47895,1.37,1.00
2017.05.04 13:10:33.304,1.47876,1.47888,1.00,1.00
2017.05.04 13:10:33.866,1.47877,1.47888,1.00,1.00
2017.05.04 13:10:34.406,1.47876,1.47888,1.00,1.00
2017.05.04 13:10:34.729,1.47876,1.4789,2.25,1.00
2017.05.04 13:10:35.037,1.47881,1.47893,1.00,1.00
2017.05.04 13:10:35.643,1.47882,1.47893,1.00,1.00
2017.05.04 13:10:36.585,1.47883,1.47895,1.12,1.00
2017.05.04 13:10:36.637,1.47883,1.47898,3.00,1.12
2017.05.04 13:10:36.688,1.47886,1.47898,1.00,1.12
2017.05.04 13:10:36.997,1.47884,1.47891,1.37,1.00
2017.05.04 13:10:37.049,1.4788,1.47891,1.50,1.00
2017.05.04 13:10:37.509,1.47886,1.47891,1.00,1.00
2017.05.04 13:10:37.919,1.47885,1.47889,1.00,1.00
2017.05.04 13:10:38.256,1.47883,1.47888,1.50,1.00
2017.05.04 13:10:40.448,1.47876,1.47885,4.50,1.00
2017.05.04 13:10:40.554,1.47885,1.47889,1.00,1.00
2017.05.04 13:10:40.606,1.47886,1.47891,1.00,1.50
2017.05.04 13:10:41.037,1.47883,1.4789,1.00,1.37
2017.05.04 13:10:41.091,1.47885,1.4789,1.00,1.12
2017.05.04 13:10:41.145,1.47883,1.4789,1.00,1.37
2017.05.04 13:10:41.197,1.47885,1.4789,1.00,1.12
2017.05.04 13:10:41.299,1.47884,1.4789,1.00,1.37
2017.05.04 13:10:41.352,1.47885,1.4789,1.00,1.12
2017.05.04 13:10:42.188,1.47885,1.47891,1.00,1.00
2017.05.04 13:10:42.549,1.47884,1.47892,1.00,1.87
2017.05.04 13:10:42.706,1.4788,1.47888,1.00,1.12
2017.05.04 13:10:42.946,1.47875,1.47886,1.00,1.87
2017.05.04 13:10:43.100,1.4787,1.47883,1.07,1.12
2017.05.04 13:10:44.143,1.4787,1.47883,1.07,1.00
2017.05.04 13:10:45.013,1.47871,1.47883,1.00,1.00
2017.05.04 13:10:45.217,1.47876,1.47883,1.00,1.00
2017.05.04 13:10:45.269,1.47876,1.47887,1.00,1.00
2017.05.04 13:10:45.321,1.47879,1.47887,3.00,1.00
2017.05.04 13:10:45.420,1.47879,1.47891,3.00,1.50
2017.05.04 13:10:45.472,1.47885,1.47891,1.00,1.00
2017.05.04 13:10:45.524,1.47885,1.47894,1.00,1.00
2017.05.04 13:10:46.039,1.47882,1.47894,1.00,1.00
2017.05.04 13:10:46.608,1.4788,1.47894,2.25,1.00
2017.05.04 13:10:48.210,1.4788,1.47893,1.50,1.00
2017.05.04 13:10:48.896,1.4788,1.47892,1.00,1.00
2017.05.04 13:10:49.579,1.4788,1.4789,1.00,1.37
2017.05.04 13:10:49.772,1.47874,1.47883,1.00,1.00
2017.05.04 13:10:49.823,1.47872,1.47885,1.50,1.00
2017.05.04 13:10:49.926,1.4787,1.47885,1.50,1.00
2017.05.04 13:10:49.979,1.4787,1.47883,2.25,1.00
2017.05.04 13:10:50.286,1.4787,1.47881,1.00,1.00
2017.05.04 13:10:51.034,1.47869,1.4788,3.75,1.00
2017.05.04 13:10:51.399,1.47869,1.47882,3.75,1.00
2017.05.04 13:10:52.678,1.4787,1.47882,1.00,1.00
2017.05.04 13:10:53.218,1.4787,1.4788,1.00,1.00
2017.05.04 13:10:53.723,1.4787,1.47882,1.00,1.00
2017.05.04 13:10:53.775,1.47872,1.47885,1.00,1.00
2017.05.04 13:10:54.081,1.47871,1.47883,1.00,1.00
2017.05.04 13:10:54.629,1.4787,1.47883,1.00,1.00
2017.05.04 13:10:55.854,1.4787,1.47881,3.75,1.00
2017.05.04 13:10:56.798,1.47872,1.47881,1.00,1.00
2017.05.04 13:10:57.202,1.47872,1.47881,1.75,1.00
2017.05.04 13:10:57.751,1.47871,1.47882,1.75,1.00
2017.05.04 13:10:59.717,1.47871,1.47883,1.75,1.00
2017.05.04 13:11:00.132,1.47869,1.47883,4.74,1.00
2017.05.04 13:11:00.771,1.47871,1.47882,1.24,1.00
2017.05.04 13:11:00.824,1.47871,1.47882,1.00,1.00
2017.05.04 13:11:01.029,1.47868,1.47881,1.32,1.00
2017.05.04 13:11:01.561,1.47869,1.47882,1.00,1.00
2017.05.04 13:11:01.664,1.47869,1.47883,3.99,1.00
2017.05.04 13:11:02.183,1.47871,1.47882,1.24,1.00
2017.05.04 13:11:03.214,1.4787,1.47882,1.24,1.00
2017.05.04 13:11:03.267,1.47871,1.47884,2.34,1.00
2017.05.04 13:11:03.321,1.47876,1.47886,3.24,1.00
2017.05.04 13:11:03.373,1.4788,1.4789,1.24,1.37
2017.05.04 13:11:03.425,1.47881,1.47893,1.24,1.00
2017.05.04 13:11:03.528,1.47886,1.47895,1.00,1.00
2017.05.04 13:11:03.633,1.47886,1.47897,1.00,1.00
2017.05.04 13:11:03.874,1.47886,1.47899,1.00,1.12
2017.05.04 13:11:04.130,1.4789,1.479,1.00,1.37
2017.05.04 13:11:04.233,1.47888,1.479,1.00,1.37
2017.05.04 13:11:04.736,1.47889,1.479,1.00,1.37
2017.05.04 13:11:05.259,1.47888,1.479,1.00,1.00
2017.05.04 13:11:05.516,1.4789,1.479,1.00,1.00
2017.05.04 13:11:06.089,1.47888,1.479,1.00,1.00
2017.05.04 13:11:06.690,1.47891,1.47901,1.50,1.00
2017.05.04 13:11:07.001,1.47901,1.47906,1.00,1.00
2017.05.04 13:11:07.104,1.47892,1.47903,1.00,1.37
2017.05.04 13:11:07.292,1.47891,1.47898,1.00,1.00
2017.05.04 13:11:07.395,1.47885,1.47897,1.00,1.00
2017.05.04 13:11:07.581,1.47883,1.47895,1.00,1.00
2017.05.04 13:11:07.684,1.47881,1.47894,1.00,1.00
2017.05.04 13:11:07.888,1.47879,1.47892,3.37,1.00
2017.05.04 13:11:08.461,1.47879,1.47891,1.00,1.75
2017.05.04 13:11:08.615,1.47872,1.47883,1.00,1.00
2017.05.04 13:11:08.667,1.4787,1.47884,1.30,1.00
2017.05.04 13:11:08.775,1.47872,1.47881,1.00,1.00
2017.05.04 13:11:08.828,1.4787,1.47881,1.00,1.00
2017.05.04 13:11:08.930,1.47868,1.47882,2.25,1.12
2017.05.04 13:11:09.187,1.47868,1.47879,2.25,1.00
2017.05.04 13:11:09.732,1.4787,1.47879,1.00,1.00
2017.05.04 13:11:10.246,1.4787,1.4788,1.00,1.00
2017.05.04 13:11:11.182,1.47867,1.4788,1.50,1.00
2017.05.04 13:11:12.500,1.47869,1.4788,1.00,1.00
2017.05.04 13:11:13.079,1.47868,1.4788,1.00,1.12
2017.05.04 13:11:13.904,1.47869,1.4788,1.00,1.12
2017.05.04 13:11:15.757,1.47869,1.47882,1.00,1.00
2017.05.04 13:11:16.294,1.47869,1.47881,1.00,1.00
2017.05.04 13:11:18.138,1.47867,1.47881,1.50,1.00
2017.05.04 13:11:20.426,1.47866,1.47881,1.07,1.00
2017.05.04 13:11:20.478,1.47867,1.47879,1.00,1.00
2017.05.04 13:11:20.990,1.47865,1.4788,2.07,1.00
2017.05.04 13:11:21.471,1.47866,1.47878,1.00,1.00
2017.05.04 13:11:21.996,1.47867,1.47878,1.00,1.00
2017.05.04 13:11:23.638,1.47866,1.47878,1.00,1.00
2017.05.04 13:11:23.947,1.47869,1.47878,1.00,1.00
2017.05.04 13:11:24.199,1.47867,1.47879,1.27,1.00
2017.05.04 13:11:24.506,1.47864,1.47879,1.70,1.00
2017.05.04 13:11:24.691,1.47865,1.47879,1.20,1.00
2017.05.04 13:11:24.897,1.47864,1.47879,1.27,1.00
2017.05.04 13:11:25.223,1.47864,1.47879,2.96,1.00
2017.05.04 13:11:25.692,1.47865,1.47879,1.46,1.00
2017.05.04 13:11:26.642,1.47864,1.47879,1.50,1.00
2017.05.04 13:11:27.191,1.47864,1.47879,1.71,1.00
2017.05.04 13:11:27.802,1.47864,1.47878,1.71,1.00
2017.05.04 13:11:29.193,1.47864,1.47878,1.00,1.00
2017.05.04 13:11:29.452,1.47866,1.47878,1.00,1.00
2017.05.04 13:11:29.750,1.47868,1.47881,1.00,1.50
2017.05.04 13:11:29.801,1.47864,1.47879,2.85,1.00
2017.05.04 13:11:29.852,1.47866,1.4788,2.10,1.00
2017.05.04 13:11:30.160,1.47864,1.47877,1.00,1.37
2017.05.04 13:11:30.320,1.4786,1.47876,3.60,1.12
2017.05.04 13:11:30.580,1.47863,1.47876,1.00,1.12
2017.05.04 13:11:30.907,1.47875,1.47885,1.35,1.00
2017.05.04 13:11:30.959,1.47873,1.47887,1.50,1.37
2017.05.04 13:11:31.265,1.47871,1.47885,1.00,1.12
2017.05.04 13:11:31.777,1.4787,1.47885,3.37,1.12
2017.05.04 13:11:32.078,1.4787,1.47885,2.62,1.12
2017.05.04 13:11:32.692,1.4787,1.47884,1.00,1.00
2017.05.04 13:11:33.260,1.4787,1.47885,1.00,1.12
2017.05.04 13:11:33.312,1.47875,1.47886,1.75,1.00
2017.05.04 13:11:33.363,1.47877,1.4789,1.75,1.12
2017.05.04 13:11:33.466,1.47884,1.47891,1.37,1.00
2017.05.04 13:11:33.517,1.47884,1.47893,1.37,1.00
2017.05.04 13:11:33.569,1.47884,1.47893,1.00,1.00
2017.05.04 13:11:33.723,1.47884,1.47893,1.37,1.00
2017.05.04 13:11:34.029,1.47884,1.47894,1.00,1.00
2017.05.04 13:11:34.132,1.4788,1.47894,1.12,1.00
2017.05.04 13:11:34.286,1.4788,1.47894,2.47,1.00
2017.05.04 13:11:34.602,1.47879,1.47891,1.67,1.00
2017.05.04 13:11:35.011,1.47875,1.47889,3.00,1.00
2017.05.04 13:11:35.114,1.47874,1.47889,6.37,1.00
2017.05.04 13:11:36.196,1.47874,1.4789,3.37,1.00
2017.05.04 13:11:36.604,1.47874,1.47888,3.00,1.00
2017.05.04 13:11:37.200,1.47874,1.47886,2.25,1.00
2017.05.04 13:11:37.502,1.47877,1.47889,1.37,1.00
2017.05.04 13:11:37.916,1.47877,1.47891,1.75,1.00
2017.05.04 13:11:38.223,1.47878,1.47893,2.25,1.00
2017.05.04 13:11:38.327,1.47878,1.4789,1.87,1.12
2017.05.04 13:11:38.533,1.47881,1.47895,1.50,2.25
2017.05.04 13:11:38.584,1.4788,1.47892,1.75,1.00
2017.05.04 13:11:38.697,1.4788,1.47892,1.00,1.00
2017.05.04 13:11:38.749,1.47877,1.47891,2.62,1.12
2017.05.04 13:11:39.006,1.47879,1.47891,1.50,1.00
2017.05.04 13:11:39.517,1.47878,1.4789,1.12,1.00
2017.05.04 13:11:39.569,1.47874,1.47892,1.50,1.87
2017.05.04 13:11:39.621,1.47874,1.47889,1.50,1.00
2017.05.04 13:11:39.945,1.47882,1.47889,2.10,1.00
2017.05.04 13:11:39.997,1.47883,1.47891,1.00,1.12
2017.05.04 13:11:40.049,1.47882,1.47892,1.67,1.00
2017.05.04 13:11:40.101,1.47883,1.47895,1.37,1.00
2017.05.04 13:11:40.411,1.47882,1.47897,1.12,1.00
2017.05.04 13:11:40.942,1.4788,1.47896,1.12,1.00
2017.05.04 13:11:41.249,1.4788,1.47894,1.12,1.00
2017.05.04 13:11:41.351,1.4788,1.47893,1.37,1.00
2017.05.04 13:11:41.557,1.47878,1.47893,1.12,1.37
2017.05.04 13:11:41.762,1.47878,1.4789,1.00,1.50
2017.05.04 13:11:41.815,1.47878,1.47888,1.00,1.00
2017.05.04 13:11:41.867,1.47876,1.4789,1.60,1.50
2017.05.04 13:11:41.989,1.47878,1.47893,1.12,1.87
2017.05.04 13:11:42.297,1.47881,1.47894,1.67,2.25
2017.05.04 13:11:42.820,1.4788,1.47892,1.12,1.37
2017.05.04 13:11:43.686,1.4788,1.47891,1.12,1.12
2017.05.04 13:11:43.738,1.47878,1.47891,1.87,1.12
2017.05.04 13:11:45.507,1.47877,1.47892,1.50,1.37
2017.05.04 13:11:45.826,1.47875,1.47888,1.12,1.00
2017.05.04 13:11:45.878,1.47874,1.47886,1.37,1.50
2017.05.04 13:11:45.930,1.4787,1.47885,2.25,1.00
2017.05.04 13:11:46.434,1.47873,1.47884,1.00,1.00
2017.05.04 13:11:46.486,1.47873,1.47886,1.00,1.00
2017.05.04 13:11:46.591,1.47873,1.47889,1.50,1.50
2017.05.04 13:11:46.642,1.47875,1.47889,1.00,1.50
2017.05.04 13:11:46.952,1.47877,1.47891,2.85,1.00
2017.05.04 13:11:47.004,1.47877,1.47891,1.00,1.00
2017.05.04 13:11:47.056,1.47876,1.47894,3.97,1.37
2017.05.04 13:11:47.317,1.47875,1.4789,2.47,1.00
2017.05.04 13:11:47.629,1.47873,1.47887,2.25,1.00
2017.05.04 13:11:48.143,1.47877,1.47889,1.00,1.00
2017.05.04 13:11:48.633,1.47877,1.47886,1.00,1.00
2017.05.04 13:11:48.736,1.47876,1.47889,2.25,1.00
2017.05.04 13:11:48.788,1.47877,1.4789,1.00,1.00
2017.05.04 13:11:49.095,1.47875,1.47887,2.25,1.00
2017.05.04 13:11:49.444,1.47874,1.47891,2.62,1.00
2017.05.04 13:11:49.916,1.47875,1.47888,1.35,1.00
2017.05.04 13:11:50.018,1.47874,1.47892,3.22,1.12
2017.05.04 13:11:50.070,1.47877,1.47892,1.87,1.12
2017.05.04 13:11:50.121,1.47875,1.47892,1.35,1.12
2017.05.04 13:11:50.377,1.47874,1.47889,3.97,1.00
2017.05.04 13:11:50.769,1.47888,1.47895,2.10,1.87
2017.05.04 13:11:50.821,1.47886,1.47896,2.85,1.87
2017.05.04 13:11:50.925,1.47887,1.47899,2.10,1.75
2017.05.04 13:11:50.977,1.47887,1.47903,1.30,1.75
2017.05.04 13:11:51.028,1.47886,1.47903,2.47,1.00
2017.05.04 13:11:51.540,1.47886,1.47903,1.67,1.00
2017.05.04 13:11:52.103,1.47887,1.47903,2.10,1.00
2017.05.04 13:11:52.329,1.47888,1.47903,1.97,1.00
2017.05.04 13:11:52.381,1.47888,1.47905,2.47,1.50
2017.05.04 13:11:52.485,1.4789,1.47905,2.47,1.00
2017.05.04 13:11:52.587,1.47892,1.47907,1.35,1.00
2017.05.04 13:11:52.638,1.47892,1.47909,1.35,2.81
2017.05.04 13:11:53.165,1.47893,1.47909,1.12,1.00
2017.05.04 13:11:54.457,1.47892,1.47909,1.50,1.00
2017.05.04 13:11:55.142,1.47893,1.47909,1.00,1.00
2017.05.04 13:11:55.589,1.47891,1.47908,1.30,1.00
2017.05.04 13:11:56.104,1.47891,1.47909,1.12,1.00
2017.05.04 13:11:56.635,1.47892,1.47909,1.50,1.00
2017.05.04 13:11:58.120,1.47893,1.47909,1.00,1.00
2017.05.04 13:11:58.454,1.47893,1.47907,1.00,1.00
2017.05.04 13:11:58.609,1.47893,1.47909,1.00,1.00
2017.05.04 13:11:58.711,1.47891,1.47909,1.72,1.00
2017.05.04 13:12:00.208,1.47891,1.47908,1.72,1.00
2017.05.04 13:12:01.078,1.47891,1.47907,1.12,1.00
2017.05.04 13:12:01.383,1.4789,1.47909,2.62,1.50
2017.05.04 13:12:01.814,1.47891,1.47907,1.12,1.00
2017.05.04 13:12:01.928,1.47891,1.47909,1.12,1.50
2017.05.04 13:12:02.468,1.47892,1.47909,1.00,2.25
2017.05.04 13:12:02.570,1.4789,1.47909,1.00,2.62
2017.05.04 13:12:03.020,1.47891,1.47906,1.00,1.00
2017.05.04 13:12:03.347,1.47891,1.47908,1.00,1.12
2017.05.04 13:12:03.949,1.47891,1.47906,1.00,1.00
2017.05.04 13:12:04.465,1.4789,1.47906,1.50,1.00
2017.05.04 13:12:04.650,1.4789,1.47908,1.50,1.12
2017.05.04 13:12:05.164,1.4789,1.47907,1.35,1.00
2017.05.04 13:12:05.573,1.47889,1.47905,1.00,1.00
2017.05.04 13:12:05.844,1.47889,1.47908,1.00,1.87
2017.05.04 13:12:06.282,1.47892,1.47908,1.00,1.12
2017.05.04 13:12:06.805,1.47889,1.47907,3.60,1.00
2017.05.04 13:12:07.307,1.47889,1.47906,1.50,1.50
2017.05.04 13:12:07.900,1.47888,1.47905,2.25,1.00
2017.05.04 13:12:07.952,1.47888,1.47906,3.22,2.25
2017.05.04 13:12:08.260,1.47894,1.47906,1.00,1.00
2017.05.04 13:12:08.312,1.47895,1.47912,1.24,1.50
2017.05.04 13:12:08.416,1.47893,1.47906,4.35,1.00
2017.05.04 13:12:08.780,1.47891,1.47908,1.22,1.00
2017.05.04 13:12:08.832,1.4789,1.47908,4.97,1.00
2017.05.04 13:12:09.370,1.47892,1.47909,2.85,1.00
2017.05.04 13:12:09.942,1.47893,1.47909,1.00,1.00
2017.05.04 13:12:10.298,1.47891,1.47909,1.35,1.87
2017.05.04 13:12:10.556,1.47888,1.47907,1.00,1.00
2017.05.04 13:12:10.608,1.47886,1.47905,2.25,1.50
2017.05.04 13:12:10.946,1.47885,1.47901,1.37,1.00
2017.05.04 13:12:11.264,1.47884,1.47901,1.87,1.00
2017.05.04 13:12:11.798,1.47883,1.479,2.25,1.50
2017.05.04 13:12:12.015,1.47883,1.47898,2.25,1.00
2017.05.04 13:12:12.118,1.47883,1.479,2.25,1.00
2017.05.04 13:12:12.629,1.47882,1.47899,1.75,1.00
2017.05.04 13:12:13.166,1.47882,1.47898,2.25,1.00
2017.05.04 13:12:13.218,1.47881,1.47892,1.87,1.00
2017.05.04 13:12:13.735,1.47884,1.47895,1.00,1.00
2017.05.04 13:12:13.838,1.47884,1.47899,1.50,1.00
2017.05.04 13:12:14.364,1.47885,1.479,1.30,1.00
2017.05.04 13:12:14.419,1.47886,1.479,1.87,1.00
2017.05.04 13:12:14.729,1.47892,1.47903,1.00,1.00
2017.05.04 13:12:15.822,1.47892,1.47901,1.00,1.00
2017.05.04 13:12:16.180,1.47892,1.47903,1.00,1.00
2017.05.04 13:12:17.130,1.47888,1.47903,2.25,1.00
2017.05.04 13:12:17.284,1.47887,1.47903,1.87,1.00
2017.05.04 13:12:18.295,1.47887,1.47903,1.50,1.24
2017.05.04 13:12:18.802,1.47888,1.47902,1.00,1.24
2017.05.04 13:12:19.342,1.47889,1.47902,1.00,1.24
2017.05.04 13:12:19.547,1.4789,1.47907,1.00,1.87
2017.05.04 13:12:19.649,1.4789,1.47901,1.50,1.32
2017.05.04 13:12:19.955,1.47893,1.47901,1.00,1.32
2017.05.04 13:12:20.282,1.47899,1.47904,1.00,1.00
2017.05.04 13:12:20.436,1.47898,1.47906,1.00,1.00
2017.05.04 13:12:20.802,1.47899,1.47909,1.00,1.24
2017.05.04 13:12:22.582,1.47899,1.4791,1.37,1.24
2017.05.04 13:12:22.633,1.47904,1.47912,1.00,1.00
2017.05.04 13:12:22.685,1.47904,1.4792,1.00,2.12
2017.05.04 13:12:22.788,1.47903,1.47918,1.00,1.37
2017.05.04 13:12:23.095,1.47905,1.47918,1.00,1.00
2017.05.04 13:12:23.607,1.47906,1.47919,1.00,1.00
2017.05.04 13:12:25.781,1.47909,1.47919,1.00,1.00
2017.05.04 13:12:25.935,1.47911,1.47925,1.00,1.00
2017.05.04 13:12:26.139,1.47914,1.47926,1.50,1.00
2017.05.04 13:12:26.191,1.4791,1.47926,3.37,1.12
2017.05.04 13:12:26.242,1.47914,1.47926,1.00,1.00
2017.05.04 13:12:26.294,1.47912,1.47926,1.00,1.00
2017.05.04 13:12:26.345,1.47914,1.47926,1.50,1.00
2017.05.04 13:12:26.499,1.4791,1.47926,2.25,1.00
2017.05.04 13:12:26.601,1.47908,1.4792,1.00,1.00
2017.05.04 13:12:26.653,1.47907,1.47923,1.35,1.50
2017.05.04 13:12:26.755,1.47907,1.4792,1.00,1.00
2017.05.04 13:12:27.249,1.47909,1.4792,1.00,1.00
2017.05.04 13:12:27.709,1.4791,1.47922,1.00,1.00
2017.05.04 13:12:28.364,1.47909,1.47922,1.00,1.00
2017.05.04 13:12:28.961,1.4791,1.47922,1.00,1.00
2017.05.04 13:12:29.492,1.47909,1.47922,1.00,1.00
2017.05.04 13:12:29.544,1.47909,1.47919,1.00,1.00
2017.05.04 13:12:29.646,1.47907,1.47919,1.00,1.00
2017.05.04 13:12:31.871,1.47908,1.47919,1.00,1.00
2017.05.04 13:12:32.382,1.47908,1.4792,1.00,1.00
2017.05.04 13:12:32.511,1.47914,1.4792,1.00,1.00
2017.05.04 13:12:32.563,1.47916,1.47924,1.00,1.00
2017.05.04 13:12:32.615,1.47916,1.47927,1.00,1.00
2017.05.04 13:12:33.133,1.47917,1.47928,1.00,1.00
2017.05.04 13:12:33.502,1.47913,1.47928,1.00,1.00
2017.05.04 13:12:34.961,1.47915,1.47928,1.00,1.00
2017.05.04 13:12:35.341,1.4792,1.47934,1.50,1.00
2017.05.04 13:12:35.446,1.4792,1.47937,1.12,1.00
2017.05.04 13:12:35.548,1.47921,1.47933,1.50,1.00
2017.05.04 13:12:36.059,1.47921,1.47934,3.00,1.00
2017.05.04 13:12:36.365,1.47921,1.47934,3.75,1.00
2017.05.04 13:12:36.598,1.4792,1.47933,1.37,1.00
2017.05.04 13:12:36.650,1.4792,1.47935,1.37,1.00
2017.05.04 13:12:36.753,1.4792,1.47937,1.37,1.12
2017.05.04 13:12:37.278,1.4792,1.47937,1.37,1.00
2017.05.04 13:12:37.331,1.4792,1.47936,1.37,1.87
2017.05.04 13:12:37.382,1.47918,1.47936,1.37,4.50
2017.05.04 13:12:37.434,1.47917,1.47933,1.37,1.12
2017.05.04 13:12:37.605,1.47915,1.47931,1.37,1.00
2017.05.04 13:12:37.949,1.47915,1.47931,3.00,1.00
2017.05.04 13:12:38.256,1.47925,1.47936,1.37,1.00
2017.05.04 13:12:38.461,1.47926,1.47941,1.12,1.37
2017.05.04 13:12:38.564,1.47926,1.47941,1.12,1.75
2017.05.04 13:12:38.897,1.47915,1.47929,2.25,1.00
2017.05.04 13:12:39.051,1.47913,1.47929,2.25,1.00
2017.05.04 13:12:39.154,1.47916,1.47932,1.75,1.00
2017.05.04 13:12:39.205,1.47922,1.47932,1.00,1.00
2017.05.04 13:12:39.257,1.47922,1.47935,1.00,1.50
2017.05.04 13:12:39.360,1.47919,1.47935,1.50,1.12
2017.05.04 13:12:39.566,1.47921,1.47935,1.37,1.12
2017.05.04 13:12:40.250,1.4792,1.47935,1.50,1.00
2017.05.04 13:12:40.506,1.47923,1.47935,1.00,1.00
2017.05.04 13:12:40.659,1.47921,1.47937,1.00,1.50
2017.05.04 13:12:40.813,1.47918,1.47936,1.37,1.12
2017.05.04 13:12:40.912,1.47916,1.47934,1.75,1.00
2017.05.04 13:12:41.220,1.47916,1.47931,1.75,3.00
2017.05.04 13:12:41.530,1.47916,1.47928,1.75,1.00
2017.05.04 13:12:43.342,1.47915,1.47926,1.75,1.00
2017.05.04 13:12:43.446,1.47916,1.4793,1.12,1.00
2017.05.04 13:12:43.549,1.47921,1.47933,1.00,1.00
2017.05.04 13:12:43.652,1.47921,1.47935,1.87,1.00
2017.05.04 13:12:43.754,1.47921,1.47937,2.25,1.87
2017.05.04 13:12:43.944,1.47921,1.47935,1.00,1.00
2017.05.04 13:12:44.256,1.47918,1.4793,1.12,1.00
2017.05.04 13:12:44.372,1.47914,1.47927,1.37,1.00
2017.05.04 13:12:44.425,1.47911,1.47926,1.87,1.37
2017.05.04 13:12:44.581,1.47908,1.47926,1.37,3.19
2017.05.04 13:12:44.632,1.47908,1.47924,1.50,1.87
2017.05.04 13:12:44.867,1.47907,1.47924,2.25,2.62
