2014.01.21 23:00:00.025,1.54062,1.54089,1.00,2.03
2014.01.21 23:00:00.177,1.54055,1.54082,1.00,1.00
2014.01.21 23:00:00.279,1.54055,1.5408,1.00,1.00
2014.01.21 23:00:00.584,1.54055,1.5407,1.00,1.53
2014.01.21 23:00:00.636,1.54043,1.54068,1.00,1.00
2014.01.21 23:00:00.738,1.54044,1.54072,1.50,1.00
2014.01.21 23:00:00.839,1.54047,1.54081,1.00,1.50
2014.01.21 23:00:00.941,1.54045,1.54072,1.53,1.00
2014.01.21 23:00:00.992,1.54045,1.54072,1.00,1.53
2014.01.21 23:00:01.043,1.54039,1.54069,1.00,1.00
2014.01.21 23:00:01.144,1.54036,1.54067,1.00,1.00
2014.01.21 23:00:01.681,1.54039,1.54068,1.00,1.00
2014.01.21 23:00:01.732,1.54039,1.5407,1.50,1.50
2014.01.21 23:00:01.881,1.54036,1.54069,2.25,1.50
2014.01.21 23:00:01.932,1.54036,1.54067,1.00,1.00
2014.01.21 23:00:02.326,1.54034,1.54065,1.00,1.50
2014.01.21 23:00:02.632,1.54034,1.54063,1.00,1.00
2014.01.21 23:00:03.144,1.54034,1.54064,1.00,1.00
2014.01.21 23:00:03.874,1.54034,1.54062,1.50,1.00
2014.01.21 23:00:04.874,1.54038,1.54062,1.00,1.50
2014.01.21 23:00:04.976,1.54038,1.54067,1.00,1.86
2014.01.21 23:00:06.204,1.54038,1.54068,1.00,1.50
2014.01.21 23:00:06.995,1.54037,1.54068,1.00,1.00
2014.01.21 23:00:07.624,1.54044,1.54068,1.00,1.00
2014.01.21 23:00:07.676,1.54044,1.54072,1.00,1.36
2014.01.21 23:00:07.778,1.54044,1.54073,1.00,1.86
2014.01.21 23:00:08.284,1.54043,1.54073,1.00,1.50
2014.01.21 23:00:08.976,1.54043,1.54072,1.00,1.50
2014.01.21 23:00:09.518,1.54042,1.54072,1.00,1.50
2014.01.21 23:00:11.517,1.54042,1.54067,1.00,1.50
2014.01.21 23:00:12.353,1.54041,1.54067,1.00,1.50
2014.01.21 23:00:12.668,1.54041,1.54065,1.00,1.00
2014.01.21 23:00:13.923,1.54043,1.54062,1.00,1.00
2014.01.21 23:00:15.106,1.54039,1.54062,1.00,1.00
2014.01.21 23:00:15.309,1.54039,1.54066,1.00,1.50
2014.01.21 23:00:19.986,1.54039,1.54068,1.00,1.50
2014.01.21 23:00:20.153,1.54038,1.54065,1.00,1.00
2014.01.21 23:00:20.824,1.54039,1.54065,1.00,1.50
2014.01.21 23:00:20.976,1.54039,1.54067,1.00,1.50
2014.01.21 23:00:21.324,1.54039,1.54069,1.00,1.00
2014.01.21 23:00:22.399,1.54038,1.54069,1.50,1.00
2014.01.21 23:00:23.094,1.54042,1.54071,1.00,1.50
2014.01.21 23:00:23.195,1.54046,1.54076,2.25,1.00
2014.01.21 23:00:23.614,1.54046,1.54078,3.00,1.00
2014.01.21 23:00:23.716,1.54045,1.54075,1.00,1.50
2014.01.21 23:00:23.767,1.54043,1.54075,2.25,1.50
2014.01.21 23:00:24.676,1.54043,1.54073,1.00,1.00
2014.01.21 23:00:24.727,1.54041,1.54073,1.00,1.00
2014.01.21 23:00:26.178,1.54041,1.54069,1.00,1.00
2014.01.21 23:00:26.229,1.54039,1.54069,1.00,1.00
2014.01.21 23:00:26.381,1.54041,1.5407,1.00,1.00
2014.01.21 23:00:26.432,1.54041,1.54073,1.00,1.00
2014.01.21 23:00:27.443,1.54043,1.54073,1.00,1.00
2014.01.21 23:00:27.494,1.54043,1.54075,1.50,2.25
2014.01.21 23:00:27.889,1.54065,1.54076,1.00,1.00
2014.01.21 23:00:27.991,1.54066,1.54084,1.00,1.00
2014.01.21 23:00:28.092,1.54066,1.54096,1.50,1.38
2014.01.21 23:00:28.193,1.54066,1.54088,1.50,1.00
2014.01.21 23:00:28.244,1.54063,1.54088,1.00,1.50
2014.01.21 23:00:28.295,1.54054,1.54085,1.00,1.00
2014.01.21 23:00:28.396,1.54052,1.54069,1.00,1.00
2014.01.21 23:00:28.447,1.5405,1.54069,1.00,1.00
2014.01.21 23:00:28.498,1.54056,1.54069,1.00,1.00
2014.01.21 23:00:28.599,1.54056,1.54078,1.00,2.03
2014.01.21 23:00:28.701,1.54056,1.54075,1.00,1.00
2014.01.21 23:00:30.236,1.54056,1.54079,1.00,1.00
2014.01.21 23:00:32.178,1.54056,1.54078,1.00,1.00
2014.01.21 23:00:32.229,1.54049,1.54072,1.00,1.00
2014.01.21 23:00:32.280,1.54047,1.54072,1.00,1.50
2014.01.21 23:00:42.666,1.54043,1.54072,1.50,1.50
2014.01.21 23:00:42.923,1.54045,1.54072,1.00,1.50
2014.01.21 23:00:46.344,1.54046,1.54072,1.00,1.50
2014.01.21 23:00:46.660,1.54046,1.54066,1.00,1.50
2014.01.21 23:00:49.613,1.54043,1.54066,1.00,1.50
2014.01.21 23:00:50.190,1.54046,1.54066,1.00,1.50
2014.01.21 23:00:52.364,1.54047,1.54066,1.00,1.50
2014.01.21 23:00:53.174,1.54047,1.54064,1.00,1.00
2014.01.21 23:00:54.134,1.54046,1.54065,1.00,1.00
2014.01.21 23:00:54.186,1.54046,1.54067,1.00,1.00
2014.01.21 23:00:54.236,1.54046,1.54065,1.00,1.00
2014.01.21 23:00:55.467,1.54045,1.54066,1.00,2.25
2014.01.21 23:00:55.900,1.54036,1.54066,1.00,1.94
2014.01.21 23:00:55.951,1.54036,1.54062,1.00,1.00
2014.01.21 23:00:56.052,1.54034,1.54062,1.00,1.50
2014.01.21 23:00:56.571,1.54037,1.54059,1.00,1.50
2014.01.21 23:00:58.414,1.54038,1.54059,1.00,1.50
2014.01.21 23:00:59.632,1.5404,1.54059,1.00,1.50
2014.01.21 23:00:59.683,1.5404,1.54061,1.00,1.19
2014.01.21 23:00:59.734,1.54043,1.54062,1.00,1.94
2014.01.21 23:00:59.785,1.54043,1.54064,1.00,1.00
2014.01.21 23:00:59.987,1.54043,1.54066,1.00,1.50
2014.01.21 23:01:00.883,1.54043,1.54068,1.00,1.00
2014.01.21 23:01:01.250,1.5404,1.54069,1.00,1.00
2014.01.21 23:01:02.153,1.54039,1.54069,1.00,1.00
2014.01.21 23:01:02.396,1.54044,1.54067,1.00,1.00
2014.01.21 23:01:02.724,1.54044,1.54065,1.00,1.50
2014.01.21 23:01:03.036,1.54044,1.54063,1.00,1.00
2014.01.21 23:01:03.456,1.54043,1.5406,1.00,1.00
2014.01.21 23:01:03.669,1.54043,1.54063,1.00,1.00
2014.01.21 23:01:03.913,1.54045,1.54063,1.00,1.00
2014.01.21 23:01:04.659,1.54045,1.54059,1.00,1.00
2014.01.21 23:01:05.111,1.54045,1.54065,1.00,1.50
2014.01.21 23:01:05.626,1.54046,1.54065,1.00,1.50
2014.01.21 23:01:06.220,1.54046,1.54061,1.00,1.00
2014.01.21 23:01:06.761,1.54047,1.54061,1.00,1.00
2014.01.21 23:01:06.914,1.54039,1.54061,1.00,1.50
2014.01.21 23:01:06.965,1.54039,1.54054,1.00,1.00
2014.01.21 23:01:08.422,1.5404,1.54054,1.00,1.50
2014.01.21 23:01:08.949,1.5404,1.5405,1.00,1.00
2014.01.21 23:01:09.464,1.54039,1.5405,1.00,1.00
2014.01.21 23:01:09.515,1.54039,1.54054,1.00,1.50
2014.01.21 23:01:09.616,1.54039,1.5405,1.00,1.00
2014.01.21 23:01:10.864,1.54036,1.5405,1.00,1.00
2014.01.21 23:01:11.167,1.54036,1.54054,1.00,1.50
2014.01.21 23:01:11.305,1.54036,1.54057,1.00,2.25
2014.01.21 23:01:12.163,1.54035,1.54057,1.00,2.25
2014.01.21 23:01:14.634,1.54037,1.54057,1.00,2.25
2014.01.21 23:01:16.802,1.54038,1.54057,1.00,1.00
2014.01.21 23:01:17.622,1.54035,1.54057,1.00,1.00
2014.01.21 23:01:18.135,1.54039,1.54057,1.00,1.00
2014.01.21 23:01:18.338,1.5404,1.5406,1.00,1.00
2014.01.21 23:01:19.406,1.5404,1.54061,1.00,1.00
2014.01.21 23:01:19.914,1.54041,1.54061,1.00,1.00
2014.01.21 23:01:21.423,1.54042,1.54061,1.00,1.00
2014.01.21 23:01:21.929,1.54042,1.54063,1.00,1.00
2014.01.21 23:01:22.081,1.54042,1.54061,1.00,1.00
2014.01.21 23:01:22.657,1.54043,1.54061,1.00,1.00
2014.01.21 23:01:23.890,1.54041,1.54061,1.00,1.00
2014.01.21 23:01:23.941,1.54041,1.54059,1.00,1.00
2014.01.21 23:01:24.486,1.54041,1.54058,1.00,1.00
2014.01.21 23:01:28.262,1.54041,1.5406,1.00,1.00
2014.01.21 23:01:28.891,1.54041,1.54062,1.00,1.00
2014.01.21 23:01:29.485,1.54042,1.54062,1.00,1.00
2014.01.21 23:01:30.091,1.54041,1.54062,1.00,1.00
2014.01.21 23:01:30.962,1.54041,1.5406,1.00,1.00
2014.01.21 23:01:31.266,1.54042,1.54055,1.00,1.00
2014.01.21 23:01:31.900,1.54042,1.54056,1.00,1.00
2014.01.21 23:01:35.841,1.5404,1.54055,1.00,1.00
2014.01.21 23:01:35.943,1.5404,1.54059,1.00,1.50
2014.01.21 23:01:36.162,1.54042,1.54059,1.00,1.50
2014.01.21 23:01:36.691,1.54042,1.54057,1.00,1.00
2014.01.21 23:01:43.423,1.54043,1.54057,1.00,1.50
2014.01.21 23:01:44.111,1.54043,1.54056,1.00,1.00
2014.01.21 23:01:44.657,1.54043,1.54057,1.00,1.50
2014.01.21 23:01:45.402,1.54043,1.54057,1.00,1.50
2014.01.21 23:01:46.573,1.54043,1.54056,1.00,1.00
2014.01.21 23:01:55.854,1.5404,1.54056,1.00,1.00
2014.01.21 23:01:58.823,1.54046,1.54056,1.00,1.00
2014.01.21 23:01:59.127,1.54047,1.54059,1.00,1.00
2014.01.21 23:01:59.380,1.54048,1.54063,1.00,1.00
2014.01.21 23:01:59.481,1.54048,1.5406,1.00,1.00
2014.01.21 23:02:00.362,1.54049,1.5406,1.00,1.00
2014.01.21 23:02:00.948,1.54049,1.5406,1.00,1.00
2014.01.21 23:02:03.882,1.54043,1.5406,1.00,1.00
2014.01.21 23:02:07.141,1.54043,1.54059,1.00,1.00
2014.01.21 23:02:07.271,1.54043,1.54057,1.00,1.00
2014.01.21 23:02:09.338,1.54043,1.54059,1.00,1.00
2014.01.21 23:02:15.937,1.54043,1.54057,1.00,1.00
2014.01.21 23:02:16.519,1.54043,1.54056,1.00,1.00
2014.01.21 23:02:23.978,1.54043,1.54057,1.00,1.00
2014.01.21 23:02:30.265,1.54043,1.5406,1.00,1.00
2014.01.21 23:02:33.471,1.54042,1.5406,1.00,1.00
2014.01.21 23:02:36.001,1.54043,1.5406,1.00,1.00
2014.01.21 23:02:40.000,1.54043,1.54059,1.00,1.00
2014.01.21 23:02:40.567,1.54043,1.54058,1.00,1.00
2014.01.21 23:02:43.813,1.54046,1.54058,1.00,1.00
2014.01.21 23:02:45.543,1.54045,1.54057,1.00,1.00
2014.01.21 23:02:45.873,1.54044,1.54055,1.00,1.00
2014.01.21 23:02:45.975,1.54046,1.54058,1.00,1.00
2014.01.21 23:02:46.495,1.54046,1.54059,1.00,1.50
2014.01.21 23:02:46.546,1.54045,1.54055,1.00,1.00
2014.01.21 23:02:49.633,1.54027,1.54051,1.00,1.00
2014.01.21 23:02:50.101,1.54027,1.54049,1.00,1.00
2014.01.21 23:02:50.835,1.54027,1.54046,1.00,1.00
2014.01.21 23:02:54.482,1.54027,1.54048,1.00,1.00
2014.01.21 23:02:54.558,1.54027,1.5405,1.00,1.00
2014.01.21 23:02:55.802,1.5404,1.54056,1.00,1.00
2014.01.21 23:02:56.318,1.54043,1.54056,1.00,1.00
2014.01.21 23:02:59.652,1.54042,1.54054,1.00,1.00
2014.01.21 23:03:00.573,1.54042,1.54054,1.00,1.50
2014.01.21 23:03:02.407,1.54042,1.54054,1.00,1.00
2014.01.21 23:03:02.508,1.54027,1.54048,1.00,1.00
2014.01.21 23:03:02.887,1.54039,1.54048,1.00,1.00
2014.01.21 23:03:03.396,1.54037,1.54047,1.00,1.00
2014.01.21 23:03:03.715,1.54034,1.54049,1.00,1.00
2014.01.21 23:03:03.817,1.54036,1.54047,1.00,1.00
2014.01.21 23:03:05.377,1.54036,1.54045,1.00,1.00
2014.01.21 23:03:12.911,1.54036,1.54045,1.00,1.00
2014.01.21 23:03:13.281,1.54036,1.54045,1.00,1.00
2014.01.21 23:03:15.018,1.54036,1.54048,1.00,1.50
2014.01.21 23:03:15.985,1.54036,1.54045,1.00,1.00
2014.01.21 23:03:18.107,1.5402,1.54042,1.00,1.00
2014.01.21 23:03:18.319,1.54032,1.54047,1.00,1.00
2014.01.21 23:03:18.860,1.54036,1.54048,1.00,1.50
2014.01.21 23:03:22.975,1.54035,1.54048,1.00,1.00
2014.01.21 23:03:23.279,1.54038,1.54048,1.00,1.00
2014.01.21 23:03:23.792,1.54037,1.54048,1.00,1.00
2014.01.21 23:03:23.842,1.54035,1.54048,1.00,1.00
2014.01.21 23:03:26.466,1.54035,1.5405,1.00,1.00
2014.01.21 23:03:27.118,1.54035,1.54049,1.00,1.00
2014.01.21 23:03:34.809,1.54037,1.54049,1.00,1.00
2014.01.21 23:03:35.138,1.54037,1.5405,1.00,1.00
2014.01.21 23:03:35.299,1.54037,1.54048,1.00,1.00
2014.01.21 23:03:35.800,1.54037,1.54048,1.00,1.00
2014.01.21 23:03:36.103,1.54034,1.54046,1.00,1.50
2014.01.21 23:03:36.255,1.54034,1.54046,1.00,1.50
2014.01.21 23:03:45.252,1.54033,1.54046,1.00,1.50
2014.01.21 23:03:45.874,1.54033,1.54046,1.00,1.00
2014.01.21 23:03:47.406,1.54033,1.54045,1.00,1.00
2014.01.21 23:03:49.338,1.54033,1.54046,1.00,1.50
2014.01.21 23:03:54.112,1.54032,1.54044,1.00,1.00
2014.01.21 23:03:54.416,1.5403,1.54042,1.00,1.00
2014.01.21 23:03:55.822,1.54029,1.54043,1.00,1.50
2014.01.21 23:03:58.970,1.54028,1.5404,1.00,1.50
2014.01.21 23:03:59.152,1.54023,1.54038,1.00,1.50
2014.01.21 23:03:59.456,1.54023,1.54036,1.00,1.00
2014.01.21 23:04:03.855,1.54021,1.54036,1.00,1.00
2014.01.21 23:04:04.415,1.54022,1.54036,1.00,1.00
2014.01.21 23:04:06.003,1.54007,1.54025,1.00,1.00
2014.01.21 23:04:06.054,1.54016,1.54024,1.00,1.00
2014.01.21 23:04:06.707,1.54017,1.54029,1.00,1.00
2014.01.21 23:04:06.812,1.54017,1.54034,1.00,1.00
2014.01.21 23:04:06.863,1.54017,1.54037,1.00,1.00
2014.01.21 23:04:09.687,1.54017,1.54036,1.00,1.00
2014.01.21 23:04:09.789,1.54017,1.54026,1.00,1.00
2014.01.21 23:04:09.940,1.54006,1.54021,1.00,1.00
2014.01.21 23:04:09.991,1.54003,1.54021,1.00,1.00
2014.01.21 23:04:10.042,1.54003,1.54023,1.00,1.13
2014.01.21 23:04:10.093,1.53994,1.54023,2.03,1.13
2014.01.21 23:04:10.194,1.53992,1.54023,1.00,1.13
2014.01.21 23:04:10.245,1.53992,1.54017,1.00,1.00
2014.01.21 23:04:10.295,1.53989,1.54017,1.00,1.00
2014.01.21 23:04:10.397,1.53986,1.54016,1.00,1.00
2014.01.21 23:04:12.057,1.53986,1.54015,1.00,1.00
2014.01.21 23:04:14.930,1.53986,1.54012,1.00,1.00
2014.01.21 23:04:15.638,1.53986,1.54011,1.00,1.50
2014.01.21 23:04:24.739,1.53984,1.54011,1.00,1.50
2014.01.21 23:04:31.577,1.5398,1.54011,1.00,1.50
2014.01.21 23:04:35.601,1.5398,1.5401,1.00,1.00
2014.01.21 23:04:41.661,1.53981,1.5401,1.00,1.00
2014.01.21 23:04:41.763,1.53981,1.54003,1.00,1.00
2014.01.21 23:04:44.119,1.53981,1.53999,1.00,1.00
2014.01.21 23:04:46.830,1.53981,1.53996,1.00,1.00
2014.01.21 23:04:50.537,1.53981,1.53998,1.00,1.50
2014.01.21 23:04:50.749,1.53981,1.54,1.00,1.50
2014.01.21 23:04:52.650,1.53978,1.53999,1.00,1.00
2014.01.21 23:04:52.701,1.53978,1.53993,1.00,1.00
2014.01.21 23:04:52.802,1.53974,1.53993,1.00,1.50
2014.01.21 23:05:00.171,1.53974,1.53995,1.00,1.50
2014.01.21 23:05:00.475,1.53974,1.53998,1.00,1.50
2014.01.21 23:05:00.701,1.53981,1.53999,1.00,1.00
2014.01.21 23:05:00.905,1.53981,1.54004,1.00,1.50
2014.01.21 23:05:01.683,1.53988,1.54005,1.00,1.00
2014.01.21 23:05:01.734,1.53988,1.54011,1.00,1.00
2014.01.21 23:05:21.664,1.53988,1.54011,1.00,1.38
2014.01.21 23:05:21.715,1.53979,1.54009,1.00,1.38
2014.01.21 23:05:21.766,1.53979,1.53999,1.00,1.00
2014.01.21 23:05:22.019,1.53971,1.53997,1.00,1.50
2014.01.21 23:05:22.121,1.53971,1.5399,1.00,1.00
2014.01.21 23:05:22.273,1.53964,1.53987,1.50,1.50
2014.01.21 23:05:22.375,1.53964,1.53983,1.50,1.00
2014.01.21 23:05:27.398,1.53964,1.53982,1.00,1.00
2014.01.21 23:05:27.650,1.53962,1.53982,1.00,1.50
2014.01.21 23:05:30.444,1.53962,1.53983,1.00,1.50
2014.01.21 23:05:30.497,1.53964,1.53983,1.00,1.50
2014.01.21 23:05:32.006,1.53961,1.53983,1.00,1.50
2014.01.21 23:05:37.727,1.53961,1.53982,1.00,1.00
2014.01.21 23:05:38.716,1.53955,1.53982,1.00,1.50
2014.01.21 23:05:46.857,1.53956,1.53983,1.00,1.50
2014.01.21 23:05:57.305,1.53955,1.53983,1.00,2.25
2014.01.21 23:05:58.076,1.53957,1.53983,1.00,2.25
2014.01.21 23:06:00.828,1.53956,1.53982,1.00,1.00
2014.01.21 23:06:01.286,1.53964,1.53983,1.00,1.50
2014.01.21 23:06:01.388,1.53964,1.53988,1.00,1.00
2014.01.21 23:06:01.489,1.53959,1.53983,1.00,1.00
2014.01.21 23:06:01.592,1.53957,1.53983,1.00,1.00
2014.01.21 23:06:11.111,1.53959,1.53983,1.00,1.00
2014.01.21 23:06:12.149,1.53961,1.53983,1.00,1.00
2014.01.21 23:06:12.851,1.53962,1.53983,1.00,1.00
2014.01.21 23:06:13.171,1.53964,1.53983,1.50,1.00
2014.01.21 23:06:13.475,1.53968,1.53983,1.50,1.00
2014.01.21 23:06:13.880,1.53966,1.53983,1.00,1.00
2014.01.21 23:06:14.184,1.53964,1.53984,1.50,1.50
2014.01.21 23:06:14.234,1.53967,1.53984,1.00,1.50
2014.01.21 23:06:15.925,1.53967,1.5399,1.50,1.00
2014.01.21 23:06:16.128,1.53968,1.53997,1.50,1.38
2014.01.21 23:06:16.178,1.53972,1.53997,1.00,1.38
2014.01.21 23:06:16.229,1.53972,1.53997,1.00,1.00
2014.01.21 23:06:16.280,1.53977,1.53997,1.00,1.00
2014.01.21 23:06:16.896,1.53981,1.54001,1.00,1.00
2014.01.21 23:06:17.474,1.53982,1.54001,1.50,1.00
2014.01.21 23:06:17.886,1.53982,1.54006,1.50,1.00
2014.01.21 23:06:18.138,1.53991,1.54012,1.00,1.00
2014.01.21 23:06:18.341,1.53993,1.54016,1.50,1.00
2014.01.21 23:06:18.391,1.54001,1.54016,1.00,1.00
2014.01.21 23:06:18.493,1.54,1.5402,1.50,1.30
2014.01.21 23:06:18.544,1.54,1.54025,1.50,1.00
2014.01.21 23:06:18.594,1.54003,1.54025,1.00,1.00
2014.01.21 23:06:19.100,1.54002,1.54034,1.00,1.38
2014.01.21 23:06:19.215,1.54002,1.54037,1.00,1.88
2014.01.21 23:06:19.266,1.54006,1.54037,1.00,1.50
2014.01.21 23:06:24.255,1.54006,1.54036,1.00,1.00
2014.01.21 23:06:25.528,1.54006,1.54034,1.00,1.00
2014.01.21 23:06:25.769,1.54003,1.54034,1.00,1.00
2014.01.21 23:06:26.145,1.54003,1.54025,1.00,1.00
2014.01.21 23:06:26.196,1.54,1.54025,1.50,1.00
2014.01.21 23:06:28.990,1.53998,1.54025,1.00,1.00
2014.01.21 23:06:29.546,1.53997,1.54025,1.00,1.00
2014.01.21 23:06:31.386,1.53998,1.54025,1.50,1.00
2014.01.21 23:06:31.753,1.54008,1.54025,1.00,1.00
2014.01.21 23:06:32.325,1.54007,1.54025,1.50,1.00
2014.01.21 23:06:33.367,1.54011,1.54025,1.00,1.00
2014.01.21 23:06:33.468,1.54008,1.54025,1.00,1.00
2014.01.21 23:06:33.519,1.5401,1.54025,1.00,1.00
2014.01.21 23:06:33.625,1.54008,1.54028,1.50,1.00
2014.01.21 23:06:36.795,1.54008,1.54027,1.00,1.00
2014.01.21 23:06:37.084,1.54012,1.54027,1.00,1.00
2014.01.21 23:06:37.408,1.54014,1.54028,1.50,1.00
2014.01.21 23:06:37.794,1.54014,1.54026,1.00,1.00
2014.01.21 23:06:37.845,1.54012,1.54026,1.50,1.00
2014.01.21 23:06:37.997,1.54007,1.54028,1.00,1.38
2014.01.21 23:06:38.047,1.54007,1.54023,1.00,1.00
2014.01.21 23:06:41.288,1.54006,1.54023,1.00,1.00
2014.01.21 23:06:41.592,1.54006,1.54019,1.00,1.00
2014.01.21 23:06:41.925,1.54006,1.54017,1.00,1.00
2014.01.21 23:06:42.566,1.54006,1.54023,1.50,1.00
2014.01.21 23:06:43.097,1.54007,1.54023,1.00,1.00
2014.01.21 23:06:43.582,1.54004,1.54023,2.25,1.00
2014.01.21 23:06:44.034,1.54,1.54023,1.00,1.00
2014.01.21 23:06:44.085,1.54003,1.54023,1.00,1.00
2014.01.21 23:06:47.467,1.54003,1.54018,1.50,1.00
2014.01.21 23:06:48.556,1.54006,1.54018,1.00,1.00
2014.01.21 23:06:49.165,1.54007,1.54018,1.50,1.00
2014.01.21 23:06:49.758,1.54005,1.54018,1.00,1.00
2014.01.21 23:06:50.164,1.54005,1.5402,1.50,1.00
2014.01.21 23:06:53.838,1.54005,1.54021,1.50,1.00
2014.01.21 23:06:56.150,1.54005,1.54019,1.50,1.00
2014.01.21 23:06:59.296,1.54005,1.54021,1.50,1.00
2014.01.21 23:07:04.134,1.54005,1.54019,1.00,1.00
2014.01.21 23:07:07.338,1.54006,1.54019,1.00,1.00
2014.01.21 23:07:07.987,1.54007,1.54019,1.00,1.00
2014.01.21 23:07:08.570,1.54004,1.54023,1.50,1.00
2014.01.21 23:07:09.308,1.54004,1.54022,1.50,1.00
2014.01.21 23:07:10.661,1.54005,1.54022,1.50,1.00
2014.01.21 23:07:15.355,1.54006,1.54022,1.00,1.00
2014.01.21 23:07:15.765,1.54004,1.54022,1.50,1.00
2014.01.21 23:07:15.817,1.5401,1.54022,1.00,1.00
2014.01.21 23:07:15.919,1.54004,1.54022,1.00,1.00
2014.01.21 23:07:19.515,1.54005,1.54022,1.00,1.00
2014.01.21 23:07:20.048,1.54004,1.54022,1.50,1.00
2014.01.21 23:07:20.908,1.54009,1.54022,1.00,1.00
2014.01.21 23:07:23.824,1.54009,1.54029,1.00,1.00
2014.01.21 23:07:24.492,1.54008,1.54029,1.00,1.00
2014.01.21 23:07:26.574,1.54008,1.54034,1.00,1.00
2014.01.21 23:07:26.726,1.54011,1.54034,1.00,1.00
2014.01.21 23:07:28.782,1.54013,1.54034,1.00,1.00
2014.01.21 23:07:29.112,1.54011,1.54032,1.00,1.00
2014.01.21 23:07:31.194,1.54011,1.54034,1.00,1.00
2014.01.21 23:07:31.549,1.54013,1.54034,1.00,1.00
2014.01.21 23:07:31.862,1.54015,1.54032,1.00,1.00
2014.01.21 23:07:38.466,1.54011,1.54032,1.00,1.00
2014.01.21 23:07:44.175,1.54011,1.54031,1.00,1.00
2014.01.21 23:07:50.775,1.54011,1.54032,1.00,1.00
2014.01.21 23:07:54.262,1.54009,1.54032,1.50,1.00
2014.01.21 23:07:56.392,1.54007,1.54032,1.00,1.00
2014.01.21 23:07:56.910,1.54007,1.54031,1.00,1.00
2014.01.21 23:07:59.409,1.54006,1.54031,1.00,1.00
2014.01.21 23:08:00.915,1.54005,1.54013,1.00,1.00
2014.01.21 23:08:01.119,1.54005,1.54013,1.00,2.25
2014.01.21 23:08:01.171,1.53995,1.54013,1.00,2.25
2014.01.21 23:08:01.272,1.53997,1.54018,1.00,1.00
2014.01.21 23:08:01.373,1.53993,1.54021,1.50,1.00
2014.01.21 23:08:01.609,1.53993,1.54023,1.00,1.50
2014.01.21 23:08:01.711,1.53998,1.54023,1.00,1.50
2014.01.21 23:08:02.361,1.53999,1.54023,1.00,1.50
2014.01.21 23:08:02.594,1.53999,1.54027,1.00,1.50
2014.01.21 23:08:02.663,1.53996,1.54027,1.00,1.50
2014.01.21 23:08:03.885,1.53996,1.54026,1.00,1.00
2014.01.21 23:08:05.295,1.53996,1.54027,1.00,1.50
2014.01.21 23:08:06.170,1.53999,1.54027,1.00,1.50
2014.01.21 23:08:06.533,1.54005,1.54027,1.00,1.00
2014.01.21 23:08:08.836,1.54004,1.54027,1.00,1.00
2014.01.21 23:08:09.813,1.54004,1.54025,1.00,1.00
2014.01.21 23:08:10.118,1.54007,1.54025,1.00,1.00
2014.01.21 23:08:10.485,1.54009,1.54025,1.00,1.00
2014.01.21 23:08:11.472,1.54009,1.54024,1.00,1.00
2014.01.21 23:08:13.126,1.54009,1.54031,1.00,2.25
2014.01.21 23:08:13.379,1.54006,1.54031,1.00,1.00
2014.01.21 23:08:13.993,1.54007,1.54031,1.00,1.00
2014.01.21 23:08:16.852,1.54004,1.54031,1.00,1.00
2014.01.21 23:08:19.396,1.54005,1.54031,1.00,1.00
2014.01.21 23:08:20.105,1.54005,1.54029,1.00,1.00
2014.01.21 23:08:20.618,1.54005,1.5403,1.00,1.00
2014.01.21 23:08:27.317,1.54004,1.5403,1.00,1.00
2014.01.21 23:08:27.879,1.54005,1.5403,1.00,1.00
2014.01.21 23:08:30.614,1.54009,1.5403,1.00,1.00
2014.01.21 23:08:30.715,1.54005,1.5403,1.00,1.00
2014.01.21 23:08:33.273,1.54004,1.5403,1.00,1.00
2014.01.21 23:08:33.793,1.54005,1.5403,1.00,1.00
2014.01.21 23:08:34.904,1.54003,1.5403,1.00,1.00
2014.01.21 23:08:39.732,1.54004,1.5403,1.00,1.00
2014.01.21 23:08:44.639,1.54004,1.54031,1.00,1.00
2014.01.21 23:08:45.434,1.54005,1.54031,1.00,1.00
2014.01.21 23:08:45.754,1.54005,1.54033,1.00,1.00
2014.01.21 23:08:46.084,1.54005,1.54031,1.00,1.00
2014.01.21 23:08:47.404,1.54005,1.54033,1.00,1.00
2014.01.21 23:08:47.736,1.54011,1.54037,1.00,2.25
2014.01.21 23:09:03.713,1.54011,1.54034,1.00,1.00
2014.01.21 23:09:05.972,1.5401,1.54034,1.00,1.00
2014.01.21 23:09:08.857,1.54003,1.54027,1.50,1.00
2014.01.21 23:09:09.009,1.54001,1.54027,1.00,1.00
2014.01.21 23:09:09.222,1.53999,1.54027,1.00,1.00
2014.01.21 23:09:09.838,1.53997,1.54027,1.00,1.00
2014.01.21 23:09:10.411,1.53996,1.54027,1.50,1.00
2014.01.21 23:09:17.114,1.53996,1.54028,1.50,1.50
2014.01.21 23:09:24.207,1.53999,1.54028,1.00,1.00
2014.01.21 23:09:34.138,1.54001,1.54028,1.00,1.00
2014.01.21 23:09:54.614,1.54,1.54028,1.50,1.00
2014.01.21 23:10:02.906,1.54,1.54027,1.00,1.00
2014.01.21 23:10:02.956,1.53997,1.54027,1.00,1.00
2014.01.21 23:10:03.159,1.53994,1.54028,1.50,2.25
2014.01.21 23:10:03.278,1.54,1.54028,1.00,1.50
2014.01.21 23:10:17.909,1.53997,1.54028,1.00,1.50
2014.01.21 23:10:18.190,1.53997,1.54025,1.00,1.00
2014.01.21 23:10:18.503,1.53997,1.54021,1.00,1.00
2014.01.21 23:10:18.554,1.53998,1.54025,1.00,1.00
2014.01.21 23:10:18.605,1.53998,1.54021,1.00,1.00
2014.01.21 23:10:18.706,1.53997,1.54026,1.00,1.00
2014.01.21 23:10:19.999,1.53996,1.54026,1.00,1.00
2014.01.21 23:10:22.808,1.53996,1.54027,2.25,1.00
2014.01.21 23:10:24.729,1.53996,1.54026,1.50,1.00
2014.01.21 23:10:27.978,1.53999,1.54026,1.00,1.00
2014.01.21 23:10:28.180,1.54002,1.54031,1.00,1.00
2014.01.21 23:10:29.951,1.54003,1.54031,1.00,1.00
2014.01.21 23:10:30.103,1.54004,1.54027,1.00,1.00
2014.01.21 23:10:31.179,1.54001,1.54027,2.25,1.00
2014.01.21 23:10:31.331,1.53998,1.54027,1.50,1.00
2014.01.21 23:10:34.667,1.53999,1.54027,2.25,1.50
2014.01.21 23:10:35.226,1.54004,1.54027,2.33,1.50
2014.01.21 23:10:35.328,1.54006,1.54027,3.00,1.00
2014.01.21 23:10:38.485,1.54003,1.54027,1.50,1.10
2014.01.21 23:10:59.388,1.54003,1.54027,3.00,1.18
2014.01.21 23:10:59.943,1.54005,1.54027,1.50,1.10
2014.01.21 23:11:01.052,1.54004,1.54027,1.50,1.50
2014.01.21 23:11:01.748,1.54002,1.54027,3.00,1.58
2014.01.21 23:11:05.816,1.54013,1.54027,1.00,1.58
2014.01.21 23:11:05.917,1.54013,1.54032,1.00,1.18
2014.01.21 23:11:05.968,1.54007,1.54028,3.75,1.00
2014.01.21 23:11:06.019,1.54007,1.54028,1.00,1.58
2014.01.21 23:11:06.071,1.54012,1.54028,1.00,2.33
2014.01.21 23:11:06.378,1.54,1.54026,1.18,3.00
2014.01.21 23:11:26.329,1.53997,1.54024,1.50,1.50
2014.01.21 23:11:42.319,1.53998,1.54024,1.20,1.50
2014.01.21 23:11:42.624,1.5401,1.54031,1.50,1.00
2014.01.21 23:11:42.725,1.54006,1.54031,1.10,2.25
2014.01.21 23:11:43.078,1.54,1.54027,1.50,1.50
2014.01.21 23:11:43.520,1.53998,1.54025,1.50,1.50
2014.01.21 23:11:43.789,1.53998,1.54027,3.00,3.75
2014.01.21 23:11:43.840,1.54,1.54027,1.50,2.25
2014.01.21 23:11:46.698,1.53998,1.54027,2.33,3.75
2014.01.21 23:11:47.313,1.53996,1.54025,3.75,3.00
2014.01.21 23:11:51.273,1.53996,1.54023,1.15,1.50
2014.01.21 23:11:51.374,1.53996,1.54011,1.15,1.50
2014.01.21 23:11:51.628,1.53983,1.53999,1.00,1.50
2014.01.21 23:11:51.730,1.53977,1.54001,3.00,1.10
2014.01.21 23:11:51.898,1.53977,1.54001,2.25,1.08
2014.01.21 23:11:51.949,1.53972,1.54001,2.25,1.50
2014.01.21 23:11:52.000,1.53973,1.54002,3.00,3.75
2014.01.21 23:11:52.050,1.53975,1.54002,1.50,2.25
2014.01.21 23:11:53.773,1.53972,1.53999,3.00,1.50
2014.01.21 23:12:00.389,1.53973,1.53998,1.50,1.08
2014.01.21 23:12:00.440,1.53974,1.54001,1.50,1.50
2014.01.21 23:12:07.224,1.53975,1.54004,3.00,3.75
2014.01.21 23:12:08.961,1.53977,1.54001,1.50,1.08
2014.01.21 23:12:09.082,1.53978,1.54001,1.50,1.10
2014.01.21 23:12:13.586,1.5398,1.54001,1.58,1.00
2014.01.21 23:12:25.945,1.53977,1.54001,3.00,1.10
2014.01.21 23:12:34.674,1.53979,1.54005,2.33,1.18
2014.01.21 23:12:34.725,1.5398,1.54005,1.50,1.10
2014.01.21 23:12:45.847,1.53979,1.54005,1.50,1.50
2014.01.21 23:12:46.384,1.53979,1.54005,1.50,2.25
2014.01.21 23:12:57.177,1.53976,1.53999,1.20,1.50
2014.01.21 23:12:57.489,1.53978,1.54005,3.00,1.83
2014.01.21 23:12:57.948,1.53982,1.54002,1.50,1.00
2014.01.21 23:12:57.998,1.53987,1.54008,1.00,1.50
2014.01.21 23:12:58.049,1.53987,1.54009,1.15,1.15
2014.01.21 23:12:59.062,1.53986,1.54008,1.08,1.85
2014.01.21 23:12:59.112,1.53986,1.54007,1.00,1.50
2014.01.21 23:13:04.257,1.53989,1.54007,1.00,1.50
2014.01.21 23:13:06.473,1.53989,1.5401,1.00,1.50
2014.01.21 23:13:14.919,1.53982,1.54007,2.25,1.18
2014.01.21 23:13:14.970,1.53982,1.54007,2.25,1.55
2014.01.21 23:13:15.021,1.5398,1.54006,2.25,1.88
2014.01.21 23:13:22.847,1.5399,1.54006,1.00,1.88
2014.01.21 23:13:23.388,1.5399,1.54008,1.00,1.50
2014.01.21 23:13:24.387,1.53982,1.54007,1.50,1.58
2014.01.21 23:13:24.438,1.53983,1.54005,1.15,1.45
2014.01.21 23:13:25.039,1.53979,1.54005,3.00,1.20
2014.01.21 23:13:25.421,1.53978,1.54004,1.50,1.45
2014.01.21 23:13:26.030,1.53977,1.54004,1.50,1.20
2014.01.21 23:13:46.016,1.53975,1.54003,3.00,2.70
2014.01.21 23:13:46.067,1.53975,1.54001,1.50,1.50
2014.01.21 23:13:48.854,1.53976,1.54003,3.00,3.38
2014.01.21 23:13:50.557,1.53975,1.54001,1.50,1.50
2014.01.21 23:13:51.079,1.53976,1.54002,1.50,2.33
2014.01.21 23:13:51.130,1.53977,1.54003,3.00,1.20
2014.01.21 23:13:51.232,1.53975,1.54001,1.50,1.50
2014.01.21 23:13:51.562,1.53976,1.54003,3.00,1.20
2014.01.21 23:14:01.307,1.53977,1.54004,3.00,1.20
2014.01.21 23:14:02.881,1.53984,1.54004,1.00,1.20
2014.01.21 23:14:03.188,1.53986,1.54008,2.33,1.48
2014.01.21 23:14:03.239,1.53984,1.54008,1.50,1.55
2014.01.21 23:14:07.414,1.53983,1.54006,1.50,1.28
2014.01.21 23:14:07.947,1.53982,1.54006,2.25,1.20
2014.01.21 23:14:09.987,1.53984,1.54007,2.33,1.55
2014.01.21 23:14:15.112,1.53982,1.54007,4.50,1.45
2014.01.21 23:14:15.416,1.53985,1.54007,1.50,1.38
2014.01.21 23:14:15.738,1.53988,1.54007,1.50,1.38
2014.01.21 23:14:15.840,1.53988,1.5401,1.50,1.00
2014.01.21 23:14:17.823,1.53988,1.54011,1.50,1.20
2014.01.21 23:14:18.127,1.53988,1.54011,1.50,1.20
2014.01.21 23:14:20.412,1.53988,1.54011,2.33,1.20
2014.01.21 23:14:21.629,1.53985,1.54011,3.00,1.95
2014.01.21 23:14:25.652,1.53988,1.54011,1.50,1.28
2014.01.21 23:14:28.655,1.53988,1.54011,1.08,1.95
2014.01.21 23:14:28.706,1.53985,1.54007,1.50,1.00
2014.01.21 23:14:29.275,1.53985,1.54011,1.50,3.38
2014.01.21 23:14:43.130,1.53983,1.5401,3.00,1.83
2014.01.21 23:14:43.232,1.53982,1.5401,2.25,2.25
2014.01.21 23:14:54.107,1.53981,1.54006,1.83,2.25
2014.01.21 23:14:54.158,1.53981,1.54005,1.15,1.50
2014.01.21 23:14:54.260,1.53981,1.54003,1.10,1.50
2014.01.21 23:14:54.736,1.53978,1.54005,3.00,3.00
2014.01.21 23:15:00.255,1.53981,1.54005,1.08,1.50
2014.01.21 23:15:00.560,1.53983,1.54006,1.08,1.58
2014.01.21 23:15:01.015,1.53982,1.5401,3.00,3.75
2014.01.21 23:15:01.117,1.53983,1.5401,1.50,1.58
2014.01.21 23:15:02.685,1.53996,1.5401,1.00,1.58
2014.01.21 23:15:03.747,1.53997,1.5401,1.00,1.58
2014.01.21 23:15:04.649,1.53984,1.5401,1.35,1.58
2014.01.21 23:15:04.751,1.53997,1.5401,1.00,1.58
2014.01.21 23:15:05.378,1.53997,1.5401,1.00,1.18
2014.01.21 23:15:05.641,1.53992,1.5401,1.50,1.00
2014.01.21 23:15:05.692,1.53989,1.5401,1.35,1.10
2014.01.21 23:15:05.743,1.54001,1.5401,1.00,1.10
2014.01.21 23:15:06.644,1.54001,1.54005,1.00,1.00
2014.01.21 23:15:06.745,1.53992,1.54005,1.00,1.00
2014.01.21 23:15:06.847,1.53995,1.54005,1.00,1.00
2014.01.21 23:15:06.948,1.54001,1.54005,1.00,1.00
2014.01.21 23:15:07.050,1.54001,1.54009,1.00,1.00
2014.01.21 23:15:07.703,1.53995,1.54005,1.00,1.00
2014.01.21 23:15:07.754,1.53993,1.54005,1.50,1.00
2014.01.21 23:15:07.805,1.53993,1.54005,1.50,1.00
2014.01.21 23:15:08.691,1.5399,1.54005,1.63,1.00
2014.01.21 23:15:08.843,1.53995,1.54005,1.00,1.00
2014.01.21 23:15:09.623,1.53995,1.54006,1.35,1.10
2014.01.21 23:15:10.227,1.53996,1.54009,1.00,1.58
2014.01.21 23:15:10.338,1.54005,1.54009,1.00,1.00
2014.01.21 23:15:10.490,1.54006,1.54013,1.00,1.10
2014.01.21 23:15:10.541,1.53999,1.5401,1.28,1.00
2014.01.21 23:15:10.854,1.53998,1.54007,1.50,1.00
2014.01.21 23:15:11.605,1.53998,1.54006,1.60,1.00
2014.01.21 23:15:12.664,1.53999,1.54006,1.00,1.00
2014.01.21 23:15:12.765,1.53988,1.54006,3.00,1.00
2014.01.21 23:15:17.973,1.53988,1.54005,3.00,1.00
2014.01.21 23:15:23.983,1.53988,1.54006,3.00,1.00
2014.01.21 23:15:27.655,1.53986,1.54006,3.00,1.00
2014.01.21 23:15:39.209,1.53986,1.54007,3.00,1.00
2014.01.21 23:15:46.203,1.53986,1.54008,3.00,1.00
2014.01.21 23:15:46.355,1.53985,1.54008,1.50,1.10
2014.01.21 23:15:47.035,1.53985,1.54007,1.50,1.00
2014.01.21 23:15:52.656,1.53988,1.54007,1.50,1.00
2014.01.21 23:15:55.072,1.53986,1.54007,3.00,1.00
2014.01.21 23:15:55.461,1.53986,1.54007,1.50,1.00
2014.01.21 23:15:59.178,1.53986,1.54007,1.50,1.00
2014.01.21 23:15:59.229,1.53987,1.54007,3.00,1.00
2014.01.21 23:16:09.235,1.53987,1.54006,3.00,1.00
2014.01.21 23:16:15.067,1.53987,1.54007,3.00,1.00
2014.01.21 23:16:19.642,1.53987,1.54006,3.00,1.00
2014.01.21 23:16:32.424,1.53987,1.54007,3.00,1.00
2014.01.21 23:16:32.727,1.53989,1.54007,3.00,1.00
2014.01.21 23:16:41.526,1.53987,1.54007,1.08,1.08
2014.01.21 23:17:01.671,1.53983,1.54006,1.50,1.18
2014.01.21 23:17:22.397,1.53982,1.54005,1.50,1.20
2014.01.21 23:17:29.113,1.53988,1.5401,2.25,2.63
2014.01.21 23:17:29.164,1.53995,1.54011,1.00,1.48
2014.01.21 23:17:29.738,1.53995,1.54016,1.00,3.00
2014.01.21 23:17:41.642,1.53998,1.54016,1.00,3.00
2014.01.21 23:17:42.140,1.54,1.54016,1.00,3.00
2014.01.21 23:17:44.055,1.54,1.54018,1.00,1.50
2014.01.21 23:17:46.905,1.54001,1.5402,1.00,3.00
2014.01.21 23:17:47.204,1.53997,1.54018,1.00,1.83
2014.01.21 23:17:47.926,1.53995,1.54018,1.08,1.83
2014.01.21 23:17:53.030,1.53993,1.54011,1.58,1.00
2014.01.21 23:17:53.264,1.5399,1.54011,1.08,1.18
2014.01.21 23:17:53.468,1.53989,1.54011,1.20,1.20
2014.01.21 23:17:56.507,1.53988,1.54011,1.88,1.08
2014.01.21 23:18:12.610,1.53994,1.5401,1.00,1.08
2014.01.21 23:18:12.712,1.53995,1.54016,1.00,1.65
2014.01.21 23:18:12.813,1.53995,1.54016,1.15,1.00
2014.01.21 23:18:13.358,1.53995,1.54018,1.15,1.15
2014.01.21 23:18:13.684,1.53994,1.54005,1.50,1.00
2014.01.21 23:18:13.735,1.53992,1.54007,3.38,1.00
2014.01.21 23:18:13.786,1.5399,1.54007,2.25,1.08
2014.01.21 23:18:13.837,1.53986,1.54007,1.53,1.18
2014.01.21 23:18:14.338,1.53984,1.54007,1.20,1.58
2014.01.21 23:18:14.389,1.53981,1.54007,1.20,1.58
2014.01.21 23:18:14.813,1.53984,1.54007,1.20,1.10
2014.01.21 23:18:19.752,1.53983,1.54005,1.88,1.00
2014.01.21 23:18:26.952,1.53985,1.54005,1.50,1.00
2014.01.21 23:18:27.070,1.53985,1.5401,1.50,1.18
2014.01.21 23:18:27.802,1.53989,1.5401,1.50,1.00
2014.01.21 23:18:30.052,1.53989,1.54006,1.50,1.00
2014.01.21 23:18:45.687,1.53987,1.54006,1.20,1.00
2014.01.21 23:18:49.570,1.53985,1.54006,1.20,1.00
2014.01.21 23:19:04.838,1.53984,1.54004,1.50,1.00
2014.01.21 23:19:07.143,1.53985,1.54008,1.58,1.10
2014.01.21 23:19:07.194,1.53987,1.54008,2.33,1.00
2014.01.21 23:19:09.074,1.5399,1.54008,1.50,1.00
2014.01.21 23:19:11.860,1.5399,1.54005,1.50,1.00
2014.01.21 23:19:11.911,1.53986,1.54005,1.50,1.00
2014.01.21 23:19:12.464,1.53986,1.54004,1.50,1.00
2014.01.21 23:19:12.611,1.53986,1.54011,1.50,1.18
2014.01.21 23:19:15.491,1.53985,1.54011,1.50,1.50
2014.01.21 23:19:19.597,1.53982,1.5401,1.50,1.50
2014.01.21 23:19:20.010,1.53982,1.54004,1.50,1.00
2014.01.21 23:19:24.040,1.53982,1.54004,1.50,1.08
2014.01.21 23:19:35.070,1.53979,1.54006,2.33,3.00
2014.01.21 23:19:36.956,1.5398,1.54006,1.50,3.00
2014.01.21 23:19:37.115,1.53981,1.54006,1.50,1.50
2014.01.21 23:19:38.930,1.53981,1.54008,3.00,2.33
2014.01.21 23:19:39.436,1.53981,1.54007,1.50,1.50
2014.01.21 23:19:42.574,1.53979,1.54006,1.83,3.75
2014.01.21 23:19:42.676,1.53982,1.54008,1.50,1.50
2014.01.21 23:19:53.929,1.5398,1.54006,1.50,1.58
2014.01.21 23:19:54.385,1.53979,1.54001,2.25,1.10
2014.01.21 23:20:00.281,1.53979,1.54004,1.83,1.50
2014.01.21 23:20:01.013,1.53979,1.54003,1.58,1.50
2014.01.21 23:20:08.067,1.53979,1.54003,1.10,1.50
2014.01.21 23:20:13.386,1.53979,1.54004,1.08,1.50
2014.01.21 23:20:14.160,1.53979,1.54004,1.15,1.50
2014.01.21 23:20:22.866,1.53979,1.54004,1.15,3.00
2014.01.21 23:20:26.926,1.53978,1.54002,1.50,1.08
2014.01.21 23:20:27.028,1.53979,1.54003,1.50,1.15
2014.01.21 23:20:47.369,1.53978,1.54003,1.50,1.15
2014.01.21 23:20:51.671,1.53978,1.54003,1.08,1.58
2014.01.21 23:20:51.772,1.53975,1.54003,3.75,3.75
2014.01.21 23:21:04.751,1.53977,1.54003,2.33,2.25
2014.01.21 23:21:05.033,1.53975,1.54003,1.50,2.25
2014.01.21 23:21:09.491,1.53974,1.53999,1.58,2.25
2014.01.21 23:21:10.264,1.53974,1.53999,3.75,1.58
2014.01.21 23:21:10.660,1.53974,1.53993,3.00,1.00
2014.01.21 23:21:12.427,1.53973,1.53993,1.50,1.00
2014.01.21 23:21:12.954,1.5397,1.53993,1.50,1.18
2014.01.21 23:21:26.528,1.53974,1.53997,1.15,1.50
2014.01.21 23:21:30.408,1.53974,1.53997,1.18,3.00
2014.01.21 23:21:31.144,1.53974,1.53997,1.10,3.00
2014.01.21 23:21:40.090,1.53974,1.53999,1.58,3.00
2014.01.21 23:21:50.505,1.53979,1.53999,1.00,2.25
2014.01.21 23:21:50.842,1.53981,1.53999,1.15,1.00
2014.01.21 23:21:51.371,1.53981,1.53999,1.18,1.10
2014.01.21 23:21:55.682,1.53976,1.53999,2.33,4.50
2014.01.21 23:21:56.235,1.53971,1.53993,3.75,1.00
2014.01.21 23:21:56.667,1.53971,1.53993,1.15,1.15
2014.01.21 23:21:57.119,1.53971,1.53993,1.20,1.15
2014.01.21 23:21:57.452,1.53971,1.53992,1.15,1.10
2014.01.21 23:21:59.915,1.53971,1.53992,1.58,1.00
2014.01.21 23:22:07.746,1.53971,1.53993,1.58,1.00
2014.01.21 23:22:13.137,1.53971,1.53986,1.58,1.00
2014.01.21 23:22:13.340,1.53968,1.53989,1.00,3.38
2014.01.21 23:22:13.543,1.53965,1.53989,1.08,3.00
2014.01.21 23:22:22.692,1.53964,1.53989,1.08,1.50
2014.01.21 23:22:31.766,1.53964,1.53988,1.15,1.50
2014.01.21 23:22:45.466,1.53963,1.53988,1.58,1.50
2014.01.21 23:22:45.809,1.53963,1.53987,1.08,3.00
2014.01.21 23:22:53.573,1.53963,1.53988,1.08,1.50
2014.01.21 23:22:54.127,1.53963,1.53988,1.15,1.50
2014.01.21 23:22:54.884,1.53962,1.53985,1.50,1.08
2014.01.21 23:22:55.239,1.53961,1.53985,1.18,3.00
2014.01.21 23:22:56.926,1.53962,1.53985,1.08,1.50
2014.01.21 23:23:10.392,1.53962,1.53989,1.83,3.00
2014.01.21 23:23:12.346,1.53962,1.53986,1.15,1.08
2014.01.21 23:23:14.271,1.53961,1.53983,1.50,1.10
2014.01.21 23:23:14.331,1.53962,1.53983,3.00,1.00
2014.01.21 23:23:14.635,1.53962,1.53986,3.00,1.08
2014.01.21 23:23:24.760,1.53964,1.53987,3.00,1.08
2014.01.21 23:23:24.814,1.53966,1.53987,1.50,1.00
2014.01.21 23:23:25.648,1.53966,1.53983,1.50,1.00
2014.01.21 23:23:25.750,1.53962,1.53983,1.15,1.20
2014.01.21 23:23:25.802,1.53962,1.53982,1.08,2.25
2014.01.21 23:23:26.055,1.53959,1.53982,1.08,3.00
2014.01.21 23:23:26.329,1.53959,1.53982,1.08,1.50
2014.01.21 23:23:26.782,1.53959,1.53981,1.08,2.33
2014.01.21 23:23:26.883,1.53952,1.53976,3.75,1.08
2014.01.21 23:23:26.934,1.53952,1.53976,1.58,1.18
2014.01.21 23:23:26.985,1.53951,1.53976,1.50,1.85
2014.01.21 23:23:27.289,1.53952,1.53976,3.00,1.08
2014.01.21 23:23:31.045,1.53952,1.53974,3.00,1.00
2014.01.21 23:23:31.651,1.53952,1.5397,3.00,1.00
2014.01.21 23:23:32.310,1.53952,1.53971,3.00,1.00
2014.01.21 23:23:33.772,1.53951,1.53971,1.50,1.00
2014.01.21 23:23:33.874,1.53953,1.53971,1.58,1.00
2014.01.21 23:23:33.975,1.53953,1.53974,1.58,1.00
2014.01.21 23:23:34.077,1.53955,1.53974,1.50,1.00
2014.01.21 23:23:34.621,1.53955,1.53975,1.50,1.00
2014.01.21 23:23:37.610,1.53955,1.53973,1.50,1.00
2014.01.21 23:23:37.661,1.53952,1.53973,1.83,1.00
2014.01.21 23:23:37.813,1.53951,1.53973,1.15,1.20
2014.01.21 23:23:37.972,1.53952,1.53974,2.33,1.08
2014.01.21 23:23:38.242,1.53949,1.53974,1.50,1.18
2014.01.21 23:23:38.394,1.53957,1.53978,1.00,2.33
2014.01.21 23:23:38.445,1.53957,1.5398,1.08,1.83
2014.01.21 23:23:45.074,1.53957,1.53979,1.08,1.50
2014.01.21 23:23:45.125,1.53952,1.53968,3.00,1.00
2014.01.21 23:23:45.227,1.53948,1.53968,1.00,1.15
2014.01.21 23:23:45.329,1.53946,1.53968,1.10,1.15
2014.01.21 23:23:45.633,1.53946,1.53968,1.18,1.65
2014.01.21 23:23:46.200,1.53946,1.53968,1.58,1.65
2014.01.21 23:23:49.466,1.53947,1.53968,1.10,1.58
2014.01.21 23:23:49.694,1.53947,1.53968,1.18,1.18
2014.01.21 23:23:51.985,1.53947,1.53962,1.10,1.58
2014.01.21 23:23:52.291,1.53947,1.5396,1.00,1.50
2014.01.21 23:23:56.895,1.5394,1.5396,1.00,1.50
2014.01.21 23:23:56.996,1.5394,1.53958,1.00,2.33
2014.01.21 23:23:57.217,1.5394,1.5396,1.00,1.50
2014.01.21 23:23:57.419,1.5394,1.5396,1.00,3.00
2014.01.21 23:24:07.389,1.5394,1.53963,1.20,1.50
2014.01.21 23:24:15.076,1.53939,1.53965,3.75,1.58
2014.01.21 23:24:18.347,1.53941,1.53965,1.50,1.58
2014.01.21 23:24:18.407,1.53942,1.53965,1.50,1.20
2014.01.21 23:24:20.086,1.5394,1.53965,3.00,1.18
2014.01.21 23:24:20.137,1.5394,1.53965,1.50,1.15
2014.01.21 23:24:24.617,1.53945,1.53966,1.00,1.50
2014.01.21 23:24:31.623,1.53944,1.53966,1.00,3.75
2014.01.21 23:24:32.230,1.53943,1.53964,1.00,1.50
2014.01.21 23:24:34.273,1.53943,1.53964,1.00,3.00
2014.01.21 23:24:34.375,1.5394,1.53963,1.00,1.50
2014.01.21 23:24:42.178,1.53939,1.53963,1.10,3.00
2014.01.21 23:24:43.282,1.53939,1.53961,1.00,3.00
2014.01.21 23:24:45.811,1.53939,1.53959,1.00,1.50
2014.01.21 23:24:46.449,1.53939,1.53959,1.00,1.50
2014.01.21 23:24:49.653,1.5394,1.53959,1.00,1.50
2014.01.21 23:24:50.123,1.53935,1.53959,1.15,2.25
2014.01.21 23:25:06.216,1.53935,1.53957,1.15,1.15
2014.01.21 23:25:09.395,1.53936,1.53958,1.00,2.25
2014.01.21 23:25:10.027,1.53936,1.53958,1.08,1.58
2014.01.21 23:25:17.196,1.53936,1.53958,1.08,1.18
2014.01.21 23:25:17.948,1.53936,1.53958,1.15,1.10
2014.01.21 23:25:37.785,1.53938,1.53958,1.08,1.10
2014.01.21 23:25:38.415,1.53938,1.53958,1.50,1.00
2014.01.21 23:25:42.969,1.53939,1.53958,1.50,1.00
2014.01.21 23:25:43.496,1.5394,1.53958,1.50,1.00
2014.01.21 23:25:51.881,1.5394,1.53958,1.50,1.00
2014.01.21 23:26:13.899,1.53942,1.53965,1.20,2.33
2014.01.21 23:26:14.001,1.53942,1.53967,3.00,2.33
2014.01.21 23:26:14.052,1.53943,1.53968,1.50,1.18
2014.01.21 23:26:15.954,1.53942,1.53966,1.65,1.50
2014.01.21 23:26:30.402,1.53942,1.53968,2.25,2.25
2014.01.21 23:26:50.864,1.53942,1.53968,2.33,3.75
2014.01.21 23:27:11.315,1.53942,1.53968,2.25,1.50
2014.01.21 23:27:22.324,1.53942,1.5397,3.75,3.08
2014.01.21 23:27:22.478,1.53947,1.53971,1.50,1.15
2014.01.21 23:27:22.580,1.53948,1.53971,3.00,1.10
2014.01.21 23:27:29.117,1.53948,1.53969,3.00,1.00
2014.01.21 23:27:43.304,1.53948,1.53969,1.50,1.00
2014.01.21 23:28:00.799,1.53947,1.53972,3.00,1.18
2014.01.21 23:28:04.342,1.53948,1.53972,1.50,1.18
2014.01.21 23:28:12.959,1.53948,1.53972,1.50,1.08
2014.01.21 23:28:14.107,1.53946,1.53972,2.25,2.33
2014.01.21 23:28:17.227,1.53946,1.53972,3.75,1.50
2014.01.21 23:28:17.916,1.53947,1.53973,1.50,1.50
2014.01.21 23:28:18.673,1.53947,1.53974,3.75,1.50
2014.01.21 23:28:19.184,1.53948,1.53975,1.50,1.50
2014.01.21 23:28:28.019,1.5395,1.53976,1.50,1.50
2014.01.21 23:28:46.138,1.5395,1.53978,1.50,3.75
2014.01.21 23:28:46.957,1.53951,1.53978,1.50,2.25
2014.01.21 23:28:51.291,1.53951,1.53974,1.08,2.25
2014.01.21 23:28:51.444,1.5395,1.53972,1.50,1.18
2014.01.21 23:28:55.470,1.53949,1.53972,1.50,1.18
2014.01.21 23:28:56.199,1.53947,1.53972,3.00,1.18
2014.01.21 23:29:16.112,1.53952,1.53974,2.25,1.08
2014.01.21 23:29:16.165,1.53953,1.53974,1.50,1.00
2014.01.21 23:29:16.469,1.5395,1.53974,1.50,1.10
2014.01.21 23:29:19.350,1.53951,1.53974,3.00,1.10
2014.01.21 23:29:19.909,1.53953,1.53974,1.50,1.10
2014.01.21 23:29:36.855,1.5395,1.53975,1.50,1.18
2014.01.21 23:29:36.958,1.5395,1.53975,1.50,1.58
2014.01.21 23:29:37.111,1.53946,1.53974,1.50,2.25
2014.01.21 23:29:45.692,1.53948,1.53974,2.33,1.50
2014.01.21 23:29:50.244,1.53949,1.53975,1.50,1.15
2014.01.21 23:30:03.131,1.53951,1.53975,3.00,1.08
2014.01.21 23:30:08.209,1.53954,1.5398,1.50,2.63
2014.01.21 23:30:17.260,1.53955,1.53979,1.08,1.50
2014.01.21 23:30:17.311,1.53952,1.53978,1.50,1.50
2014.01.21 23:30:21.533,1.53954,1.5398,2.33,2.33
2014.01.21 23:30:21.583,1.53956,1.53982,1.50,1.50
2014.01.21 23:30:24.832,1.53956,1.53982,1.50,1.08
2014.01.21 23:30:24.884,1.53957,1.53984,3.00,1.83
2014.01.21 23:30:33.662,1.53965,1.53986,1.50,1.00
2014.01.21 23:30:33.814,1.53965,1.5399,1.50,1.15
2014.01.21 23:30:33.979,1.53963,1.53987,2.25,2.25
2014.01.21 23:30:34.030,1.53959,1.53985,1.50,1.50
2014.01.21 23:30:54.341,1.5396,1.53986,1.88,1.50
2014.01.21 23:31:00.709,1.53963,1.53987,1.08,1.88
2014.01.21 23:31:01.318,1.53961,1.53987,3.00,1.20
2014.01.21 23:31:05.679,1.53961,1.53987,2.33,3.38
2014.01.21 23:31:05.730,1.5396,1.53985,1.20,1.50
2014.01.21 23:31:16.986,1.53965,1.53986,1.50,1.00
2014.01.21 23:31:17.495,1.53965,1.5399,1.50,1.20
2014.01.21 23:31:17.841,1.5397,1.53991,1.50,1.38
2014.01.21 23:31:17.943,1.53969,1.53992,1.50,1.58
2014.01.21 23:31:18.744,1.53965,1.53992,1.50,1.95
2014.01.21 23:31:25.661,1.53968,1.53992,1.50,1.95
2014.01.21 23:31:37.271,1.53965,1.53991,3.00,1.95
2014.01.21 23:32:00.227,1.53965,1.53986,3.00,1.00
2014.01.21 23:32:00.923,1.53965,1.53988,3.00,1.20
2014.01.21 23:32:02.013,1.53969,1.53991,3.00,1.48
2014.01.21 23:32:02.114,1.53968,1.53991,1.50,1.58
2014.01.21 23:32:02.266,1.53968,1.53993,1.50,1.53
2014.01.21 23:32:05.919,1.53965,1.53989,1.20,1.95
2014.01.21 23:32:13.907,1.53963,1.53986,3.38,1.48
2014.01.21 23:32:29.238,1.53965,1.53989,1.20,1.20
2014.01.21 23:32:29.290,1.53967,1.53993,1.88,1.88
2014.01.21 23:32:29.595,1.53977,1.54001,1.20,1.20
2014.01.21 23:32:30.127,1.53978,1.54,1.20,1.18
2014.01.21 23:32:30.479,1.53978,1.53995,1.20,1.00
2014.01.21 23:32:33.368,1.5398,1.54001,1.55,1.15
2014.01.21 23:32:33.904,1.53981,1.53994,1.20,1.00
2014.01.21 23:32:35.849,1.53991,1.54007,1.00,4.13
2014.01.21 23:32:35.900,1.53995,1.54009,1.48,2.25
2014.01.21 23:32:35.950,1.53995,1.54012,1.58,1.00
2014.01.21 23:32:36.259,1.53998,1.54012,1.13,1.08
2014.01.21 23:32:41.876,1.53998,1.54012,1.13,1.10
2014.01.21 23:32:41.927,1.53998,1.54018,1.13,1.53
2014.01.21 23:32:41.977,1.53998,1.54018,1.45,1.15
2014.01.21 23:32:42.180,1.53999,1.54021,1.55,1.28
2014.01.21 23:32:43.497,1.54,1.54024,1.88,2.63
2014.01.21 23:32:44.136,1.54,1.5402,1.20,1.00
2014.01.21 23:32:44.237,1.53996,1.5402,1.88,1.15
2014.01.21 23:32:44.339,1.54001,1.54022,1.00,1.88
2014.01.21 23:32:44.655,1.54001,1.54023,1.53,1.15
2014.01.21 23:32:44.854,1.54002,1.54023,1.20,1.10
2014.01.21 23:32:44.912,1.54001,1.54023,1.53,1.08
2014.01.21 23:32:52.560,1.54002,1.54023,1.45,1.18
2014.01.21 23:32:53.277,1.54002,1.54023,1.20,1.10
2014.01.21 23:32:53.939,1.54002,1.54022,1.20,1.00
2014.01.21 23:32:55.145,1.54004,1.54025,1.45,1.18
2014.01.21 23:32:55.588,1.54004,1.54022,1.45,1.00
2014.01.21 23:32:58.400,1.54004,1.54021,1.45,1.00
2014.01.21 23:32:58.452,1.54004,1.54021,1.45,1.00
2014.01.21 23:33:00.184,1.54,1.5402,1.20,1.00
2014.01.21 23:33:01.199,1.54,1.5402,1.20,1.00
2014.01.21 23:33:01.351,1.54002,1.54022,1.20,1.00
2014.01.21 23:33:01.797,1.54004,1.54026,1.20,1.65
2014.01.21 23:33:09.096,1.54006,1.54026,1.88,1.00
2014.01.21 23:33:09.726,1.54009,1.54026,1.20,1.50
2014.01.21 23:33:11.360,1.54007,1.54026,1.88,1.50
2014.01.21 23:33:12.994,1.54007,1.54026,1.88,1.50
2014.01.21 23:33:14.725,1.54007,1.54026,1.88,1.00
2014.01.21 23:33:14.897,1.54007,1.54026,1.88,1.00
2014.01.21 23:33:14.948,1.54006,1.54026,1.53,1.00
2014.01.21 23:33:16.467,1.54006,1.54028,1.53,2.03
2014.01.21 23:33:35.314,1.54006,1.54028,1.20,1.38
2014.01.21 23:33:40.320,1.54009,1.54028,1.50,1.38
2014.01.21 23:33:40.624,1.54014,1.54035,1.50,1.88
2014.01.21 23:33:40.675,1.54015,1.54035,1.95,1.00
2014.01.21 23:33:40.781,1.54021,1.54035,1.50,1.00
2014.01.21 23:33:41.290,1.5402,1.54035,1.88,1.00
2014.01.21 23:33:44.908,1.54019,1.54035,1.88,1.00
2014.01.21 23:33:48.220,1.54019,1.54033,1.20,1.00
2014.01.21 23:33:48.737,1.54017,1.54032,1.50,1.00
2014.01.21 23:33:48.839,1.54016,1.54032,1.20,1.00
2014.01.21 23:33:49.825,1.54016,1.54033,1.20,1.00
2014.01.21 23:33:51.367,1.54016,1.54032,1.20,1.00
2014.01.21 23:33:54.025,1.54016,1.54034,1.20,1.00
2014.01.21 23:33:54.076,1.54018,1.54034,1.20,1.00
2014.01.21 23:33:54.469,1.5402,1.54034,1.20,1.00
2014.01.21 23:33:56.785,1.54019,1.54033,1.88,1.00
2014.01.21 23:33:57.525,1.54019,1.54032,1.88,1.00
2014.01.21 23:33:57.780,1.5402,1.54036,1.20,1.00
2014.01.21 23:33:58.084,1.54021,1.54039,1.20,1.00
2014.01.21 23:33:59.158,1.54021,1.54039,1.20,1.00
2014.01.21 23:33:59.413,1.54026,1.54046,1.88,1.13
2014.01.21 23:33:59.464,1.54026,1.54046,1.88,1.00
2014.01.21 23:33:59.768,1.54029,1.54044,1.88,1.00
2014.01.21 23:34:00.326,1.54029,1.54044,1.20,1.00
2014.01.21 23:34:00.428,1.54027,1.54044,1.20,1.00
2014.01.21 23:34:03.135,1.54027,1.54047,1.20,1.00
2014.01.21 23:34:03.648,1.54027,1.54047,1.20,1.00
2014.01.21 23:34:04.181,1.54026,1.54046,1.20,1.00
2014.01.21 23:34:05.349,1.54033,1.54051,1.00,1.20
2014.01.21 23:34:05.450,1.54035,1.54057,1.15,1.53
2014.01.21 23:34:05.501,1.54035,1.54057,3.08,1.45
2014.01.21 23:34:05.657,1.54037,1.54059,1.20,1.13
2014.01.21 23:34:05.860,1.54046,1.54059,1.00,1.28
2014.01.21 23:34:06.379,1.54044,1.54064,2.25,2.25
2014.01.21 23:34:06.430,1.54045,1.54071,1.50,3.00
2014.01.21 23:34:06.532,1.54043,1.54069,1.50,1.50
2014.01.21 23:34:18.619,1.54046,1.54069,1.08,1.50
2014.01.21 23:34:27.328,1.54048,1.54069,1.08,1.08
2014.01.21 23:34:27.431,1.54048,1.54071,1.50,1.20
2014.01.21 23:34:27.483,1.5405,1.54071,2.33,1.10
2014.01.21 23:34:27.990,1.54052,1.54071,1.20,1.00
2014.01.21 23:34:28.703,1.54052,1.54072,1.20,1.00
2014.01.21 23:34:30.857,1.54052,1.54078,1.20,3.75
2014.01.21 23:34:30.997,1.54053,1.54078,1.88,1.15
2014.01.21 23:34:38.895,1.54061,1.54079,1.38,1.50
2014.01.21 23:34:38.946,1.54061,1.5408,1.53,1.00
2014.01.21 23:34:39.149,1.54061,1.54077,1.95,1.00
2014.01.21 23:34:39.250,1.54058,1.54077,1.38,1.20
2014.01.21 23:34:44.616,1.54054,1.54077,1.20,1.18
2014.01.21 23:34:46.589,1.54053,1.54077,2.63,1.15
2014.01.21 23:34:46.640,1.54056,1.54077,1.20,1.10
2014.01.21 23:34:46.894,1.54059,1.54082,1.20,1.58
2014.01.21 23:34:47.148,1.54059,1.54076,1.20,1.00
2014.01.21 23:34:47.860,1.5406,1.54076,1.20,1.00
2014.01.21 23:34:48.570,1.5406,1.54075,1.20,1.00
2014.01.21 23:34:48.672,1.54056,1.54075,3.38,1.00
2014.01.21 23:34:48.723,1.54055,1.54075,1.88,1.00
2014.01.21 23:34:50.434,1.54055,1.54076,1.50,1.00
2014.01.21 23:34:50.984,1.54054,1.54076,1.50,1.08
2014.01.21 23:34:51.492,1.54053,1.54076,1.50,1.18
2014.01.21 23:34:58.523,1.54054,1.54077,1.08,1.58
2014.01.21 23:34:58.574,1.54051,1.54077,1.88,2.25
2014.01.21 23:35:00.349,1.54051,1.54077,1.20,1.58
2014.01.21 23:35:00.450,1.54051,1.54074,1.08,1.08
2014.01.21 23:35:00.561,1.54049,1.54074,1.20,1.50
2014.01.21 23:35:04.208,1.5405,1.54076,1.20,3.38
2014.01.21 23:35:05.651,1.54048,1.54074,1.88,1.20
2014.01.21 23:35:06.079,1.54048,1.54071,1.13,2.33
2014.01.21 23:35:06.382,1.54046,1.54069,2.25,3.00
2014.01.21 23:35:06.535,1.54042,1.54068,1.83,2.33
2014.01.21 23:35:06.586,1.54041,1.54062,3.00,1.00
2014.01.21 23:35:06.637,1.54037,1.54059,1.20,1.50
2014.01.21 23:35:06.840,1.54038,1.54059,1.00,3.00
2014.01.21 23:35:07.195,1.54038,1.54053,1.00,2.33
2014.01.21 23:35:07.246,1.5403,1.54053,1.55,2.33
2014.01.21 23:35:07.719,1.54026,1.54053,1.58,1.88
2014.01.21 23:35:08.273,1.54028,1.54053,1.88,1.88
2014.01.21 23:35:08.537,1.54025,1.54052,1.20,1.50
2014.01.21 23:35:08.942,1.54024,1.5405,2.63,4.13
2014.01.21 23:35:09.044,1.54024,1.54047,1.88,2.70
2014.01.21 23:35:09.151,1.54024,1.54045,1.38,1.20
2014.01.21 23:35:14.757,1.54025,1.54043,1.00,1.50
2014.01.21 23:35:15.061,1.54023,1.5404,1.00,1.88
2014.01.21 23:35:21.636,1.54014,1.54039,2.63,1.53
2014.01.21 23:35:24.415,1.54014,1.5403,2.63,1.00
2014.01.21 23:35:24.516,1.54015,1.54037,1.20,1.20
2014.01.21 23:35:24.618,1.54015,1.54033,1.45,1.00
2014.01.21 23:35:24.669,1.54012,1.54033,1.88,1.00
2014.01.21 23:35:24.871,1.54012,1.54033,1.88,1.00
2014.01.21 23:35:38.945,1.54012,1.54032,1.88,1.50
2014.01.21 23:35:38.995,1.54012,1.54032,1.88,1.88
2014.01.21 23:35:39.527,1.54012,1.5403,1.13,1.13
2014.01.21 23:35:39.578,1.54009,1.54029,1.38,1.50
2014.01.21 23:35:39.629,1.54009,1.54029,1.00,1.88
2014.01.21 23:35:40.335,1.54009,1.54029,1.08,1.45
2014.01.21 23:35:40.437,1.54009,1.54031,1.83,1.13
2014.01.21 23:35:40.538,1.5401,1.54032,1.88,1.38
2014.01.21 23:35:47.154,1.5401,1.54029,1.88,1.00
2014.01.21 23:35:47.508,1.5401,1.54031,1.88,1.00
2014.01.21 23:35:51.958,1.54009,1.54031,1.20,1.10
2014.01.21 23:35:57.364,1.5401,1.54032,1.53,1.18
2014.01.21 23:35:58.190,1.54012,1.54032,1.20,1.00
2014.01.21 23:35:59.405,1.54015,1.54032,1.45,1.00
2014.01.21 23:35:59.710,1.54015,1.54038,1.88,1.20
2014.01.21 23:36:03.474,1.54015,1.54035,1.88,1.00
2014.01.21 23:36:13.556,1.54015,1.54032,1.88,1.00
2014.01.21 23:36:13.658,1.54015,1.54032,1.88,1.00
2014.01.21 23:36:13.861,1.54012,1.54032,1.20,1.00
2014.01.21 23:36:13.912,1.54012,1.5403,1.20,1.00
2014.01.21 23:36:14.421,1.5401,1.54029,1.20,1.00
2014.01.21 23:36:15.281,1.5401,1.54029,1.20,1.00
2014.01.21 23:36:18.613,1.54012,1.5403,1.20,1.00
2014.01.21 23:36:18.945,1.5401,1.5403,1.88,1.00
2014.01.21 23:36:29.063,1.5401,1.54031,1.20,1.10
2014.01.21 23:36:46.452,1.5401,1.54025,1.20,1.00
2014.01.21 23:36:47.183,1.5401,1.54026,1.20,1.00
2014.01.21 23:36:47.720,1.5401,1.54027,1.20,1.00
2014.01.21 23:36:49.512,1.5401,1.54028,1.20,1.00
2014.01.21 23:36:52.773,1.5401,1.54028,1.45,1.08
2014.01.21 23:36:52.975,1.5401,1.54026,1.00,1.10
2014.01.21 23:36:56.579,1.54008,1.54026,2.40,1.10
2014.01.21 23:37:02.955,1.54008,1.54026,1.50,1.10
2014.01.21 23:37:19.410,1.54008,1.54026,1.50,1.50
2014.01.21 23:37:23.964,1.54008,1.54026,1.00,1.95
2014.01.21 23:37:24.859,1.54007,1.54026,1.50,1.20
2014.01.21 23:37:24.960,1.54007,1.54028,1.58,1.20
2014.01.21 23:37:25.943,1.54008,1.54027,1.00,1.53
2014.01.21 23:37:26.567,1.54008,1.54028,1.08,1.58
2014.01.21 23:37:26.618,1.54008,1.54028,1.55,1.10
2014.01.21 23:37:46.868,1.54008,1.54028,1.53,1.38
2014.01.21 23:37:50.995,1.54008,1.54026,1.53,1.00
2014.01.21 23:37:58.923,1.54008,1.54028,1.58,1.58
2014.01.21 23:38:02.442,1.54008,1.54026,1.58,1.00
2014.01.21 23:38:03.923,1.54008,1.54026,1.58,1.00
2014.01.21 23:38:04.624,1.54008,1.54027,1.95,1.00
2014.01.21 23:38:05.884,1.5401,1.54028,1.45,1.10
2014.01.21 23:38:06.415,1.5401,1.54025,1.13,1.00
2014.01.21 23:38:06.719,1.54009,1.54025,1.00,1.95
2014.01.21 23:38:07.641,1.54007,1.54021,1.00,1.13
2014.01.21 23:38:08.447,1.54009,1.54021,1.00,1.13
2014.01.21 23:38:16.123,1.54009,1.54017,1.00,1.00
2014.01.21 23:38:16.377,1.54005,1.54017,1.00,1.10
2014.01.21 23:38:16.478,1.54002,1.54017,1.10,1.10
2014.01.21 23:38:16.631,1.53995,1.54017,3.15,1.10
2014.01.21 23:38:16.682,1.53998,1.54017,1.08,1.00
2014.01.21 23:38:19.852,1.53997,1.54015,1.50,1.00
2014.01.21 23:38:19.954,1.53994,1.54015,1.95,1.55
2014.01.21 23:38:20.106,1.53993,1.54015,1.08,2.70
2014.01.21 23:38:20.207,1.5399,1.54015,3.45,2.70
2014.01.21 23:38:20.726,1.5399,1.54015,1.53,2.70
2014.01.21 23:38:28.575,1.53988,1.54,1.95,1.00
2014.01.21 23:38:28.728,1.53986,1.54,1.38,1.00
2014.01.21 23:38:29.133,1.53987,1.53998,1.00,1.00
2014.01.21 23:38:29.436,1.53984,1.54002,1.00,1.95
2014.01.21 23:38:29.487,1.53984,1.54002,1.38,1.15
2014.01.21 23:38:30.463,1.53984,1.54004,1.38,1.50
2014.01.21 23:38:36.963,1.53983,1.54007,1.53,2.25
2014.01.21 23:38:39.427,1.5399,1.54009,1.13,3.00
2014.01.21 23:38:39.480,1.5399,1.54012,1.88,1.20
2014.01.21 23:38:39.835,1.5399,1.54012,1.20,1.13
2014.01.21 23:38:39.886,1.53988,1.5401,1.20,1.08
2014.01.21 23:38:39.937,1.53986,1.5401,3.38,1.45
2014.01.21 23:38:40.017,1.53986,1.54006,1.13,1.13
2014.01.21 23:38:40.068,1.53983,1.54006,1.53,1.20
2014.01.21 23:38:40.630,1.53983,1.54006,1.15,1.20
2014.01.21 23:38:49.641,1.53983,1.54004,1.10,1.20
2014.01.21 23:39:10.354,1.53981,1.54004,1.20,1.53
2014.01.21 23:39:11.427,1.53981,1.54004,1.58,1.53
2014.01.21 23:39:15.472,1.53981,1.54004,1.95,1.53
2014.01.21 23:39:15.523,1.53983,1.54004,1.20,1.55
2014.01.21 23:39:16.351,1.53982,1.54004,2.63,1.48
2014.01.21 23:39:17.708,1.53982,1.54004,1.95,1.45
2014.01.21 23:39:18.257,1.53982,1.54004,1.28,1.55
2014.01.21 23:39:28.131,1.53983,1.54005,1.08,1.20
2014.01.21 23:39:28.183,1.53982,1.54,1.50,1.20
2014.01.21 23:39:40.360,1.53979,1.53998,1.28,1.28
2014.01.21 23:39:42.676,1.53979,1.53998,1.18,1.55
2014.01.21 23:39:43.360,1.53978,1.53995,1.20,3.38
2014.01.21 23:39:43.513,1.53975,1.53992,1.00,1.28
2014.01.21 23:39:43.616,1.53977,1.53993,1.00,1.20
2014.01.21 23:39:43.818,1.53966,1.5399,1.38,1.20
2014.01.21 23:39:43.920,1.53967,1.53986,1.00,1.95
2014.01.21 23:39:44.274,1.53965,1.5398,1.00,1.00
2014.01.21 23:39:44.375,1.53965,1.53985,1.00,1.88
2014.01.21 23:39:44.578,1.53965,1.53977,1.00,1.00
2014.01.21 23:39:44.680,1.53965,1.53981,1.10,1.00
2014.01.21 23:39:44.782,1.53965,1.53981,1.00,2.25
2014.01.21 23:39:44.985,1.53965,1.53985,1.00,1.20
2014.01.21 23:39:45.576,1.53965,1.53984,1.00,1.20
2014.01.21 23:39:46.092,1.53965,1.53982,1.00,1.50
2014.01.21 23:39:46.529,1.53965,1.5398,1.00,1.88
2014.01.21 23:39:50.138,1.53963,1.5398,1.50,1.88
2014.01.21 23:40:02.701,1.53963,1.5397,1.00,1.00
2014.01.21 23:40:02.955,1.53953,1.53968,1.38,1.50
2014.01.21 23:40:03.543,1.53953,1.53968,1.00,1.50
2014.01.21 23:40:06.361,1.53957,1.53968,1.00,1.50
2014.01.21 23:40:06.463,1.53959,1.53973,1.00,1.20
2014.01.21 23:40:06.931,1.53958,1.53969,1.00,2.25
2014.01.21 23:40:07.134,1.53953,1.53968,1.13,1.50
2014.01.21 23:40:07.882,1.5396,1.53968,1.00,1.50
2014.01.21 23:40:07.984,1.5396,1.53977,1.00,1.95
2014.01.21 23:40:08.501,1.53959,1.53978,1.00,1.88
2014.01.21 23:40:08.653,1.53964,1.53979,1.13,1.50
2014.01.21 23:40:08.756,1.53964,1.53982,1.13,1.20
2014.01.21 23:40:08.907,1.53964,1.53983,1.38,3.00
2014.01.21 23:40:09.211,1.53957,1.53972,1.38,1.00
2014.01.21 23:40:09.262,1.53957,1.53972,1.38,3.00
2014.01.21 23:40:09.565,1.53951,1.53963,1.00,1.50
2014.01.21 23:40:10.417,1.53951,1.53964,1.00,1.88
2014.01.21 23:40:11.081,1.53953,1.53966,1.00,1.20
2014.01.21 23:40:11.839,1.53953,1.53967,1.00,1.20
2014.01.21 23:40:12.461,1.53953,1.53968,1.00,1.88
2014.01.21 23:40:16.392,1.53947,1.53968,1.00,1.88
2014.01.21 23:40:24.640,1.53955,1.53967,1.00,1.88
2014.01.21 23:40:24.742,1.53955,1.53968,1.00,1.53
2014.01.21 23:40:25.372,1.53957,1.53968,1.00,1.15
2014.01.21 23:40:30.692,1.53947,1.53968,1.00,1.20
2014.01.21 23:40:32.121,1.53943,1.53968,1.53,1.20
2014.01.21 23:40:32.222,1.53943,1.53968,1.53,1.20
2014.01.21 23:40:32.425,1.53945,1.5397,1.53,1.50
2014.01.21 23:40:32.706,1.53948,1.53972,1.13,2.33
2014.01.21 23:40:32.757,1.53948,1.53974,1.88,1.88
2014.01.21 23:40:34.871,1.53955,1.53974,1.00,1.88
2014.01.21 23:40:35.497,1.53955,1.53974,1.00,1.20
2014.01.21 23:40:35.700,1.53952,1.53974,1.00,1.20
2014.01.21 23:40:36.201,1.53952,1.53972,1.00,1.88
2014.01.21 23:40:37.114,1.53952,1.53961,1.00,2.25
2014.01.21 23:40:37.166,1.53946,1.53954,1.00,1.08
2014.01.21 23:40:37.217,1.53941,1.53954,1.50,1.08
2014.01.21 23:40:37.472,1.53943,1.53954,1.00,1.50
2014.01.21 23:40:37.626,1.53943,1.53958,1.00,1.53
2014.01.21 23:40:38.213,1.53943,1.5396,1.00,1.95
2014.01.21 23:40:40.659,1.53942,1.5396,1.00,1.95
2014.01.21 23:40:43.960,1.53942,1.5396,1.38,1.58
2014.01.21 23:40:44.213,1.53944,1.53963,1.38,1.20
2014.01.21 23:40:44.871,1.53944,1.53959,1.00,1.20
2014.01.21 23:40:45.485,1.53943,1.53959,1.00,1.20
2014.01.21 23:40:47.258,1.53941,1.53959,1.38,1.20
2014.01.21 23:40:56.243,1.53941,1.5396,1.38,1.50
2014.01.21 23:40:56.598,1.53945,1.53961,1.38,2.33
2014.01.21 23:40:56.700,1.5394,1.53963,1.53,1.50
2014.01.21 23:40:59.831,1.53948,1.53964,1.00,1.20
2014.01.21 23:41:00.338,1.53945,1.53965,1.38,1.20
2014.01.21 23:41:00.389,1.53945,1.53967,1.38,1.20
2014.01.21 23:41:02.710,1.53942,1.53968,1.15,1.50
2014.01.21 23:41:03.659,1.53947,1.53968,1.00,1.50
2014.01.21 23:41:03.963,1.53947,1.53971,1.30,1.88
2014.01.21 23:41:04.369,1.53948,1.53974,1.73,3.38
2014.01.21 23:41:04.672,1.53948,1.5397,1.53,1.58
2014.01.21 23:41:04.723,1.53948,1.5397,1.48,1.83
2014.01.21 23:41:06.705,1.53945,1.53969,1.48,2.25
2014.01.21 23:41:08.011,1.53946,1.53968,1.38,1.20
2014.01.21 23:41:08.218,1.53946,1.53966,1.38,2.33
2014.01.21 23:41:08.320,1.53942,1.53964,1.45,1.20
2014.01.21 23:41:08.860,1.53942,1.53965,1.45,1.20
2014.01.21 23:41:15.800,1.53941,1.53966,1.55,4.13
2014.01.21 23:41:16.309,1.53942,1.53966,1.20,1.20
2014.01.21 23:41:16.360,1.53942,1.53965,1.20,1.20
2014.01.21 23:41:17.972,1.53942,1.53968,1.95,1.20
2014.01.21 23:41:34.019,1.53942,1.53968,1.95,1.20
2014.01.21 23:41:35.334,1.53944,1.53966,1.58,1.20
2014.01.21 23:41:44.503,1.53944,1.53966,1.48,1.50
2014.01.21 23:41:54.307,1.53943,1.53967,1.20,1.95
2014.01.21 23:41:54.825,1.53943,1.53969,1.20,3.38
2014.01.21 23:41:56.141,1.53943,1.53969,2.70,3.00
2014.01.21 23:41:56.192,1.53945,1.53971,1.20,1.95
2014.01.21 23:41:56.877,1.53948,1.53968,1.13,1.08
2014.01.21 23:41:57.180,1.53932,1.53947,1.00,1.18
2014.01.21 23:41:57.231,1.53925,1.53941,1.95,1.08
2014.01.21 23:41:57.434,1.53915,1.53937,1.20,1.00
2014.01.21 23:41:57.485,1.5391,1.53934,1.18,1.20
2014.01.21 23:41:57.789,1.53912,1.53937,1.50,2.63
2014.01.21 23:41:59.128,1.53912,1.53937,1.50,3.75
2014.01.21 23:41:59.230,1.53912,1.53937,1.50,3.75
2014.01.21 23:42:00.611,1.53913,1.53935,1.58,1.45
2014.01.21 23:42:01.123,1.53913,1.53934,1.50,1.38
2014.01.21 23:42:01.900,1.53916,1.53936,1.50,1.38
2014.01.21 23:42:03.391,1.53918,1.53937,2.33,1.38
2014.01.21 23:42:03.645,1.53917,1.53939,1.50,1.38
2014.01.21 23:42:04.401,1.53917,1.53939,2.25,1.38
2014.01.21 23:42:06.060,1.53918,1.53939,1.58,1.38
2014.01.21 23:42:06.682,1.53919,1.53942,1.50,1.58
2014.01.21 23:42:12.866,1.53919,1.53939,1.00,1.88
2014.01.21 23:42:13.966,1.53921,1.53939,1.00,2.63
2014.01.21 23:42:15.081,1.53921,1.53939,1.08,1.45
2014.01.21 23:42:15.389,1.53921,1.5394,1.58,1.38
2014.01.21 23:42:16.418,1.53921,1.5394,1.58,1.38
2014.01.21 23:42:22.969,1.53925,1.5394,1.00,1.38
2014.01.21 23:42:31.091,1.5392,1.53938,1.08,1.38
2014.01.21 23:42:31.802,1.53924,1.53938,1.00,1.38
2014.01.21 23:42:32.318,1.53928,1.53938,1.00,1.00
2014.01.21 23:42:32.523,1.53929,1.53938,1.00,1.00
2014.01.21 23:42:32.726,1.53929,1.53938,1.00,1.38
2014.01.21 23:42:32.878,1.53922,1.53938,3.00,1.38
2014.01.21 23:42:32.929,1.53922,1.53946,1.85,2.18
2014.01.21 23:42:32.994,1.53922,1.53945,1.18,1.20
2014.01.21 23:42:33.306,1.53922,1.53941,1.00,1.53
2014.01.21 23:42:34.788,1.53922,1.53941,1.08,1.48
2014.01.21 23:42:34.940,1.53925,1.53942,1.10,1.38
2014.01.21 23:42:35.097,1.53931,1.53942,1.00,1.48
2014.01.21 23:42:35.148,1.53931,1.53942,1.00,1.00
2014.01.21 23:42:35.199,1.53931,1.53942,1.08,1.00
2014.01.21 23:42:35.300,1.53931,1.53951,1.15,1.35
2014.01.21 23:42:35.454,1.53931,1.53944,1.53,1.00
2014.01.21 23:42:35.649,1.53931,1.53953,1.53,2.25
2014.01.21 23:42:36.209,1.53931,1.5395,1.15,1.13
2014.01.21 23:42:36.753,1.53931,1.5395,1.53,1.00
2014.01.21 23:42:37.319,1.53931,1.5395,1.28,1.38
2014.01.21 23:42:38.072,1.53929,1.5395,2.63,1.00
2014.01.21 23:42:38.579,1.53929,1.5395,2.63,1.38
2014.01.21 23:42:39.184,1.53929,1.5395,2.63,1.00
2014.01.21 23:42:39.690,1.53929,1.5395,2.63,1.00
2014.01.21 23:42:40.227,1.53929,1.53951,2.63,2.03
2014.01.21 23:42:40.667,1.53929,1.53951,2.63,2.03
2014.01.21 23:42:41.167,1.53929,1.53951,2.63,2.03
2014.01.21 23:42:41.607,1.53929,1.53951,2.63,1.65
2014.01.21 23:42:42.157,1.53929,1.53951,2.63,2.03
2014.01.21 23:42:42.856,1.53929,1.53951,2.63,1.65
2014.01.21 23:42:43.150,1.53929,1.53949,2.63,1.00
2014.01.21 23:42:43.697,1.53929,1.53949,2.63,1.00
2014.01.21 23:42:44.228,1.53929,1.53949,2.63,1.00
2014.01.21 23:42:45.620,1.53932,1.53949,1.18,1.00
2014.01.21 23:42:46.217,1.53932,1.53949,1.18,1.00
2014.01.21 23:42:51.360,1.5393,1.5395,1.95,1.20
2014.01.21 23:42:51.664,1.53935,1.53947,1.00,1.13
2014.01.21 23:42:52.118,1.53929,1.53947,1.20,1.13
2014.01.21 23:42:52.640,1.53933,1.53947,1.00,1.13
2014.01.21 23:42:53.159,1.53929,1.53947,1.20,1.13
2014.01.21 23:42:53.655,1.53934,1.53947,1.00,1.13
2014.01.21 23:42:54.096,1.53929,1.53947,1.20,1.13
2014.01.21 23:42:54.645,1.53934,1.53947,1.00,1.13
2014.01.21 23:42:54.962,1.53937,1.53949,1.00,1.00
2014.01.21 23:42:55.165,1.53933,1.53949,1.18,1.00
2014.01.21 23:42:55.216,1.53934,1.53952,1.20,1.48
2014.01.21 23:42:55.267,1.53934,1.53952,1.95,1.38
2014.01.21 23:42:55.875,1.53938,1.53954,1.00,1.38
2014.01.21 23:42:55.976,1.53938,1.53954,1.00,1.13
2014.01.21 23:42:56.481,1.53936,1.53955,1.20,1.13
2014.01.21 23:42:57.880,1.5394,1.53955,1.00,1.13
2014.01.21 23:42:58.419,1.53941,1.53956,1.00,1.10
2014.01.21 23:42:58.722,1.53942,1.53957,1.00,1.58
2014.01.21 23:42:59.046,1.53937,1.53957,1.28,1.58
2014.01.21 23:42:59.408,1.53937,1.53957,1.95,1.00
2014.01.21 23:42:59.747,1.53937,1.53955,1.95,1.00
2014.01.21 23:43:00.372,1.53938,1.53955,1.20,1.00
2014.01.21 23:43:00.911,1.53938,1.53956,1.88,1.00
2014.01.21 23:43:01.416,1.53938,1.53956,1.88,1.00
2014.01.21 23:43:02.401,1.53938,1.53957,1.88,1.00
2014.01.21 23:43:03.056,1.53938,1.53957,1.88,1.00
2014.01.21 23:43:03.606,1.5394,1.53957,1.28,1.13
2014.01.21 23:43:04.163,1.53938,1.53957,1.88,1.00
2014.01.21 23:43:04.463,1.5394,1.53962,1.53,2.40
2014.01.21 23:43:04.565,1.5394,1.53957,1.53,1.00
2014.01.21 23:43:05.203,1.53938,1.53957,1.88,1.13
2014.01.21 23:43:05.814,1.53941,1.53957,1.58,1.00
2014.01.21 23:43:06.476,1.53938,1.53957,1.88,1.00
2014.01.21 23:43:07.617,1.5394,1.53957,1.53,1.00
2014.01.21 23:43:08.172,1.53938,1.53957,1.88,1.13
2014.01.21 23:43:08.836,1.53942,1.53957,1.13,1.00
2014.01.21 23:43:09.170,1.53938,1.53955,1.88,1.00
2014.01.21 23:43:09.826,1.53938,1.53955,1.88,1.00
2014.01.21 23:43:10.356,1.53938,1.53955,1.88,1.00
2014.01.21 23:43:11.636,1.53943,1.53955,1.00,1.00
2014.01.21 23:43:12.067,1.53938,1.53955,1.88,1.00
2014.01.21 23:43:12.188,1.53938,1.53957,1.88,1.00
2014.01.21 23:43:12.635,1.53943,1.53957,1.00,1.00
2014.01.21 23:43:13.057,1.53938,1.53957,1.88,1.00
2014.01.21 23:43:13.606,1.53943,1.53957,1.00,1.00
2014.01.21 23:43:14.050,1.53938,1.53962,2.63,1.53
2014.01.21 23:43:14.151,1.53938,1.53958,2.63,1.00
2014.01.21 23:43:14.202,1.53938,1.53958,2.63,1.00
2014.01.21 23:43:14.596,1.53944,1.53958,1.00,1.00
2014.01.21 23:43:15.160,1.53942,1.53958,1.00,1.00
2014.01.21 23:43:15.677,1.53943,1.53958,1.00,1.00
2014.01.21 23:43:15.778,1.53943,1.53962,1.13,1.53
2014.01.21 23:43:16.166,1.53942,1.53962,1.00,2.03
2014.01.21 23:43:16.686,1.53943,1.53962,1.13,1.53
2014.01.21 23:43:17.138,1.53938,1.53962,2.63,2.03
2014.01.21 23:43:17.569,1.53944,1.53962,1.00,1.53
2014.01.21 23:43:17.677,1.53944,1.53962,1.00,1.28
2014.01.21 23:43:18.128,1.53939,1.53961,1.53,1.58
2014.01.21 23:43:18.457,1.53939,1.53961,1.53,1.28
2014.01.21 23:43:19.119,1.53939,1.53961,1.53,1.58
2014.01.21 23:43:19.656,1.53939,1.53961,1.53,1.20
2014.01.21 23:43:20.107,1.53939,1.53961,1.53,1.58
2014.01.21 23:43:20.666,1.53939,1.53961,1.53,1.15
2014.01.21 23:43:22.186,1.53939,1.5396,1.53,1.28
2014.01.21 23:43:22.522,1.53939,1.53961,1.53,1.28
2014.01.21 23:43:23.227,1.53938,1.53961,1.20,1.53
2014.01.21 23:43:23.616,1.53938,1.53961,1.20,1.28
2014.01.21 23:43:23.718,1.53939,1.53961,1.20,1.20
2014.01.21 23:43:24.253,1.53939,1.53961,1.20,1.55
2014.01.21 23:43:24.827,1.53939,1.53961,2.63,1.20
2014.01.21 23:43:25.292,1.53939,1.53961,1.95,1.58
2014.01.21 23:43:26.146,1.53939,1.53961,1.55,1.55
2014.01.21 23:43:26.712,1.53939,1.53961,1.55,1.28
2014.01.21 23:43:27.217,1.53939,1.53961,1.55,1.18
2014.01.21 23:43:27.521,1.53947,1.53961,1.00,1.13
2014.01.21 23:43:27.572,1.53947,1.53961,1.00,1.13
2014.01.21 23:43:28.127,1.53943,1.53961,1.13,1.20
2014.01.21 23:43:28.178,1.53943,1.53961,1.00,1.48
2014.01.21 23:43:28.693,1.53943,1.53961,1.00,1.18
2014.01.21 23:43:30.107,1.53943,1.53961,1.00,1.55
2014.01.21 23:43:30.671,1.53943,1.53961,1.00,1.18
2014.01.21 23:43:31.235,1.53943,1.53959,1.00,1.13
2014.01.21 23:43:32.527,1.53944,1.53959,1.00,1.13
2014.01.21 23:43:38.137,1.53943,1.53959,1.00,1.00
2014.01.21 23:43:42.188,1.53943,1.53963,1.00,1.20
2014.01.21 23:43:42.507,1.53942,1.53958,1.00,1.00
2014.01.21 23:43:43.035,1.53943,1.53958,1.00,1.00
2014.01.21 23:43:44.380,1.53941,1.53958,1.00,1.58
2014.01.21 23:43:45.088,1.53941,1.53958,1.00,1.20
2014.01.21 23:43:45.138,1.53941,1.53958,1.00,1.58
2014.01.21 23:43:45.765,1.53941,1.53958,1.00,1.20
2014.01.21 23:43:46.136,1.53941,1.53958,1.00,1.58
2014.01.21 23:43:46.647,1.53941,1.53958,1.00,1.20
2014.01.21 23:43:47.196,1.53941,1.53958,1.00,1.58
2014.01.21 23:43:47.790,1.53941,1.53958,1.00,1.28
2014.01.21 23:43:48.449,1.53941,1.53958,1.00,1.58
2014.01.21 23:43:49.109,1.53941,1.53958,1.00,1.20
2014.01.21 23:43:50.166,1.53941,1.53958,1.00,1.58
2014.01.21 23:43:50.761,1.53941,1.53958,1.00,1.20
2014.01.21 23:43:51.156,1.53941,1.53958,1.00,1.58
2014.01.21 23:43:51.802,1.53941,1.53958,1.00,1.20
2014.01.21 23:43:52.195,1.53941,1.53958,1.00,1.58
2014.01.21 23:43:52.636,1.53941,1.53958,1.00,1.28
2014.01.21 23:43:53.186,1.53941,1.53958,1.00,1.58
2014.01.21 23:43:53.626,1.53941,1.53958,1.00,1.20
2014.01.21 23:43:54.175,1.53941,1.53958,1.00,1.58
2014.01.21 23:43:54.720,1.53941,1.53958,1.00,1.28
2014.01.21 23:43:55.267,1.5394,1.53958,1.00,1.58
2014.01.21 23:43:56.036,1.53935,1.53956,2.63,1.00
2014.01.21 23:43:56.590,1.53935,1.53956,2.63,1.13
2014.01.21 23:43:56.641,1.53939,1.53958,1.38,1.28
2014.01.21 23:43:57.135,1.53935,1.53956,2.63,1.00
2014.01.21 23:43:57.186,1.53935,1.53956,2.63,1.13
2014.01.21 23:43:57.611,1.53941,1.53958,1.00,1.58
2014.01.21 23:43:57.743,1.53941,1.53958,1.00,1.20
2014.01.21 23:43:58.125,1.53935,1.53958,2.63,1.65
2014.01.21 23:43:58.567,1.53941,1.53958,1.00,1.58
2014.01.21 23:43:59.098,1.53941,1.53958,1.00,1.28
2014.01.21 23:43:59.149,1.53936,1.53957,1.53,1.13
2014.01.21 23:43:59.577,1.53942,1.53958,1.00,1.58
2014.01.21 23:44:00.105,1.53935,1.53958,2.63,1.65
2014.01.21 23:44:00.634,1.53935,1.53958,2.63,2.03
2014.01.21 23:44:00.693,1.53942,1.53958,1.00,1.20
2014.01.21 23:44:01.096,1.53935,1.53958,2.63,1.65
2014.01.21 23:44:01.534,1.53941,1.53958,1.00,1.58
2014.01.21 23:44:02.085,1.53935,1.53958,2.63,1.65
2014.01.21 23:44:02.636,1.53941,1.53958,1.00,1.58
2014.01.21 23:44:02.857,1.53935,1.53958,2.63,1.65
2014.01.21 23:44:03.197,1.53935,1.53958,2.63,2.03
2014.01.21 23:44:03.683,1.53935,1.53958,2.63,2.03
2014.01.21 23:44:04.185,1.53935,1.53958,2.63,2.03
2014.01.21 23:44:04.674,1.53935,1.53958,2.63,1.65
2014.01.21 23:44:04.725,1.53942,1.53958,1.00,1.20
2014.01.21 23:44:05.055,1.53935,1.53958,2.63,1.65
2014.01.21 23:44:05.175,1.53935,1.53958,2.63,2.03
2014.01.21 23:44:05.619,1.53941,1.53958,1.00,1.28
2014.01.21 23:44:06.165,1.53935,1.53958,2.63,2.03
2014.01.21 23:44:06.216,1.53935,1.53958,2.63,2.03
2014.01.21 23:44:06.595,1.53942,1.53958,1.00,1.58
2014.01.21 23:44:07.035,1.53937,1.53958,1.88,1.88
2014.01.21 23:44:07.585,1.53941,1.53958,1.00,1.38
2014.01.21 23:44:08.701,1.53941,1.53958,1.00,1.13
2014.01.21 23:44:09.246,1.53941,1.53958,1.00,1.38
2014.01.21 23:44:09.760,1.53941,1.53958,1.00,1.13
2014.01.21 23:44:10.516,1.53941,1.53958,1.00,1.38
2014.01.21 23:44:11.434,1.53942,1.53958,1.00,1.38
2014.01.21 23:44:11.726,1.53942,1.53958,1.50,1.00
2014.01.21 23:44:11.928,1.53942,1.53958,1.20,1.00
2014.01.21 23:44:22.888,1.53948,1.53958,1.00,1.00
2014.01.21 23:44:23.232,1.53954,1.53965,1.13,1.00
2014.01.21 23:44:23.333,1.53954,1.53968,1.18,1.38
2014.01.21 23:44:23.542,1.53952,1.53965,1.20,1.00
2014.01.21 23:44:23.796,1.53941,1.53961,1.20,1.58
2014.01.21 23:44:23.897,1.5394,1.53953,1.50,1.00
2014.01.21 23:44:24.408,1.53934,1.53953,2.70,1.88
2014.01.21 23:44:24.628,1.53933,1.53953,1.20,1.95
2014.01.21 23:44:25.160,1.53932,1.53953,2.63,1.95
2014.01.21 23:44:25.261,1.53932,1.53953,1.20,2.03
2014.01.21 23:44:25.517,1.53932,1.53953,1.55,1.95
2014.01.21 23:44:25.959,1.53933,1.53952,1.13,1.00
2014.01.21 23:44:26.345,1.53932,1.53952,1.88,1.38
2014.01.21 23:44:26.464,1.53933,1.53952,1.20,1.00
2014.01.21 23:44:27.638,1.53933,1.53953,1.95,1.13
2014.01.21 23:44:27.689,1.53935,1.53953,2.70,1.00
2014.01.21 23:44:27.740,1.53936,1.53955,1.50,1.13
2014.01.21 23:44:27.791,1.53939,1.53955,1.08,1.13
2014.01.21 23:44:28.445,1.53936,1.53958,3.00,1.38
2014.01.21 23:44:28.496,1.53935,1.53958,1.88,1.38
2014.01.21 23:44:32.414,1.53937,1.53959,1.53,1.48
2014.01.21 23:44:32.616,1.53936,1.53957,1.95,1.38
2014.01.21 23:44:32.869,1.53936,1.53953,1.20,1.00
2014.01.21 23:44:33.717,1.53936,1.53953,1.20,1.00
2014.01.21 23:44:34.336,1.53936,1.53958,1.20,1.55
2014.01.21 23:44:36.018,1.53937,1.53958,1.20,1.20
2014.01.21 23:44:36.120,1.53938,1.53958,2.70,1.13
2014.01.21 23:44:36.272,1.53938,1.53957,1.20,1.10
2014.01.21 23:44:36.323,1.53936,1.53949,1.20,1.00
2014.01.21 23:44:36.476,1.53932,1.53949,3.83,1.00
2014.01.21 23:44:36.628,1.53932,1.53947,4.50,1.00
2014.01.21 23:44:36.932,1.53927,1.53944,2.33,1.38
2014.01.21 23:44:36.983,1.53924,1.53942,1.13,1.38
2014.01.21 23:44:37.034,1.53922,1.53942,1.20,1.38
2014.01.21 23:44:37.666,1.53924,1.53944,1.88,1.00
2014.01.21 23:44:37.970,1.53927,1.53944,1.20,1.00
2014.01.21 23:44:38.072,1.53927,1.53946,1.88,1.13
2014.01.21 23:44:44.205,1.53928,1.53947,1.15,1.48
2014.01.21 23:44:44.327,1.53928,1.53942,1.18,1.00
2014.01.21 23:44:45.062,1.53928,1.53942,1.18,1.00
2014.01.21 23:44:45.214,1.53928,1.53951,1.53,1.15
2014.01.21 23:44:45.315,1.53931,1.53951,1.20,1.00
2014.01.21 23:44:45.818,1.53931,1.53952,1.20,1.10
2014.01.21 23:44:45.870,1.53931,1.53941,1.20,1.00
2014.01.21 23:44:45.971,1.53927,1.53941,3.00,1.00
2014.01.21 23:44:46.023,1.53927,1.53941,1.00,1.00
2014.01.21 23:44:46.226,1.5392,1.53942,2.63,1.48
2014.01.21 23:44:46.518,1.53923,1.53942,1.50,1.38
2014.01.21 23:44:46.771,1.53925,1.53942,1.00,1.20
2014.01.21 23:44:46.923,1.53925,1.53942,1.00,1.48
2014.01.21 23:44:47.703,1.53925,1.53942,1.00,1.48
2014.01.21 23:44:51.601,1.53923,1.53942,1.00,1.55
2014.01.21 23:44:51.652,1.53923,1.53942,1.13,1.55
2014.01.21 23:44:51.754,1.53923,1.53942,1.15,1.38
2014.01.21 23:44:51.856,1.53922,1.53943,1.95,1.00
2014.01.21 23:44:52.491,1.53922,1.53947,1.95,1.20
2014.01.21 23:44:53.551,1.53922,1.53945,1.95,1.55
2014.01.21 23:44:53.603,1.5392,1.53944,1.95,1.20
2014.01.21 23:44:53.908,1.53926,1.53944,1.08,1.45
2014.01.21 23:44:54.164,1.53922,1.53946,1.20,1.20
2014.01.21 23:44:54.789,1.53926,1.53944,2.25,1.48
2014.01.21 23:44:55.183,1.53926,1.53946,3.38,1.13
2014.01.21 23:44:55.385,1.53926,1.53948,4.13,1.10
2014.01.21 23:44:55.437,1.53929,1.53948,2.33,1.00
2014.01.21 23:44:55.487,1.5393,1.53955,1.50,1.20
2014.01.21 23:44:55.640,1.5393,1.5395,1.50,1.38
2014.01.21 23:44:56.224,1.53926,1.5395,1.20,1.95
2014.01.21 23:44:56.376,1.53926,1.5395,1.20,1.95
2014.01.21 23:45:01.142,1.53924,1.53946,3.00,1.38
2014.01.21 23:45:04.044,1.53924,1.53946,1.50,1.45
2014.01.21 23:45:04.551,1.53923,1.53945,1.08,1.45
2014.01.21 23:45:04.602,1.53921,1.53943,1.15,1.58
2014.01.21 23:45:04.755,1.53921,1.53943,1.15,1.58
2014.01.21 23:45:05.467,1.53918,1.5394,2.33,1.38
2014.01.21 23:45:07.067,1.53918,1.5394,1.15,1.45
2014.01.21 23:45:07.118,1.53919,1.53937,1.08,1.38
2014.01.21 23:45:07.321,1.53915,1.53937,1.10,1.53
2014.01.21 23:45:07.852,1.5391,1.53933,2.25,1.55
2014.01.21 23:45:08.328,1.5391,1.53933,2.25,1.55
2014.01.21 23:45:08.849,1.5391,1.53931,1.50,1.38
2014.01.21 23:45:09.812,1.53908,1.5393,1.00,1.88
2014.01.21 23:45:10.687,1.53908,1.5393,1.08,1.95
2014.01.21 23:45:10.990,1.53906,1.53927,1.20,1.55
2014.01.21 23:45:11.092,1.53906,1.53927,1.20,1.53
2014.01.21 23:45:11.396,1.53905,1.53928,1.50,1.53
2014.01.21 23:45:11.508,1.53907,1.53928,1.53,1.53
2014.01.21 23:45:11.610,1.53908,1.5393,1.88,1.48
2014.01.21 23:45:12.564,1.53911,1.53931,1.15,1.45
2014.01.21 23:45:14.890,1.53912,1.53932,1.50,1.38
2014.01.21 23:45:15.885,1.53912,1.53932,1.88,1.38
2014.01.21 23:45:16.444,1.53912,1.53932,1.50,1.38
2014.01.21 23:45:19.313,1.53912,1.53932,1.50,1.38
2014.01.21 23:45:19.466,1.53912,1.53932,3.00,1.38
2014.01.21 23:45:23.918,1.53913,1.53937,1.50,2.70
2014.01.21 23:45:24.545,1.53914,1.53936,1.20,1.38
2014.01.21 23:45:25.752,1.53915,1.53936,1.20,1.38
2014.01.21 23:45:26.296,1.53915,1.53936,1.88,1.38
2014.01.21 23:45:27.923,1.53914,1.53936,3.00,1.48
2014.01.21 23:45:28.279,1.53919,1.53934,1.08,1.38
2014.01.21 23:45:28.658,1.53915,1.53935,1.50,1.38
2014.01.21 23:45:41.484,1.53915,1.53935,3.00,1.38
2014.01.21 23:45:41.963,1.53916,1.53935,1.20,1.38
2014.01.21 23:45:54.652,1.53917,1.53936,1.50,1.38
2014.01.21 23:45:54.703,1.53918,1.53937,1.20,1.38
2014.01.21 23:45:54.874,1.53918,1.53937,1.20,1.13
2014.01.21 23:45:55.546,1.53918,1.53936,1.20,1.00
2014.01.21 23:45:57.329,1.53917,1.53936,2.63,1.38
2014.01.21 23:45:57.481,1.53919,1.53936,3.00,1.38
2014.01.21 23:45:57.714,1.53917,1.53936,2.63,1.38
2014.01.21 23:45:58.650,1.53917,1.53937,1.50,1.88
2014.01.21 23:45:58.878,1.53917,1.53936,1.50,1.13
2014.01.21 23:46:00.424,1.53918,1.53936,3.00,1.13
2014.01.21 23:46:01.142,1.5392,1.53936,1.50,1.13
2014.01.21 23:46:02.033,1.5392,1.53936,1.08,1.32
2014.01.21 23:46:02.084,1.53916,1.53937,2.63,1.57
2014.01.21 23:46:02.135,1.53917,1.53934,1.58,1.63
2014.01.21 23:46:02.677,1.53918,1.53933,2.33,1.38
2014.01.21 23:46:02.728,1.53918,1.53933,3.00,1.00
2014.01.21 23:46:02.946,1.53916,1.53933,1.08,1.38
2014.01.21 23:46:03.047,1.53915,1.53934,2.25,1.38
2014.01.21 23:46:03.494,1.53917,1.53932,2.33,1.13
2014.01.21 23:46:04.218,1.53919,1.53932,2.33,1.13
2014.01.21 23:46:04.772,1.5392,1.53933,1.50,1.00
2014.01.21 23:46:05.655,1.53921,1.53942,1.50,1.45
2014.01.21 23:46:05.706,1.53926,1.53942,1.00,1.45
2014.01.21 23:46:06.016,1.53927,1.53946,3.00,1.38
2014.01.21 23:46:06.246,1.53927,1.5395,3.00,1.48
2014.01.21 23:46:06.945,1.53926,1.53949,1.50,1.58
2014.01.21 23:46:08.903,1.53929,1.53949,1.08,2.03
2014.01.21 23:46:09.256,1.53931,1.53947,1.50,1.38
2014.01.21 23:46:09.357,1.53929,1.53947,1.50,1.38
2014.01.21 23:46:09.509,1.53926,1.53945,1.50,1.13
2014.01.21 23:46:12.024,1.53929,1.53945,2.33,1.13
2014.01.21 23:46:15.995,1.5393,1.53945,1.50,1.38
2014.01.21 23:46:16.302,1.5393,1.53941,1.50,1.00
2014.01.21 23:46:16.685,1.5393,1.53945,2.25,1.38
2014.01.21 23:46:16.787,1.53932,1.53945,2.33,1.38
2014.01.21 23:46:17.368,1.53934,1.53945,1.50,1.38
2014.01.21 23:46:22.372,1.53934,1.53945,1.50,1.00
2014.01.21 23:46:22.575,1.53934,1.53952,1.50,1.88
2014.01.21 23:46:22.628,1.53934,1.53952,1.50,1.88
2014.01.21 23:46:30.896,1.53935,1.53952,2.33,1.00
2014.01.21 23:46:31.250,1.53939,1.53956,2.70,1.50
2014.01.21 23:46:31.362,1.53941,1.53956,1.75,1.50
2014.01.21 23:46:31.779,1.53942,1.53956,3.00,1.00
2014.01.21 23:46:32.228,1.53946,1.53961,1.50,1.38
2014.01.21 23:46:32.432,1.5395,1.53961,1.10,1.00
2014.01.21 23:46:32.483,1.53951,1.53963,1.00,1.00
2014.01.21 23:46:32.585,1.53953,1.53968,3.00,1.38
2014.01.21 23:46:32.636,1.53953,1.53968,3.00,1.00
2014.01.21 23:46:32.687,1.53951,1.53969,1.50,1.00
2014.01.21 23:46:32.789,1.53961,1.53969,1.50,1.00
2014.01.21 23:46:32.890,1.53955,1.53969,1.50,1.00
2014.01.21 23:46:32.941,1.53955,1.53974,1.88,1.00
2014.01.21 23:46:32.992,1.53957,1.53974,1.20,1.00
2014.01.21 23:46:34.664,1.53956,1.5397,1.88,1.00
2014.01.21 23:46:34.866,1.53953,1.5397,1.20,1.00
2014.01.21 23:46:35.120,1.53951,1.53963,3.00,1.00
2014.01.21 23:46:35.170,1.53949,1.53963,1.50,1.00
2014.01.21 23:46:35.526,1.53946,1.53964,1.50,1.00
2014.01.21 23:46:35.913,1.53946,1.5397,1.50,1.15
2014.01.21 23:46:36.065,1.53949,1.53971,3.00,1.00
2014.01.21 23:46:36.443,1.53952,1.53971,1.50,1.00
2014.01.21 23:46:39.273,1.53952,1.53972,1.50,1.00
2014.01.21 23:46:39.722,1.53957,1.53974,1.13,1.10
2014.01.21 23:46:40.490,1.53957,1.53975,1.88,1.13
2014.01.21 23:46:40.806,1.53959,1.53974,1.50,1.00
2014.01.21 23:46:41.342,1.5396,1.53977,1.58,1.88
2014.01.21 23:46:41.444,1.53958,1.53975,1.58,1.13
2014.01.21 23:46:41.546,1.5396,1.53975,1.83,1.13
2014.01.21 23:46:41.749,1.53959,1.53975,1.20,1.00
2014.01.21 23:46:45.745,1.5396,1.53981,3.38,1.38
2014.01.21 23:46:45.897,1.53962,1.53981,1.20,1.38
2014.01.21 23:46:45.999,1.5396,1.5398,3.00,1.38
2014.01.21 23:46:51.063,1.53961,1.5397,1.50,1.00
2014.01.21 23:46:51.266,1.53958,1.5397,1.00,1.00
2014.01.21 23:46:51.317,1.53953,1.5397,1.95,1.00
2014.01.21 23:46:51.418,1.53956,1.53976,1.13,1.20
2014.01.21 23:46:51.722,1.53959,1.5398,1.20,1.48
2014.01.21 23:46:52.026,1.53959,1.5398,2.33,1.38
2014.01.21 23:46:52.077,1.53956,1.5398,1.88,1.48
2014.01.21 23:46:56.412,1.53956,1.5398,1.50,1.10
2014.01.21 23:46:56.837,1.5396,1.53981,1.50,1.13
2014.01.21 23:46:57.141,1.53954,1.53977,2.14,1.20
2014.01.21 23:46:57.294,1.53958,1.53979,1.20,1.00
2014.01.21 23:47:01.657,1.5396,1.53979,1.20,1.00
2014.01.21 23:47:03.503,1.53961,1.53978,1.20,1.00
2014.01.21 23:47:04.264,1.53959,1.53977,3.00,1.00
2014.01.21 23:47:07.764,1.53959,1.53976,3.00,1.00
2014.01.21 23:47:08.017,1.53954,1.5397,1.53,1.00
2014.01.21 23:47:08.119,1.53954,1.53967,1.53,1.00
2014.01.21 23:47:08.220,1.53951,1.53967,2.63,1.00
2014.01.21 23:47:08.322,1.53951,1.5397,1.20,1.00
2014.01.21 23:47:08.525,1.53955,1.5397,1.08,1.00
2014.01.21 23:47:08.828,1.53952,1.53965,1.50,1.00
2014.01.21 23:47:20.302,1.53952,1.5396,1.35,1.00
2014.01.21 23:47:20.447,1.53947,1.53958,2.70,1.00
2014.01.21 23:47:24.069,1.53948,1.53958,1.20,1.00
2014.01.21 23:47:30.389,1.53951,1.53967,3.08,1.13
2014.01.21 23:47:30.541,1.53953,1.53969,2.33,1.38
2014.01.21 23:47:30.592,1.53953,1.53969,1.08,1.38
2014.01.21 23:47:30.694,1.53951,1.53969,1.95,1.00
2014.01.21 23:47:30.795,1.53953,1.53969,1.20,1.50
2014.01.21 23:47:31.222,1.53959,1.53975,1.00,1.20
2014.01.21 23:47:31.375,1.5396,1.53975,2.25,1.00
2014.01.21 23:47:34.101,1.53962,1.53978,1.50,1.00
2014.01.21 23:47:39.531,1.53962,1.53978,3.00,1.00
2014.01.21 23:47:40.591,1.53964,1.53979,1.50,1.13
2014.01.21 23:47:44.880,1.53964,1.53977,1.50,1.00
2014.01.21 23:47:51.700,1.53964,1.53976,1.50,1.00
2014.01.21 23:47:52.701,1.53964,1.53982,1.50,1.38
2014.01.21 23:47:53.466,1.53964,1.53982,1.50,1.38
2014.01.21 23:47:53.619,1.53963,1.53982,1.58,1.38
2014.01.21 23:47:53.720,1.53962,1.53982,1.50,1.38
2014.01.21 23:47:54.455,1.5396,1.53982,3.00,1.38
2014.01.21 23:47:55.541,1.5396,1.53979,3.00,1.38
2014.01.21 23:48:01.821,1.5396,1.53974,3.00,1.00
2014.01.21 23:48:03.517,1.5396,1.53975,3.00,1.00
2014.01.21 23:48:04.240,1.5396,1.53979,3.00,1.38
2014.01.21 23:48:05.919,1.5396,1.53975,3.75,1.38
2014.01.21 23:48:07.101,1.5396,1.53969,1.58,1.00
2014.01.21 23:48:07.152,1.5396,1.53969,1.10,1.00
2014.01.21 23:48:07.254,1.53958,1.53969,1.00,1.00
2014.01.21 23:48:07.821,1.53952,1.53969,4.13,1.00
2014.01.21 23:48:09.533,1.53952,1.53967,3.75,1.13
2014.01.21 23:48:09.585,1.53952,1.53967,2.25,1.13
2014.01.21 23:48:11.441,1.53952,1.53973,1.58,1.48
2014.01.21 23:48:11.492,1.53955,1.53973,2.25,1.38
2014.01.21 23:48:11.644,1.53957,1.53973,1.58,1.38
2014.01.21 23:48:12.134,1.53959,1.53979,2.33,1.38
2014.01.21 23:48:12.185,1.53959,1.53979,3.00,1.38
2014.01.21 23:48:12.403,1.53959,1.53979,3.00,1.38
2014.01.21 23:48:12.455,1.53962,1.53979,2.33,1.38
2014.01.21 23:48:12.962,1.53962,1.53979,1.50,1.38
2014.01.21 23:48:23.276,1.53962,1.53979,1.50,1.13
2014.01.21 23:48:24.529,1.53963,1.53978,1.58,1.00
2014.01.21 23:48:25.045,1.53963,1.53978,1.50,1.00
2014.01.21 23:48:37.569,1.53963,1.53973,1.50,1.00
2014.01.21 23:48:42.630,1.53963,1.53974,1.50,1.00
2014.01.21 23:48:44.550,1.53963,1.53976,1.50,1.38
2014.01.21 23:48:44.863,1.53965,1.53978,3.00,1.00
2014.01.21 23:48:52.354,1.53962,1.53978,3.00,1.00
2014.01.21 23:49:01.322,1.53965,1.53978,1.08,1.00
2014.01.21 23:49:02.663,1.53967,1.53978,1.50,1.00
2014.01.21 23:49:14.433,1.53967,1.53979,1.50,1.00
2014.01.21 23:49:21.221,1.53967,1.53979,3.00,1.00
2014.01.21 23:49:21.372,1.53968,1.53985,1.50,1.38
2014.01.21 23:49:21.424,1.53968,1.53985,1.50,1.38
2014.01.21 23:49:23.181,1.53974,1.53992,2.25,1.95
2014.01.21 23:49:23.384,1.53975,1.53992,1.50,1.50
2014.01.21 23:49:30.233,1.53976,1.53992,1.20,1.00
2014.01.21 23:49:31.620,1.53976,1.53992,1.20,1.00
2014.01.21 23:49:32.219,1.53976,1.53992,1.20,1.00
2014.01.21 23:49:32.880,1.53977,1.53992,1.20,1.00
2014.01.21 23:49:38.219,1.53977,1.53992,1.20,1.00
2014.01.21 23:49:38.873,1.53975,1.53992,1.45,1.00
2014.01.21 23:49:38.924,1.53972,1.53986,1.95,1.00
2014.01.21 23:49:39.390,1.53971,1.53992,1.58,1.15
2014.01.21 23:49:39.442,1.53975,1.53992,1.13,1.08
2014.01.21 23:49:39.595,1.53977,1.53996,1.20,1.00
2014.01.21 23:49:39.646,1.53978,1.53996,1.20,1.00
2014.01.21 23:49:40.859,1.53978,1.53996,1.50,1.38
2014.01.21 23:49:44.689,1.53977,1.53996,1.50,1.38
2014.01.21 23:49:44.799,1.53974,1.53996,1.88,1.38
2014.01.21 23:49:44.850,1.53974,1.53991,1.88,1.00
2014.01.21 23:49:44.902,1.53973,1.53991,1.18,1.13
2014.01.21 23:49:45.004,1.53973,1.53991,1.18,1.38
2014.01.21 23:49:51.599,1.5397,1.5399,3.00,1.38
2014.01.21 23:49:51.651,1.53972,1.5399,2.33,1.38
2014.01.21 23:49:53.089,1.53972,1.53985,3.00,1.00
2014.01.21 23:49:53.346,1.53972,1.53998,3.00,1.95
2014.01.21 23:49:53.397,1.53975,1.53998,2.33,1.45
2014.01.21 23:49:53.701,1.53977,1.53995,1.95,1.00
2014.01.21 23:49:54.005,1.53981,1.53999,1.20,1.38
2014.01.21 23:49:55.429,1.53981,1.53999,1.20,1.00
2014.01.21 23:49:57.828,1.53981,1.53992,1.20,1.00
2014.01.21 23:49:57.879,1.53977,1.53992,1.20,1.00
2014.01.21 23:50:03.350,1.53974,1.53999,1.53,2.25
2014.01.21 23:50:03.452,1.53977,1.53999,1.20,1.00
2014.01.21 23:50:03.554,1.53982,1.53999,1.20,1.00
2014.01.21 23:50:03.857,1.53975,1.53992,1.53,1.00
2014.01.21 23:50:07.388,1.53975,1.53997,1.53,1.15
2014.01.21 23:50:07.592,1.53977,1.53997,1.20,1.00
2014.01.21 23:50:07.642,1.53979,1.54003,1.45,3.75
2014.01.21 23:50:07.946,1.53987,1.54003,2.63,1.00
2014.01.21 23:50:08.230,1.53991,1.54009,1.50,1.00
2014.01.21 23:50:08.818,1.5399,1.54004,1.50,1.00
2014.01.21 23:50:08.920,1.53987,1.54004,1.88,1.00
2014.01.21 23:50:11.568,1.53987,1.54008,1.88,1.00
2014.01.21 23:50:11.622,1.53988,1.54008,1.20,1.00
2014.01.21 23:50:11.932,1.53988,1.54008,1.20,1.00
2014.01.21 23:50:13.880,1.53988,1.54004,1.20,1.00
2014.01.21 23:50:13.930,1.53986,1.54004,3.00,1.00
2014.01.21 23:50:14.083,1.53987,1.54004,1.00,1.10
2014.01.21 23:50:14.133,1.53987,1.54004,1.00,3.08
2014.01.21 23:50:14.336,1.53977,1.54002,1.58,1.50
2014.01.21 23:50:15.185,1.53979,1.54004,1.20,2.25
2014.01.21 23:50:21.282,1.53982,1.54002,1.20,1.10
2014.01.21 23:50:21.820,1.53982,1.53997,1.20,1.00
2014.01.21 23:50:22.920,1.53982,1.54005,1.20,1.20
2014.01.21 23:50:22.972,1.53982,1.54006,1.95,2.25
2014.01.21 23:50:23.023,1.53985,1.54006,1.20,1.00
2014.01.21 23:50:25.099,1.53984,1.54001,1.13,1.00
2014.01.21 23:50:25.151,1.53984,1.54001,1.13,1.25
2014.01.21 23:50:25.252,1.5398,1.54001,1.53,1.77
2014.01.21 23:50:25.891,1.53982,1.54004,1.13,1.20
2014.01.21 23:50:25.944,1.53982,1.54005,1.13,3.08
2014.01.21 23:50:25.994,1.53985,1.54006,1.13,1.15
2014.01.21 23:50:26.147,1.53985,1.54006,1.20,1.45
2014.01.21 23:50:26.349,1.53981,1.54002,1.45,2.44
2014.01.21 23:50:26.451,1.53979,1.54002,1.55,2.89
2014.01.21 23:50:27.451,1.5398,1.54001,1.13,1.48
2014.01.21 23:50:28.857,1.5398,1.5399,1.88,1.00
2014.01.21 23:50:28.959,1.53976,1.5399,1.15,1.38
2014.01.21 23:50:29.088,1.53972,1.5399,1.18,1.38
2014.01.21 23:50:29.291,1.53972,1.53987,1.00,1.20
2014.01.21 23:50:29.545,1.53967,1.53983,1.10,1.38
2014.01.21 23:50:30.478,1.53967,1.53983,1.08,1.38
2014.01.21 23:50:30.992,1.53966,1.53989,1.18,1.95
2014.01.21 23:50:31.598,1.53966,1.5398,1.18,1.00
2014.01.21 23:50:31.650,1.53962,1.5398,1.28,1.00
2014.01.21 23:50:32.172,1.5396,1.5398,1.20,1.38
2014.01.21 23:50:39.863,1.53959,1.53979,1.20,1.48
2014.01.21 23:50:43.428,1.53962,1.53982,1.48,1.20
2014.01.21 23:50:43.914,1.53963,1.53982,1.38,1.20
2014.01.21 23:50:43.965,1.53963,1.53984,1.45,1.45
2014.01.21 23:50:44.513,1.53963,1.53987,1.53,1.88
2014.01.21 23:50:59.819,1.53962,1.53983,1.55,1.95
2014.01.21 23:51:01.939,1.53962,1.53982,1.38,1.88
2014.01.21 23:51:02.622,1.53961,1.53981,1.38,1.50
2014.01.21 23:51:05.419,1.53961,1.53982,1.38,1.88
2014.01.21 23:51:05.674,1.53961,1.53983,1.48,1.78
2014.01.21 23:51:07.390,1.53964,1.53987,2.63,1.53
2014.01.21 23:51:07.441,1.53964,1.53987,2.63,1.15
2014.01.21 23:51:07.492,1.53976,1.53987,1.00,1.00
2014.01.21 23:51:07.593,1.53967,1.53987,2.70,1.00
2014.01.21 23:51:07.644,1.53967,1.53983,2.33,1.57
2014.01.21 23:51:07.695,1.53967,1.53983,1.08,1.57
2014.01.21 23:51:07.946,1.53965,1.53983,1.13,1.67
2014.01.21 23:51:11.788,1.53965,1.53984,1.13,1.28
2014.01.21 23:51:11.991,1.5396,1.53978,1.13,1.44
2014.01.21 23:51:15.552,1.53958,1.53978,1.53,1.00
2014.01.21 23:51:15.756,1.53963,1.53985,1.38,1.39
2014.01.21 23:51:16.427,1.53959,1.53984,1.20,1.72
2014.01.21 23:51:21.187,1.53963,1.53985,1.38,1.39
2014.01.21 23:51:22.038,1.53963,1.53985,1.38,1.95
2014.01.21 23:51:22.190,1.53962,1.53982,1.48,1.45
2014.01.21 23:51:22.625,1.53957,1.53981,2.70,1.50
2014.01.21 23:51:22.726,1.53957,1.5398,2.70,1.20
2014.01.21 23:51:22.827,1.53959,1.53982,1.20,1.78
2014.01.21 23:51:24.443,1.53961,1.53982,1.20,1.70
2014.01.21 23:51:39.300,1.53959,1.53983,2.63,1.64
2014.01.21 23:51:39.802,1.53959,1.53976,1.20,1.00
2014.01.21 23:51:39.904,1.53956,1.53978,1.10,1.53
2014.01.21 23:51:40.006,1.53955,1.53972,1.00,1.20
2014.01.21 23:51:40.268,1.5395,1.53976,3.38,1.20
2014.01.21 23:51:40.498,1.53952,1.53976,1.20,1.20
2014.01.21 23:51:40.909,1.53948,1.53973,1.55,3.00
2014.01.21 23:51:43.047,1.53948,1.53971,1.55,1.20
2014.01.21 23:51:43.200,1.53948,1.53966,1.38,1.30
2014.01.21 23:51:48.839,1.53956,1.53965,1.00,1.15
2014.01.21 23:51:48.940,1.53956,1.5397,1.00,1.15
2014.01.21 23:51:49.042,1.53957,1.5397,1.00,1.00
2014.01.21 23:51:49.143,1.53953,1.5397,1.48,1.44
2014.01.21 23:51:49.295,1.53947,1.53966,1.83,1.02
2014.01.21 23:51:49.855,1.53947,1.53966,1.38,1.02
2014.01.21 23:51:50.587,1.53949,1.53969,1.13,1.39
2014.01.21 23:51:51.128,1.53958,1.5397,1.00,1.50
2014.01.21 23:51:51.230,1.53958,1.5397,1.00,1.00
2014.01.21 23:51:51.382,1.53952,1.5397,1.83,1.57
2014.01.21 23:51:51.433,1.53952,1.5397,1.18,1.57
2014.01.21 23:51:51.484,1.53949,1.5397,3.98,1.57
2014.01.21 23:51:51.586,1.53949,1.5397,2.55,2.14
2014.01.21 23:51:53.129,1.53949,1.5397,1.95,1.58
2014.01.21 23:51:53.433,1.53956,1.53973,1.00,1.95
2014.01.21 23:51:54.098,1.53956,1.53973,1.38,1.58
2014.01.21 23:51:56.416,1.53951,1.53976,1.45,1.88
2014.01.21 23:51:57.102,1.53951,1.53976,1.53,1.88
2014.01.21 23:51:58.494,1.53951,1.53973,1.53,1.08
2014.01.21 23:51:59.131,1.53952,1.53974,1.45,1.20
2014.01.21 23:52:03.327,1.53952,1.53977,1.53,1.88
2014.01.21 23:52:03.378,1.53964,1.53977,1.00,1.88
2014.01.21 23:52:03.480,1.53964,1.5398,1.38,1.50
2014.01.21 23:52:04.702,1.53964,1.53979,1.38,1.50
2014.01.21 23:52:05.245,1.53964,1.53978,1.38,1.50
2014.01.21 23:52:05.524,1.53964,1.53982,1.38,2.33
2014.01.21 23:52:05.726,1.53964,1.53982,1.38,1.18
2014.01.21 23:52:06.775,1.53964,1.53984,1.38,1.88
2014.01.21 23:52:06.978,1.53961,1.53983,1.48,2.63
2014.01.21 23:52:07.029,1.53961,1.53981,1.38,3.00
2014.01.21 23:52:07.131,1.53961,1.53979,1.13,1.20
2014.01.21 23:52:12.272,1.53959,1.53981,1.48,2.14
2014.01.21 23:52:12.984,1.53959,1.53981,1.58,1.72
2014.01.21 23:52:29.749,1.53959,1.53982,1.95,1.18
2014.01.21 23:52:29.851,1.5396,1.53982,1.28,1.55
2014.01.21 23:52:30.491,1.5396,1.53984,1.53,1.20
2014.01.21 23:52:30.662,1.5396,1.53984,1.53,1.20
2014.01.21 23:52:31.084,1.53959,1.53982,1.18,1.20
2014.01.21 23:52:31.186,1.53959,1.53982,1.28,1.39
2014.01.21 23:52:32.706,1.53958,1.53982,1.95,1.39
2014.01.21 23:52:34.857,1.53964,1.53982,1.00,1.39
2014.01.21 23:52:37.804,1.53964,1.53982,1.00,1.39
2014.01.21 23:53:27.543,1.53965,1.53983,1.00,1.39
2014.01.21 23:53:27.656,1.53957,1.53983,1.95,2.14
2014.01.21 23:53:27.707,1.53957,1.53981,1.53,1.64
2014.01.21 23:53:28.018,1.53953,1.53977,1.58,1.58
2014.01.21 23:53:28.170,1.53953,1.53974,1.18,1.32
2014.01.21 23:53:28.926,1.53951,1.53974,1.15,1.39
2014.01.21 23:53:28.977,1.53951,1.53974,1.15,1.39
2014.01.21 23:53:37.067,1.53951,1.53972,1.00,1.39
2014.01.21 23:53:37.269,1.53951,1.53966,1.00,2.25
2014.01.21 23:53:37.740,1.53951,1.53966,1.00,1.50
2014.01.21 23:53:46.874,1.53951,1.53969,1.00,1.20
2014.01.21 23:53:46.976,1.53951,1.53967,1.00,1.20
2014.01.21 23:53:47.284,1.53951,1.53959,1.00,1.50
2014.01.21 23:53:58.361,1.53948,1.53959,1.13,1.50
2014.01.21 23:54:01.802,1.53947,1.53959,1.38,1.50
2014.01.21 23:54:02.112,1.53953,1.53971,1.08,1.57
2014.01.21 23:54:02.264,1.53954,1.53967,1.10,1.13
2014.01.21 23:54:02.366,1.53951,1.53967,1.00,1.88
2014.01.21 23:54:03.533,1.53951,1.53967,1.00,1.88
2014.01.21 23:54:05.414,1.53951,1.53967,1.00,1.88
2014.01.21 23:54:11.635,1.53951,1.53968,1.00,1.13
2014.01.21 23:54:11.686,1.53951,1.5397,1.00,1.72
2014.01.21 23:54:11.788,1.53951,1.53967,1.00,1.20
2014.01.21 23:54:12.171,1.53951,1.53967,1.00,3.38
2014.01.21 23:54:13.256,1.53951,1.53968,1.00,1.20
2014.01.21 23:54:17.604,1.53951,1.53969,1.00,2.07
2014.01.21 23:54:22.887,1.53951,1.53968,1.00,1.20
2014.01.21 23:54:27.824,1.53948,1.53968,1.13,1.88
2014.01.21 23:54:33.612,1.53949,1.53968,1.00,1.88
2014.01.21 23:54:42.049,1.53948,1.53968,1.13,1.88
2014.01.21 23:54:42.150,1.53948,1.53967,1.13,3.38
2014.01.21 23:54:43.917,1.53948,1.53965,1.00,1.20
2014.01.21 23:54:50.079,1.53945,1.53959,1.00,1.75
2014.01.21 23:54:50.181,1.53941,1.53958,1.38,1.50
2014.01.21 23:54:50.232,1.53939,1.53956,1.00,1.88
2014.01.21 23:54:50.637,1.53945,1.53956,1.00,1.88
2014.01.21 23:54:50.789,1.53945,1.53959,1.00,1.20
2014.01.21 23:54:52.065,1.53945,1.5396,1.00,1.20
2014.01.21 23:54:52.787,1.53945,1.53963,1.00,1.20
2014.01.21 23:55:05.883,1.53944,1.53961,1.00,1.20
2014.01.21 23:55:08.524,1.53945,1.53962,1.00,1.20
2014.01.21 23:55:12.524,1.53946,1.53962,1.00,1.20
2014.01.21 23:55:14.174,1.53944,1.53962,1.00,1.20
2014.01.21 23:55:16.806,1.53945,1.53962,1.00,1.20
2014.01.21 23:55:18.802,1.53943,1.53962,1.00,1.20
2014.01.21 23:55:19.106,1.53941,1.53957,1.00,1.45
2014.01.21 23:55:21.393,1.53942,1.53957,1.00,1.20
2014.01.21 23:55:22.076,1.5394,1.53957,1.00,1.20
2014.01.21 23:55:25.221,1.5394,1.53959,1.13,1.20
2014.01.21 23:55:25.323,1.53949,1.53959,1.00,1.20
2014.01.21 23:55:25.424,1.53951,1.53967,1.88,1.65
2014.01.21 23:55:25.578,1.53951,1.53966,1.13,1.08
2014.01.21 23:55:25.884,1.53943,1.53957,1.38,1.50
2014.01.21 23:55:25.992,1.53943,1.5396,1.38,1.50
2014.01.21 23:55:26.044,1.53951,1.53961,3.00,1.58
2014.01.21 23:55:26.095,1.53953,1.53963,3.00,1.19
2014.01.21 23:55:26.146,1.53953,1.53962,2.25,2.44
2014.01.21 23:55:26.197,1.53942,1.53959,1.00,1.20
2014.01.21 23:55:26.354,1.53951,1.53958,1.00,1.88
2014.01.21 23:55:26.458,1.53942,1.5396,1.38,2.25
2014.01.21 23:55:26.560,1.53942,1.53963,1.38,1.34
2014.01.21 23:55:26.994,1.53946,1.53964,1.00,2.07
2014.01.21 23:55:27.298,1.53953,1.5397,1.00,2.89
2014.01.21 23:55:27.603,1.53958,1.53968,1.00,1.20
2014.01.21 23:55:27.654,1.53956,1.53969,1.00,2.07
2014.01.21 23:55:27.704,1.53956,1.53966,1.00,1.08
2014.01.21 23:55:27.857,1.53947,1.53968,1.10,1.50
2014.01.21 23:55:27.908,1.53951,1.53968,1.00,1.50
2014.01.21 23:55:27.959,1.53952,1.53972,1.00,1.72
2014.01.21 23:55:28.162,1.53951,1.53972,1.10,1.90
2014.01.21 23:55:28.466,1.53956,1.53964,1.00,1.57
2014.01.21 23:55:28.517,1.53953,1.53964,1.15,1.57
2014.01.21 23:55:28.619,1.53959,1.53965,1.00,1.00
2014.01.21 23:55:28.670,1.53962,1.53978,1.38,2.10
2014.01.21 23:55:28.771,1.53969,1.53983,1.38,1.00
2014.01.21 23:55:28.823,1.53973,1.53983,1.13,1.00
2014.01.21 23:55:28.924,1.53978,1.53995,2.25,1.63
2014.01.21 23:55:29.026,1.53977,1.53995,1.83,1.63
2014.01.21 23:55:29.077,1.53976,1.53995,1.58,1.63
2014.01.21 23:55:29.179,1.53976,1.53995,1.58,1.00
2014.01.21 23:55:29.280,1.53979,1.53995,3.00,1.00
2014.01.21 23:55:29.465,1.53979,1.53995,1.50,1.00
2014.01.21 23:55:29.792,1.53987,1.53995,1.00,1.00
2014.01.21 23:55:29.894,1.53984,1.54005,2.25,1.88
2014.01.21 23:55:29.945,1.53986,1.54005,1.20,1.00
2014.01.21 23:55:30.097,1.53985,1.54003,1.20,1.00
2014.01.21 23:55:30.249,1.53981,1.54003,1.80,1.32
2014.01.21 23:55:30.351,1.53981,1.54003,1.13,2.25
2014.01.21 23:55:30.604,1.53981,1.53998,1.00,1.02
2014.01.21 23:55:31.544,1.53981,1.53999,1.00,1.50
2014.01.21 23:55:31.595,1.53974,1.53989,1.43,1.00
2014.01.21 23:55:31.697,1.53977,1.53982,1.10,1.00
2014.01.21 23:55:32.254,1.5397,1.53982,1.55,1.38
2014.01.21 23:55:32.542,1.53977,1.53982,1.20,1.00
2014.01.21 23:55:32.644,1.53996,1.54004,2.63,1.00
2014.01.21 23:55:32.746,1.54005,1.54015,1.10,1.38
2014.01.21 23:55:32.797,1.54008,1.54019,2.25,1.00
2014.01.21 23:55:32.859,1.5401,1.54021,1.50,1.00
2014.01.21 23:55:32.961,1.54007,1.54021,1.50,1.00
2014.01.21 23:55:33.013,1.54007,1.54028,1.50,1.38
2014.01.21 23:55:33.626,1.54007,1.54024,1.50,1.00
2014.01.21 23:55:34.321,1.54007,1.54017,1.50,1.00
2014.01.21 23:55:34.626,1.53995,1.5401,2.03,2.63
2014.01.21 23:55:34.926,1.53992,1.54009,2.25,1.13
2014.01.21 23:55:35.038,1.53988,1.54011,1.18,1.20
2014.01.21 23:55:35.139,1.53988,1.54011,1.18,1.20
2014.01.21 23:55:35.443,1.53988,1.54011,1.18,1.39
2014.01.21 23:55:36.020,1.53991,1.54011,1.00,1.39
2014.01.21 23:55:36.273,1.54004,1.54021,1.20,1.00
2014.01.21 23:55:36.805,1.54007,1.54021,1.20,1.00
2014.01.21 23:55:37.462,1.54005,1.54022,3.00,1.00
2014.01.21 23:55:37.564,1.53995,1.5402,1.55,3.00
2014.01.21 23:55:37.666,1.53994,1.5401,1.20,1.00
2014.01.21 23:55:38.220,1.53994,1.5401,1.20,1.00
2014.01.21 23:55:38.403,1.53994,1.5401,1.20,1.00
2014.01.21 23:55:38.657,1.53992,1.5401,1.20,1.00
2014.01.21 23:55:39.210,1.53992,1.5401,1.20,1.00
2014.01.21 23:55:39.463,1.54003,1.54015,1.00,1.15
2014.01.21 23:55:39.514,1.54007,1.54017,3.75,1.73
2014.01.21 23:55:39.667,1.54014,1.54026,1.00,1.18
2014.01.21 23:55:39.819,1.54021,1.54033,1.88,1.00
2014.01.21 23:55:39.870,1.54021,1.54037,1.88,1.50
2014.01.21 23:55:40.023,1.54022,1.54043,2.63,1.00
2014.01.21 23:55:40.074,1.54025,1.54043,1.50,1.00
2014.01.21 23:55:40.176,1.54025,1.54049,1.50,1.10
2014.01.21 23:55:40.277,1.54027,1.54049,3.00,1.10
2014.01.21 23:55:40.833,1.54025,1.54049,2.25,1.10
2014.01.21 23:55:41.652,1.54025,1.54049,2.25,1.48
2014.01.21 23:55:43.374,1.54025,1.54042,1.50,1.00
2014.01.21 23:55:43.678,1.54025,1.54035,1.50,1.00
2014.01.21 23:55:43.830,1.54023,1.5404,1.50,1.00
2014.01.21 23:55:47.465,1.54023,1.5404,1.95,1.00
2014.01.21 23:55:48.688,1.54021,1.5404,1.20,1.00
2014.01.21 23:55:55.673,1.54021,1.54038,1.20,1.00
2014.01.21 23:55:56.001,1.54021,1.5404,1.20,1.00
2014.01.21 23:55:56.903,1.54021,1.54042,1.20,1.10
2014.01.21 23:55:56.954,1.54021,1.54042,1.88,1.10
2014.01.21 23:56:02.164,1.54029,1.54042,1.20,1.00
2014.01.21 23:56:03.634,1.54029,1.54041,1.20,1.00
2014.01.21 23:56:04.082,1.54026,1.54041,1.50,1.00
2014.01.21 23:56:04.616,1.54026,1.5404,1.20,1.00
2014.01.21 23:56:05.796,1.54025,1.5404,1.88,1.00
2014.01.21 23:56:10.173,1.54024,1.5404,1.20,1.00
2014.01.21 23:56:14.962,1.54022,1.54039,1.20,1.00
2014.01.21 23:56:15.166,1.54019,1.54033,1.50,1.00
2014.01.21 23:56:16.718,1.54019,1.54035,1.50,1.00
2014.01.21 23:56:18.553,1.54019,1.54033,1.50,1.00
2014.01.21 23:56:19.047,1.54015,1.54033,3.38,1.00
2014.01.21 23:56:19.758,1.54017,1.54035,1.20,1.00
2014.01.21 23:56:21.072,1.54017,1.54034,1.20,1.00
2014.01.21 23:56:23.712,1.54015,1.54035,3.38,1.00
2014.01.21 23:56:24.880,1.54017,1.54035,3.00,1.00
2014.01.21 23:56:29.302,1.54015,1.54035,1.88,1.00
2014.01.21 23:56:33.774,1.54015,1.54035,1.88,1.13
2014.01.21 23:56:34.711,1.54015,1.54033,1.20,1.00
2014.01.21 23:56:35.396,1.54014,1.54033,1.45,1.00
2014.01.21 23:56:35.447,1.54012,1.54033,1.53,1.00
2014.01.21 23:56:35.855,1.54013,1.54033,2.70,1.38
2014.01.21 23:56:44.383,1.54011,1.54033,1.88,1.38
2014.01.21 23:56:44.691,1.54007,1.54032,1.20,1.53
2014.01.21 23:56:44.894,1.5401,1.54032,1.20,1.55
2014.01.21 23:56:52.092,1.5401,1.54025,1.20,1.00
2014.01.21 23:56:52.295,1.54007,1.54025,1.20,1.00
2014.01.21 23:56:52.449,1.54001,1.54025,1.95,1.18
2014.01.21 23:56:52.500,1.54001,1.54025,1.55,1.83
2014.01.21 23:56:52.703,1.54002,1.5402,1.08,1.00
2014.01.21 23:56:55.403,1.54002,1.54018,1.08,1.00
2014.01.21 23:56:56.481,1.54002,1.54018,1.00,1.00
2014.01.21 23:56:57.954,1.54001,1.54018,1.00,1.00
2014.01.21 23:56:58.871,1.54001,1.54018,1.18,1.00
2014.01.21 23:57:00.609,1.53997,1.54018,1.58,1.00
2014.01.21 23:57:01.206,1.53998,1.54018,1.15,1.38
2014.01.21 23:57:01.599,1.53998,1.54007,1.15,1.00
2014.01.21 23:57:01.853,1.53998,1.54007,1.00,1.00
2014.01.21 23:57:02.369,1.53996,1.54007,1.18,1.00
2014.01.21 23:57:13.345,1.53993,1.54006,1.50,1.13
2014.01.21 23:57:13.497,1.53986,1.54006,1.13,1.28
2014.01.21 23:57:13.548,1.53986,1.54006,1.13,3.45
2014.01.21 23:57:13.852,1.53985,1.54003,1.00,1.20
2014.01.21 23:57:14.409,1.53986,1.54004,1.00,1.20
2014.01.21 23:57:15.022,1.53986,1.54004,1.00,1.20
2014.01.21 23:57:15.211,1.53986,1.54007,1.00,1.20
2014.01.21 23:57:16.101,1.53985,1.53998,1.13,1.00
2014.01.21 23:57:16.304,1.53981,1.53998,1.08,1.38
2014.01.21 23:57:16.575,1.5398,1.53998,1.20,1.38
2014.01.21 23:57:26.541,1.53977,1.53996,1.95,1.00
2014.01.21 23:57:26.593,1.53977,1.53996,1.15,1.38
2014.01.21 23:57:26.902,1.53979,1.53998,1.88,1.38
2014.01.21 23:57:31.056,1.53979,1.53995,1.88,1.00
2014.01.21 23:57:36.884,1.53979,1.53997,1.88,1.00
2014.01.21 23:57:36.935,1.5398,1.53997,3.38,1.00
2014.01.21 23:57:37.544,1.5398,1.53997,3.00,1.38
2014.01.21 23:57:40.746,1.53979,1.53995,1.50,1.13
2014.01.21 23:57:41.371,1.53978,1.53996,1.95,1.00
2014.01.21 23:57:46.585,1.53978,1.53996,1.13,1.18
2014.01.21 23:57:46.779,1.53978,1.53996,1.13,1.83
2014.01.21 23:57:46.880,1.53978,1.53996,1.13,1.15
2014.01.21 23:57:48.239,1.53978,1.53998,1.38,1.58
2014.01.21 23:57:49.661,1.53982,1.54,1.38,3.75
2014.01.21 23:57:49.712,1.53985,1.54,1.13,1.50
2014.01.21 23:57:49.814,1.53985,1.54,1.20,1.00
2014.01.21 23:57:49.915,1.53985,1.54002,1.20,1.00
2014.01.21 23:57:49.966,1.53985,1.54007,1.20,1.53
2014.01.21 23:58:02.736,1.53988,1.54008,1.13,1.13
2014.01.21 23:58:02.838,1.5399,1.54009,1.20,1.00
2014.01.21 23:58:03.239,1.53988,1.54007,1.20,1.00
2014.01.21 23:58:06.361,1.53988,1.54007,1.20,1.00
2014.01.21 23:58:06.463,1.53988,1.54012,1.20,1.95
2014.01.21 23:58:06.566,1.53991,1.54015,1.95,1.20
2014.01.21 23:58:18.310,1.53991,1.54011,1.20,1.00
2014.01.21 23:58:18.978,1.53991,1.5401,1.20,1.00
2014.01.21 23:58:20.401,1.53988,1.54012,2.63,1.15
2014.01.21 23:58:22.090,1.53988,1.54009,2.63,1.00
2014.01.21 23:58:22.293,1.53987,1.54009,1.53,1.10
2014.01.21 23:58:23.104,1.53988,1.54012,1.20,1.53
2014.01.21 23:58:25.469,1.53988,1.54009,1.20,1.00
2014.01.21 23:58:26.498,1.53988,1.54011,1.20,1.28
2014.01.21 23:58:38.393,1.53991,1.5401,1.20,1.00
2014.01.21 23:58:42.321,1.53991,1.5401,1.20,1.00
2014.01.21 23:58:42.422,1.53991,1.54012,1.20,1.10
2014.01.21 23:58:42.927,1.53989,1.54012,1.20,1.18
2014.01.21 23:58:43.499,1.53989,1.5401,1.20,1.00
2014.01.21 23:58:44.000,1.53989,1.5401,1.20,1.00
2014.01.21 23:58:44.560,1.53989,1.54009,1.20,1.00
2014.01.21 23:58:50.101,1.5399,1.54013,1.95,1.20
2014.01.21 23:58:50.271,1.5399,1.54015,1.95,1.53
2014.01.21 23:58:50.796,1.5399,1.54011,1.20,1.00
2014.01.21 23:58:52.647,1.5399,1.54007,1.20,1.00
2014.01.21 23:58:52.950,1.53984,1.54,2.22,1.00
2014.01.21 23:58:53.007,1.53988,1.54011,1.50,1.55
2014.01.21 23:58:53.158,1.53988,1.54011,1.88,1.55
2014.01.21 23:58:53.349,1.53989,1.54011,1.20,1.55
2014.01.21 23:58:55.932,1.5399,1.54014,1.83,1.20
