2011.08.19 04:00:03.118,1.38128,1.38157,1.48,1.50
2011.08.19 04:00:08.666,1.38133,1.38163,1.48,1.50
2011.08.19 04:00:10.945,1.38133,1.38161,1.48,1.50
2011.08.19 04:00:12.508,1.38131,1.38157,1.48,1.50
2011.08.19 04:00:12.630,1.3813,1.38153,1.48,2.40
2011.08.19 04:00:13.077,1.38127,1.38153,1.48,3.15
2011.08.19 04:00:13.819,1.38127,1.38148,1.48,2.40
2011.08.19 04:00:14.048,1.38122,1.38148,1.48,1.35
2011.08.19 04:00:18.130,1.38119,1.38146,1.48,1.50
2011.08.19 04:00:18.247,1.38117,1.38146,1.48,1.50
2011.08.19 04:00:26.258,1.38119,1.38147,1.48,1.50
2011.08.19 04:00:26.816,1.38117,1.38146,1.48,2.40
2011.08.19 04:00:31.177,1.38115,1.38143,1.48,1.50
2011.08.19 04:00:31.696,1.38114,1.38143,1.48,1.50
2011.08.19 04:00:33.398,1.38115,1.38143,1.48,1.50
2011.08.19 04:00:33.630,1.3812,1.38148,1.48,1.50
2011.08.19 04:00:34.187,1.38122,1.38148,1.48,1.50
2011.08.19 04:00:34.911,1.38125,1.38153,2.08,1.50
2011.08.19 04:00:35.357,1.38125,1.38157,2.83,1.50
2011.08.19 04:00:35.697,1.38127,1.38157,1.48,1.50
2011.08.19 04:00:36.038,1.38127,1.38151,1.48,1.65
2011.08.19 04:00:36.377,1.38127,1.38151,2.23,2.40
2011.08.19 04:00:37.455,1.38128,1.38151,1.48,2.40
2011.08.19 04:00:37.707,1.38126,1.3815,1.48,1.50
2011.08.19 04:00:37.828,1.38125,1.38144,1.48,1.65
2011.08.19 04:00:38.055,1.3812,1.38144,1.48,1.65
2011.08.19 04:00:38.166,1.38118,1.38144,1.33,2.40
2011.08.19 04:00:38.607,1.38118,1.38144,1.33,3.15
2011.08.19 04:00:38.727,1.38114,1.38137,1.48,2.40
2011.08.19 04:00:38.846,1.38115,1.38137,1.48,1.65
2011.08.19 04:00:39.828,1.38115,1.38137,1.48,2.40
2011.08.19 04:00:40.057,1.38112,1.38136,1.48,1.50
2011.08.19 04:00:41.007,1.38112,1.38131,1.48,1.65
2011.08.19 04:00:41.521,1.38106,1.38131,2.23,1.65
2011.08.19 04:00:43.756,1.38107,1.38131,1.48,1.65
2011.08.19 04:00:44.088,1.38111,1.38131,1.48,2.40
2011.08.19 04:00:44.316,1.38106,1.38132,1.48,1.65
2011.08.19 04:00:44.997,1.38106,1.38132,1.48,2.40
2011.08.19 04:00:50.027,1.38106,1.38132,1.48,1.65
2011.08.19 04:00:50.257,1.38106,1.38132,1.48,2.40
2011.08.19 04:00:50.378,1.38106,1.38132,1.48,1.65
2011.08.19 04:00:55.336,1.38105,1.38132,1.48,2.40
2011.08.19 04:00:55.449,1.38101,1.38124,1.35,1.65
2011.08.19 04:00:55.679,1.38104,1.38131,2.23,3.15
2011.08.19 04:00:56.017,1.38105,1.3813,1.48,1.65
2011.08.19 04:00:56.246,1.38105,1.3813,1.48,1.65
2011.08.19 04:00:58.609,1.38105,1.3813,1.48,2.40
2011.08.19 04:00:58.949,1.381,1.38122,1.48,1.65
2011.08.19 04:00:59.070,1.38097,1.38121,1.48,1.65
2011.08.19 04:01:00.897,1.38097,1.3812,1.48,1.65
2011.08.19 04:01:01.127,1.38096,1.3812,1.48,1.65
2011.08.19 04:01:01.247,1.38093,1.38118,1.35,1.50
2011.08.19 04:01:01.476,1.38091,1.38118,1.48,2.10
2011.08.19 04:01:03.946,1.38091,1.38118,1.48,1.50
2011.08.19 04:01:11.591,1.38091,1.38118,1.48,1.50
2011.08.19 04:01:11.819,1.38091,1.38118,1.48,1.50
2011.08.19 04:01:12.676,1.38091,1.38118,1.48,1.50
2011.08.19 04:01:17.497,1.38096,1.38123,1.48,3.15
2011.08.19 04:01:17.618,1.38096,1.38115,1.48,1.65
2011.08.19 04:01:18.178,1.38096,1.3812,1.48,1.50
2011.08.19 04:01:18.749,1.38096,1.38122,1.48,3.15
2011.08.19 04:01:19.645,1.38096,1.38115,1.48,1.65
2011.08.19 04:01:19.977,1.38095,1.38115,1.48,2.40
2011.08.19 04:01:20.096,1.38096,1.38115,1.48,2.40
2011.08.19 04:01:25.268,1.38088,1.38115,1.48,3.90
2011.08.19 04:01:25.389,1.38088,1.38112,1.48,2.10
2011.08.19 04:01:25.835,1.38085,1.3811,1.48,1.35
2011.08.19 04:01:26.905,1.38085,1.38111,1.48,2.40
2011.08.19 04:01:27.238,1.38085,1.38112,1.48,1.50
2011.08.19 04:01:32.038,1.38085,1.3811,1.48,1.35
2011.08.19 04:01:36.870,1.38088,1.38112,1.48,2.40
2011.08.19 04:01:37.098,1.38088,1.38118,2.08,2.40
2011.08.19 04:01:37.330,1.38097,1.38123,1.48,1.35
2011.08.19 04:01:37.778,1.38096,1.38125,1.48,2.10
2011.08.19 04:01:37.902,1.38096,1.38125,1.48,1.35
2011.08.19 04:01:38.240,1.38099,1.38126,1.48,1.50
2011.08.19 04:01:38.825,1.38108,1.38128,1.35,1.50
2011.08.19 04:01:39.158,1.38099,1.38129,1.48,1.50
2011.08.19 04:01:39.609,1.38103,1.3813,1.48,2.25
2011.08.19 04:01:39.729,1.38103,1.3813,1.48,2.25
2011.08.19 04:01:39.852,1.38099,1.38125,1.48,1.50
2011.08.19 04:01:40.296,1.38099,1.38125,1.48,1.50
2011.08.19 04:01:41.647,1.38097,1.38125,1.50,1.50
2011.08.19 04:01:50.269,1.38095,1.38122,2.08,1.50
2011.08.19 04:01:51.120,1.38095,1.38122,2.08,1.50
2011.08.19 04:01:51.246,1.38098,1.38124,1.48,1.50
2011.08.19 04:01:51.559,1.38098,1.38126,1.48,3.15
2011.08.19 04:01:51.898,1.38098,1.38126,1.48,3.15
2011.08.19 04:01:52.023,1.38098,1.38126,1.48,3.15
2011.08.19 04:01:52.467,1.38098,1.38124,1.48,1.35
2011.08.19 04:01:53.888,1.38092,1.38119,1.48,1.50
2011.08.19 04:01:54.227,1.38092,1.38117,1.48,2.40
2011.08.19 04:01:54.346,1.38092,1.38117,1.48,2.40
2011.08.19 04:01:55.258,1.38089,1.38117,1.50,2.40
2011.08.19 04:01:55.659,1.38088,1.38115,1.48,1.50
2011.08.19 04:01:58.119,1.38088,1.38115,1.48,1.50
2011.08.19 04:01:58.456,1.38093,1.38117,1.48,1.50
2011.08.19 04:01:58.566,1.38093,1.38119,1.48,3.15
2011.08.19 04:01:59.408,1.38093,1.38119,1.48,3.15
2011.08.19 04:01:59.753,1.38108,1.3813,3.00,1.50
2011.08.19 04:01:59.982,1.38109,1.38122,1.35,1.50
2011.08.19 04:02:00.102,1.38105,1.38122,1.35,2.25
2011.08.19 04:02:00.218,1.38109,1.38134,1.35,1.50
2011.08.19 04:02:00.449,1.3811,1.38137,1.48,1.50
2011.08.19 04:02:01.153,1.38119,1.38145,2.08,1.50
2011.08.19 04:02:01.297,1.38127,1.38152,1.48,1.50
2011.08.19 04:02:01.422,1.38128,1.38153,1.48,2.40
2011.08.19 04:02:02.307,1.38133,1.38157,1.48,1.50
2011.08.19 04:02:02.428,1.38133,1.3816,1.48,1.50
2011.08.19 04:02:03.100,1.38133,1.38158,1.48,1.50
2011.08.19 04:02:03.548,1.3813,1.38156,2.40,2.25
2011.08.19 04:02:04.068,1.38129,1.38158,1.48,1.50
2011.08.19 04:02:04.192,1.38129,1.38163,2.23,1.50
2011.08.19 04:02:04.641,1.38135,1.38163,1.48,1.50
2011.08.19 04:02:05.093,1.38137,1.38165,1.48,1.50
2011.08.19 04:02:05.210,1.38138,1.38164,1.48,1.50
2011.08.19 04:02:05.768,1.38138,1.38164,1.48,1.50
2011.08.19 04:02:06.222,1.38138,1.38164,1.48,1.50
2011.08.19 04:02:08.260,1.38142,1.38167,1.50,1.35
2011.08.19 04:02:08.488,1.38144,1.38167,1.48,1.35
2011.08.19 04:02:08.827,1.38144,1.38172,3.73,2.25
2011.08.19 04:02:11.360,1.38144,1.38171,2.98,1.50
2011.08.19 04:02:12.290,1.38142,1.3817,2.23,2.10
2011.08.19 04:02:12.628,1.38143,1.38167,1.48,2.40
2011.08.19 04:02:13.239,1.38142,1.38166,1.48,1.50
2011.08.19 04:02:15.017,1.38142,1.38166,1.48,1.50
2011.08.19 04:02:15.758,1.38144,1.38169,1.48,1.50
2011.08.19 04:02:17.618,1.38145,1.38169,1.48,1.50
2011.08.19 04:02:17.956,1.38145,1.38169,1.48,1.50
2011.08.19 04:02:18.299,1.38148,1.38173,1.48,3.15
2011.08.19 04:02:18.418,1.38149,1.38173,1.48,3.15
2011.08.19 04:02:20.061,1.38146,1.38173,1.48,1.50
2011.08.19 04:02:20.288,1.38147,1.38173,1.48,1.50
2011.08.19 04:02:20.783,1.38146,1.38173,2.23,1.50
2011.08.19 04:02:21.999,1.38146,1.38173,1.48,1.50
2011.08.19 04:02:22.558,1.38143,1.38172,1.48,1.50
2011.08.19 04:02:22.677,1.38141,1.38171,2.23,1.50
2011.08.19 04:02:28.448,1.38141,1.38169,1.48,1.50
2011.08.19 04:02:28.790,1.38138,1.38158,1.48,1.35
2011.08.19 04:02:29.020,1.38127,1.38158,2.23,1.35
2011.08.19 04:02:29.249,1.38129,1.38158,1.48,1.35
2011.08.19 04:02:29.957,1.38128,1.38159,1.48,1.35
2011.08.19 04:02:30.072,1.38143,1.38174,1.48,1.50
2011.08.19 04:02:30.301,1.38143,1.38175,1.48,6.15
2011.08.19 04:02:30.421,1.3814,1.3817,1.48,1.50
2011.08.19 04:02:30.757,1.38138,1.38167,1.48,1.50
2011.08.19 04:02:31.098,1.38138,1.38169,1.48,2.25
2011.08.19 04:02:32.533,1.38138,1.38166,1.48,1.50
2011.08.19 04:02:34.391,1.38141,1.3817,1.48,1.50
2011.08.19 04:02:37.907,1.38142,1.3817,1.48,2.25
2011.08.19 04:02:39.363,1.38146,1.38171,1.48,1.50
2011.08.19 04:02:39.482,1.38149,1.3818,1.48,1.50
2011.08.19 04:02:40.039,1.38146,1.38176,1.48,1.50
2011.08.19 04:02:40.160,1.38145,1.38176,2.23,1.50
2011.08.19 04:02:40.281,1.38145,1.38175,1.48,1.50
2011.08.19 04:02:40.508,1.38145,1.38176,1.48,2.25
2011.08.19 04:02:43.089,1.38145,1.38175,1.48,1.50
2011.08.19 04:02:43.582,1.38146,1.38175,1.48,1.50
2011.08.19 04:02:43.708,1.38151,1.38179,1.48,2.25
2011.08.19 04:02:45.187,1.38151,1.3818,1.48,1.50
2011.08.19 04:02:45.766,1.38154,1.38182,1.48,1.50
2011.08.19 04:02:52.528,1.38156,1.38185,1.48,1.50
2011.08.19 04:02:52.759,1.38157,1.38185,1.48,1.50
2011.08.19 04:02:54.128,1.38157,1.38184,1.48,1.50
2011.08.19 04:02:54.247,1.38155,1.38179,1.48,1.50
2011.08.19 04:02:54.478,1.38152,1.38179,1.48,1.50
2011.08.19 04:02:57.483,1.38152,1.38182,1.48,1.50
2011.08.19 04:02:57.708,1.38155,1.38186,1.48,1.50
2011.08.19 04:02:58.266,1.38155,1.38186,1.48,1.50
2011.08.19 04:03:00.757,1.38173,1.38195,1.33,1.50
2011.08.19 04:03:00.869,1.38175,1.38201,1.35,1.50
2011.08.19 04:03:00.991,1.38168,1.38195,1.48,1.50
2011.08.19 04:03:01.441,1.38163,1.38189,1.35,1.50
2011.08.19 04:03:01.669,1.38162,1.38189,1.33,1.50
2011.08.19 04:03:14.257,1.38163,1.38186,1.35,1.50
2011.08.19 04:03:14.708,1.38162,1.38187,1.33,1.50
2011.08.19 04:03:19.232,1.38159,1.38186,1.48,1.35
2011.08.19 04:03:19.569,1.38159,1.38184,1.48,1.35
2011.08.19 04:03:19.688,1.38157,1.38183,2.23,1.50
2011.08.19 04:03:20.028,1.38157,1.38181,1.48,2.40
2011.08.19 04:03:20.260,1.38157,1.38181,1.48,2.40
2011.08.19 04:03:20.773,1.38153,1.3818,1.48,1.50
2011.08.19 04:03:20.886,1.38153,1.3818,1.48,1.50
2011.08.19 04:03:22.606,1.38153,1.3818,1.48,1.50
2011.08.19 04:03:24.558,1.38154,1.38182,1.48,1.50
2011.08.19 04:03:24.678,1.38155,1.38184,1.48,1.35
2011.08.19 04:03:25.299,1.38155,1.38182,1.48,1.50
2011.08.19 04:03:30.421,1.38152,1.38179,1.48,1.50
2011.08.19 04:03:31.174,1.38153,1.38176,1.48,2.40
2011.08.19 04:03:31.309,1.38149,1.3818,1.48,1.50
2011.08.19 04:03:31.540,1.38155,1.3818,1.48,1.50
2011.08.19 04:03:31.772,1.38158,1.38186,1.35,1.50
2011.08.19 04:03:31.889,1.3816,1.38185,1.48,1.50
2011.08.19 04:03:32.446,1.3816,1.38188,1.48,1.50
2011.08.19 04:03:32.615,1.38162,1.38188,1.48,1.50
2011.08.19 04:03:32.947,1.38166,1.38193,1.48,2.10
2011.08.19 04:03:33.508,1.38166,1.38193,1.48,1.50
2011.08.19 04:03:33.958,1.38162,1.38189,1.48,1.50
2011.08.19 04:03:34.301,1.38153,1.38173,2.23,1.65
2011.08.19 04:03:34.418,1.38153,1.38171,2.23,1.65
2011.08.19 04:03:34.986,1.38141,1.38172,2.23,1.50
2011.08.19 04:03:35.537,1.38143,1.38171,1.33,1.50
2011.08.19 04:03:38.839,1.38146,1.38171,1.48,2.25
2011.08.19 04:03:39.177,1.38152,1.38177,1.35,1.50
2011.08.19 04:03:39.407,1.38153,1.38178,1.48,1.50
2011.08.19 04:03:42.260,1.38148,1.38179,1.48,1.50
2011.08.19 04:03:42.379,1.38148,1.38177,1.48,1.50
2011.08.19 04:03:42.719,1.38148,1.38177,2.23,1.50
2011.08.19 04:03:45.277,1.38148,1.38174,1.48,1.35
2011.08.19 04:03:45.616,1.38148,1.38174,1.48,1.35
2011.08.19 04:03:45.840,1.38148,1.38174,1.48,1.35
2011.08.19 04:03:46.072,1.38148,1.38173,1.48,1.50
2011.08.19 04:03:46.298,1.38148,1.38174,1.48,1.35
2011.08.19 04:03:47.617,1.38153,1.38174,1.48,1.35
2011.08.19 04:03:47.846,1.38147,1.38174,1.48,1.35
2011.08.19 04:03:48.290,1.38147,1.38166,1.48,1.35
2011.08.19 04:03:48.407,1.38133,1.38163,1.48,2.10
2011.08.19 04:03:48.528,1.38131,1.38161,1.48,1.50
2011.08.19 04:03:48.866,1.38131,1.38163,1.48,2.10
2011.08.19 04:03:49.708,1.38136,1.38163,1.48,1.50
2011.08.19 04:03:52.196,1.38135,1.38165,1.48,1.50
2011.08.19 04:03:53.276,1.38138,1.38165,1.48,1.50
2011.08.19 04:03:53.610,1.38138,1.38164,1.48,2.25
2011.08.19 04:03:54.193,1.3814,1.38169,1.48,1.50
2011.08.19 04:03:54.317,1.38147,1.38175,1.48,1.50
2011.08.19 04:03:56.058,1.38144,1.38171,1.48,1.50
2011.08.19 04:03:56.399,1.3814,1.38149,1.50,1.65
2011.08.19 04:03:56.629,1.38113,1.38143,1.48,1.50
2011.08.19 04:03:56.749,1.38119,1.38148,1.48,1.50
2011.08.19 04:03:57.096,1.38119,1.38148,1.48,1.50
2011.08.19 04:03:57.647,1.38119,1.38147,1.48,1.50
2011.08.19 04:03:58.293,1.38119,1.38144,1.48,1.50
2011.08.19 04:03:58.520,1.38117,1.3815,1.48,1.50
2011.08.19 04:03:59.033,1.38116,1.38154,2.98,1.50
2011.08.19 04:03:59.149,1.38121,1.38153,1.48,1.50
2011.08.19 04:03:59.700,1.38121,1.38153,1.48,1.50
2011.08.19 04:04:00.307,1.38121,1.38154,1.48,1.50
2011.08.19 04:04:02.986,1.38126,1.38159,1.48,2.40
2011.08.19 04:04:05.021,1.38128,1.38159,1.48,2.40
2011.08.19 04:04:05.140,1.38133,1.38165,1.48,2.40
2011.08.19 04:04:05.652,1.38142,1.38164,1.50,2.40
2011.08.19 04:04:06.213,1.38142,1.38172,2.23,2.40
2011.08.19 04:04:07.395,1.38142,1.38172,1.48,2.40
2011.08.19 04:04:07.616,1.38142,1.38172,1.48,2.40
2011.08.19 04:04:08.268,1.38142,1.38169,1.48,1.35
2011.08.19 04:04:08.497,1.38134,1.38169,2.08,1.35
2011.08.19 04:04:08.827,1.38134,1.38169,2.08,3.00
2011.08.19 04:04:09.278,1.38137,1.38171,1.35,2.40
2011.08.19 04:04:09.510,1.38137,1.38171,1.35,2.40
2011.08.19 04:04:09.899,1.3814,1.38171,1.48,2.40
2011.08.19 04:04:10.236,1.38139,1.38165,1.48,1.35
2011.08.19 04:04:10.567,1.38136,1.38165,1.48,1.35
2011.08.19 04:04:10.907,1.38136,1.38165,1.48,1.35
2011.08.19 04:04:11.579,1.38136,1.38165,1.48,1.35
2011.08.19 04:04:11.920,1.38133,1.38165,1.48,1.35
2011.08.19 04:04:12.150,1.38129,1.38155,1.48,1.35
2011.08.19 04:04:12.267,1.38127,1.38155,1.48,1.35
2011.08.19 04:04:12.829,1.38126,1.38155,1.48,1.35
2011.08.19 04:04:13.436,1.38125,1.38155,1.48,1.35
2011.08.19 04:04:13.565,1.38111,1.38139,1.48,2.40
2011.08.19 04:04:13.678,1.38109,1.38139,1.48,2.40
2011.08.19 04:04:14.018,1.38104,1.38139,1.48,3.15
2011.08.19 04:04:14.139,1.38104,1.38136,1.48,2.40
2011.08.19 04:04:14.258,1.381,1.38136,1.48,3.15
2011.08.19 04:04:14.382,1.38105,1.38135,1.35,1.50
2011.08.19 04:04:14.720,1.38109,1.38142,1.48,2.10
2011.08.19 04:04:14.839,1.38107,1.38142,1.48,2.10
2011.08.19 04:04:14.958,1.38107,1.38133,1.48,3.75
2011.08.19 04:04:15.188,1.38097,1.38128,1.48,1.35
2011.08.19 04:04:15.308,1.38093,1.38124,1.48,2.40
2011.08.19 04:04:15.427,1.38093,1.38124,1.48,2.40
2011.08.19 04:04:17.946,1.38091,1.38123,2.08,2.40
2011.08.19 04:04:21.149,1.38091,1.38119,1.48,1.35
2011.08.19 04:04:21.383,1.3809,1.38122,1.35,1.50
2011.08.19 04:04:21.499,1.38093,1.38122,1.50,1.50
2011.08.19 04:04:21.838,1.38096,1.38128,1.48,1.35
2011.08.19 04:04:22.397,1.38097,1.38134,1.50,1.50
2011.08.19 04:04:22.519,1.381,1.38134,1.48,1.50
2011.08.19 04:04:22.967,1.38095,1.38133,2.23,1.50
2011.08.19 04:04:23.211,1.3809,1.38128,1.48,1.50
2011.08.19 04:04:23.330,1.38091,1.38127,1.48,1.50
2011.08.19 04:04:23.666,1.38092,1.38124,1.48,1.50
2011.08.19 04:04:24.512,1.38092,1.38124,1.48,1.50
2011.08.19 04:04:31.388,1.38104,1.38133,1.50,1.50
2011.08.19 04:04:31.507,1.38106,1.38137,1.48,1.50
2011.08.19 04:04:33.197,1.3811,1.38137,1.35,1.50
2011.08.19 04:04:33.717,1.38122,1.38145,1.35,1.50
2011.08.19 04:04:33.842,1.38122,1.38149,1.35,1.50
2011.08.19 04:04:36.234,1.38118,1.38146,3.13,1.35
2011.08.19 04:04:36.348,1.38118,1.38145,1.48,2.40
2011.08.19 04:04:36.906,1.38118,1.38144,1.48,2.40
2011.08.19 04:04:38.679,1.3812,1.38144,1.35,2.40
2011.08.19 04:04:39.489,1.38121,1.3815,1.48,1.50
2011.08.19 04:04:39.615,1.38119,1.3815,2.23,1.50
2011.08.19 04:04:39.732,1.38119,1.38154,1.48,1.50
2011.08.19 04:04:39.960,1.38119,1.38154,1.48,1.50
2011.08.19 04:04:40.739,1.38113,1.38142,1.48,2.25
2011.08.19 04:04:40.967,1.38105,1.38136,1.48,1.50
2011.08.19 04:04:42.437,1.38105,1.38136,1.48,1.50
2011.08.19 04:04:42.847,1.38105,1.38136,1.48,1.50
2011.08.19 04:04:43.067,1.38105,1.38136,1.48,1.50
2011.08.19 04:04:43.654,1.38099,1.38134,1.48,1.50
2011.08.19 04:04:56.158,1.381,1.38138,2.23,1.50
2011.08.19 04:04:56.498,1.38108,1.38142,2.40,1.50
2011.08.19 04:04:57.150,1.38108,1.38139,2.40,1.13
2011.08.19 04:04:57.488,1.38099,1.38132,1.48,2.40
2011.08.19 04:04:57.718,1.38099,1.38137,1.48,1.50
2011.08.19 04:04:58.058,1.381,1.38137,1.48,1.50
2011.08.19 04:05:00.717,1.381,1.38136,1.48,1.50
2011.08.19 04:05:01.268,1.38098,1.38129,1.48,1.50
2011.08.19 04:05:01.389,1.38098,1.38131,1.48,2.25
2011.08.19 04:05:01.728,1.38094,1.38127,1.48,1.50
2011.08.19 04:05:02.066,1.38088,1.38128,1.48,1.50
2011.08.19 04:05:02.177,1.38088,1.38126,1.48,3.15
2011.08.19 04:05:02.940,1.38088,1.38123,1.48,1.50
2011.08.19 04:05:03.166,1.38086,1.38123,1.48,1.50
2011.08.19 04:05:07.579,1.38086,1.38123,2.23,1.50
2011.08.19 04:05:07.809,1.38092,1.38124,1.50,1.50
2011.08.19 04:05:08.368,1.38092,1.38125,1.50,1.50
2011.08.19 04:05:09.308,1.38093,1.38125,1.48,1.50
2011.08.19 04:05:13.976,1.38093,1.38125,2.23,1.50
2011.08.19 04:05:15.707,1.38092,1.38125,1.48,1.50
2011.08.19 04:05:22.217,1.38088,1.38126,1.48,1.50
2011.08.19 04:05:30.570,1.38088,1.38123,1.48,1.50
2011.08.19 04:05:31.126,1.38088,1.38122,1.48,1.50
2011.08.19 04:05:33.978,1.38095,1.38123,1.33,1.50
2011.08.19 04:05:34.207,1.38095,1.38127,1.33,1.50
2011.08.19 04:05:34.994,1.38095,1.38127,1.33,1.50
2011.08.19 04:05:38.067,1.38095,1.38129,2.08,1.50
2011.08.19 04:05:38.408,1.38098,1.38132,1.48,1.50
2011.08.19 04:05:38.870,1.38101,1.38137,1.48,1.50
2011.08.19 04:05:43.116,1.38101,1.38136,1.48,1.50
2011.08.19 04:05:43.337,1.38102,1.38136,2.23,1.50
2011.08.19 04:05:43.889,1.38107,1.38139,1.48,1.50
2011.08.19 04:05:45.419,1.38107,1.3814,1.48,2.25
2011.08.19 04:05:47.250,1.38107,1.38139,1.48,1.13
2011.08.19 04:05:47.368,1.38106,1.38132,1.48,2.25
2011.08.19 04:05:47.492,1.381,1.38132,1.48,2.25
2011.08.19 04:05:47.608,1.38098,1.38134,1.48,1.35
2011.08.19 04:05:47.728,1.38098,1.38131,1.48,1.35
2011.08.19 04:05:48.177,1.38096,1.38129,1.35,1.50
2011.08.19 04:05:48.408,1.38095,1.3813,1.33,1.50
2011.08.19 04:05:48.530,1.38095,1.38129,1.33,1.50
2011.08.19 04:05:48.869,1.3809,1.38123,1.48,3.00
2011.08.19 04:05:49.097,1.38087,1.38119,1.48,1.35
2011.08.19 04:05:49.548,1.38082,1.38117,1.33,2.25
2011.08.19 04:05:49.888,1.38077,1.38108,2.83,1.50
2011.08.19 04:05:51.707,1.38074,1.38108,1.48,1.50
2011.08.19 04:05:51.936,1.38073,1.38107,1.48,1.50
2011.08.19 04:05:52.268,1.38071,1.38105,1.48,1.50
2011.08.19 04:05:52.827,1.38072,1.38105,1.48,1.50
2011.08.19 04:06:03.598,1.38072,1.38105,1.48,1.50
2011.08.19 04:06:03.936,1.38072,1.38105,1.48,1.50
2011.08.19 04:06:07.580,1.38072,1.38105,1.48,1.50
2011.08.19 04:06:08.278,1.38072,1.38105,1.48,1.50
2011.08.19 04:06:08.898,1.38072,1.38105,1.48,1.50
2011.08.19 04:06:15.768,1.38072,1.38105,2.23,1.50
2011.08.19 04:06:16.220,1.38082,1.38109,1.35,1.50
2011.08.19 04:06:16.337,1.38082,1.38111,1.35,1.50
2011.08.19 04:06:16.458,1.38082,1.38113,1.35,1.50
2011.08.19 04:06:16.688,1.38082,1.38113,1.35,1.50
2011.08.19 04:06:17.028,1.38084,1.38117,1.50,2.10
2011.08.19 04:06:17.149,1.38087,1.38117,1.50,2.10
2011.08.19 04:06:17.377,1.38084,1.38117,1.48,2.85
2011.08.19 04:06:17.610,1.38085,1.38117,1.48,2.10
2011.08.19 04:06:18.410,1.38085,1.38117,1.48,2.10
2011.08.19 04:06:20.370,1.38085,1.38116,1.48,1.50
2011.08.19 04:06:21.063,1.38083,1.3811,1.35,2.40
2011.08.19 04:06:21.181,1.38083,1.38113,1.35,1.50
2011.08.19 04:06:22.178,1.38081,1.38112,1.48,1.35
2011.08.19 04:06:23.947,1.38076,1.3811,1.48,1.35
2011.08.19 04:06:25.186,1.38078,1.3811,1.50,1.35
2011.08.19 04:06:26.008,1.38079,1.38112,1.48,1.35
2011.08.19 04:06:28.718,1.38079,1.38112,1.48,1.35
2011.08.19 04:06:29.058,1.38086,1.38113,1.35,2.25
2011.08.19 04:06:29.289,1.38086,1.38115,1.35,1.65
2011.08.19 04:06:29.519,1.38094,1.38122,1.35,1.50
2011.08.19 04:06:29.640,1.38096,1.38128,1.35,2.25
2011.08.19 04:06:30.199,1.38089,1.38126,2.23,1.50
2011.08.19 04:06:31.469,1.38089,1.38126,1.48,1.50
2011.08.19 04:06:43.910,1.38088,1.38115,2.23,2.10
2011.08.19 04:06:44.248,1.38086,1.3811,1.48,1.65
2011.08.19 04:06:44.367,1.38086,1.38118,1.48,1.50
2011.08.19 04:06:44.599,1.38085,1.3812,2.23,1.50
2011.08.19 04:06:44.718,1.38091,1.3812,1.35,1.50
2011.08.19 04:06:45.163,1.38095,1.38124,1.35,1.50
2011.08.19 04:06:45.282,1.38095,1.38126,1.35,1.50
2011.08.19 04:06:46.257,1.38093,1.38126,1.48,2.25
2011.08.19 04:06:46.378,1.38093,1.38117,1.48,1.50
2011.08.19 04:06:46.717,1.38086,1.3811,1.48,2.40
2011.08.19 04:06:47.058,1.38086,1.38121,1.48,1.50
2011.08.19 04:06:48.008,1.38086,1.38118,1.48,1.50
2011.08.19 04:06:48.610,1.38084,1.38116,1.50,2.40
2011.08.19 04:06:48.729,1.38082,1.38116,1.48,3.15
2011.08.19 04:06:51.298,1.38082,1.38115,1.48,2.40
2011.08.19 04:06:51.944,1.38086,1.38117,1.48,2.10
2011.08.19 04:06:54.288,1.38088,1.38118,1.48,1.65
2011.08.19 04:06:54.409,1.38088,1.38123,1.48,1.50
2011.08.19 04:06:54.528,1.3809,1.38125,1.48,1.50
2011.08.19 04:06:54.648,1.38096,1.38129,1.48,1.50
2011.08.19 04:06:56.937,1.38102,1.38137,1.48,1.50
2011.08.19 04:06:57.166,1.38102,1.38137,1.48,1.50
2011.08.19 04:06:58.178,1.38104,1.38137,1.48,1.50
2011.08.19 04:06:58.521,1.38103,1.38129,1.48,2.40
2011.08.19 04:06:58.638,1.38104,1.38129,1.48,1.65
2011.08.19 04:06:59.070,1.38104,1.38137,1.48,1.50
2011.08.19 04:06:59.198,1.38109,1.38141,1.48,1.50
2011.08.19 04:07:00.034,1.38109,1.38128,1.48,2.25
2011.08.19 04:07:00.261,1.38105,1.38135,1.48,3.00
2011.08.19 04:07:00.487,1.38102,1.38135,1.48,1.50
2011.08.19 04:07:00.926,1.38102,1.38135,1.48,1.50
2011.08.19 04:07:01.378,1.38102,1.38132,1.48,2.25
2011.08.19 04:07:01.717,1.38102,1.38122,1.48,2.40
2011.08.19 04:07:01.837,1.38099,1.38122,1.48,2.40
2011.08.19 04:07:02.277,1.38098,1.38122,1.48,1.65
2011.08.19 04:07:02.400,1.38097,1.38125,1.50,2.10
2011.08.19 04:07:02.518,1.38094,1.38125,1.48,1.35
2011.08.19 04:07:02.747,1.38094,1.38128,1.48,1.50
2011.08.19 04:07:03.855,1.38094,1.38109,1.48,1.65
2011.08.19 04:07:03.970,1.38091,1.38109,2.23,2.25
2011.08.19 04:07:04.633,1.38088,1.3811,1.48,1.65
2011.08.19 04:07:04.753,1.38081,1.38116,1.48,2.25
2011.08.19 04:07:05.088,1.38077,1.38111,2.23,1.50
2011.08.19 04:07:05.317,1.38077,1.38111,1.48,1.50
2011.08.19 04:07:05.970,1.38077,1.38111,1.48,1.50
2011.08.19 04:07:06.197,1.38077,1.38112,2.23,1.35
2011.08.19 04:07:06.538,1.38077,1.3811,1.48,1.50
2011.08.19 04:07:06.888,1.38079,1.38113,3.13,1.50
2011.08.19 04:07:07.228,1.38079,1.38113,3.13,1.50
2011.08.19 04:07:09.327,1.38084,1.38115,1.48,3.75
2011.08.19 04:07:09.556,1.38084,1.38115,1.48,3.75
2011.08.19 04:07:09.887,1.3809,1.38121,1.48,1.35
2011.08.19 04:07:10.009,1.38092,1.38125,2.25,1.50
2011.08.19 04:07:10.240,1.38095,1.38128,1.48,1.50
2011.08.19 04:07:10.978,1.38095,1.38128,1.48,1.50
2011.08.19 04:07:12.104,1.38095,1.38115,1.48,1.65
2011.08.19 04:07:12.330,1.38095,1.38115,1.48,1.65
2011.08.19 04:07:12.558,1.38107,1.38121,1.65,1.50
2011.08.19 04:07:12.902,1.381,1.38127,1.35,1.65
2011.08.19 04:07:13.021,1.381,1.38127,1.35,2.40
2011.08.19 04:07:13.357,1.38103,1.38135,2.40,1.35
2011.08.19 04:07:14.635,1.381,1.3813,1.35,1.65
2011.08.19 04:07:14.968,1.38099,1.38129,1.48,1.50
2011.08.19 04:07:15.088,1.38099,1.38124,1.48,2.25
2011.08.19 04:07:15.209,1.38094,1.38124,1.48,3.00
2011.08.19 04:07:17.527,1.38095,1.38124,1.48,3.75
2011.08.19 04:07:17.759,1.38089,1.38116,1.35,2.40
2011.08.19 04:07:18.097,1.38089,1.38122,1.35,1.13
2011.08.19 04:07:18.327,1.38094,1.38124,1.48,2.10
2011.08.19 04:07:18.437,1.38093,1.38127,1.48,2.10
2011.08.19 04:07:18.548,1.38093,1.38126,1.48,2.10
2011.08.19 04:07:20.669,1.38094,1.38126,1.48,2.10
2011.08.19 04:07:20.790,1.38094,1.38125,1.48,1.35
2011.08.19 04:07:21.020,1.38088,1.3812,1.48,3.75
2011.08.19 04:07:21.359,1.38085,1.38119,1.35,1.50
2011.08.19 04:07:21.826,1.38085,1.38116,1.35,1.50
2011.08.19 04:07:22.339,1.38091,1.3812,1.48,2.25
2011.08.19 04:07:23.119,1.38091,1.38126,1.48,2.85
2011.08.19 04:07:24.970,1.38091,1.38123,3.13,1.50
2011.08.19 04:07:25.093,1.38092,1.38123,1.48,1.50
2011.08.19 04:07:25.320,1.38095,1.38128,1.50,1.50
2011.08.19 04:07:25.439,1.38095,1.38128,2.23,1.50
2011.08.19 04:07:26.107,1.38095,1.38131,1.48,1.50
2011.08.19 04:07:33.286,1.38092,1.38128,1.48,1.50
2011.08.19 04:07:33.728,1.3809,1.38127,1.48,1.50
2011.08.19 04:07:33.958,1.38093,1.38127,1.48,1.50
2011.08.19 04:07:34.517,1.38093,1.38127,1.48,1.50
2011.08.19 04:07:38.829,1.38093,1.38126,1.48,1.35
2011.08.19 04:07:39.168,1.3809,1.38124,1.48,2.10
2011.08.19 04:07:39.397,1.3809,1.38125,3.13,1.35
2011.08.19 04:07:39.629,1.38095,1.38127,1.48,1.50
2011.08.19 04:07:39.967,1.38095,1.38127,1.48,1.50
2011.08.19 04:07:42.010,1.38095,1.38127,1.48,1.50
2011.08.19 04:07:43.858,1.38095,1.38125,1.48,1.50
2011.08.19 04:07:43.979,1.38095,1.38125,1.48,1.50
2011.08.19 04:07:46.827,1.38088,1.38122,1.48,1.50
2011.08.19 04:07:50.250,1.38088,1.38122,1.48,1.50
2011.08.19 04:08:00.037,1.38093,1.38125,1.48,1.50
2011.08.19 04:08:00.796,1.38093,1.38125,1.48,1.50
2011.08.19 04:08:13.163,1.38097,1.3813,2.23,2.10
2011.08.19 04:08:13.284,1.38099,1.38127,1.48,1.35
2011.08.19 04:08:13.620,1.38094,1.38126,1.48,1.50
2011.08.19 04:08:13.849,1.38092,1.38126,1.48,1.50
2011.08.19 04:08:14.077,1.3809,1.38127,1.33,2.10
2011.08.19 04:08:17.361,1.38097,1.38127,1.35,2.25
2011.08.19 04:08:17.587,1.38097,1.38126,1.35,2.25
2011.08.19 04:08:17.928,1.38098,1.38129,1.48,1.50
2011.08.19 04:08:18.050,1.38098,1.38131,1.48,1.50
2011.08.19 04:08:19.128,1.38102,1.38134,1.48,1.35
2011.08.19 04:08:19.248,1.38108,1.38136,1.35,1.50
2011.08.19 04:08:21.198,1.38108,1.38141,1.35,2.25
2011.08.19 04:08:21.988,1.38108,1.38141,1.35,1.50
2011.08.19 04:08:23.416,1.38108,1.38141,1.35,1.50
2011.08.19 04:08:24.710,1.38108,1.38141,1.35,1.50
2011.08.19 04:08:25.570,1.38111,1.38145,1.48,2.85
2011.08.19 04:08:26.129,1.38114,1.38146,1.48,1.50
2011.08.19 04:08:28.559,1.38112,1.38143,2.98,1.50
2011.08.19 04:08:29.773,1.38114,1.38143,1.48,1.50
2011.08.19 04:08:32.699,1.38114,1.38143,1.48,1.50
2011.08.19 04:08:40.078,1.38112,1.38143,1.48,1.50
2011.08.19 04:08:49.267,1.38109,1.38144,1.48,2.10
2011.08.19 04:08:51.171,1.38107,1.38134,1.35,1.50
2011.08.19 04:08:51.509,1.38091,1.38124,1.48,2.10
2011.08.19 04:08:53.230,1.38091,1.38125,3.13,1.50
2011.08.19 04:09:00.719,1.3809,1.38122,1.35,1.50
2011.08.19 04:09:00.838,1.3809,1.38122,1.35,1.50
2011.08.19 04:09:01.738,1.3809,1.38122,1.35,2.25
2011.08.19 04:09:01.966,1.38085,1.38116,1.48,1.35
2011.08.19 04:09:03.635,1.38085,1.38116,1.48,1.35
2011.08.19 04:09:04.156,1.38088,1.38118,1.35,1.50
2011.08.19 04:09:04.267,1.38088,1.38121,2.08,1.50
2011.08.19 04:09:04.380,1.38088,1.38123,1.33,2.10
2011.08.19 04:09:04.779,1.38095,1.38123,1.48,1.35
2011.08.19 04:09:04.909,1.38096,1.38132,3.95,1.50
2011.08.19 04:09:05.030,1.38102,1.38132,1.35,1.50
2011.08.19 04:09:05.147,1.381,1.38136,2.08,1.50
2011.08.19 04:09:05.268,1.381,1.38138,2.08,2.25
2011.08.19 04:09:05.719,1.38103,1.38137,3.15,1.50
2011.08.19 04:09:17.498,1.38104,1.38136,1.48,1.50
2011.08.19 04:09:17.838,1.38103,1.38133,2.40,1.50
2011.08.19 04:09:18.178,1.38102,1.38133,3.00,1.50
2011.08.19 04:09:18.520,1.38102,1.38132,1.65,1.35
2011.08.19 04:09:19.039,1.38104,1.38133,2.10,3.15
2011.08.19 04:09:19.175,1.3811,1.38143,2.08,4.50
2011.08.19 04:09:26.059,1.3811,1.38143,1.48,2.25
2011.08.19 04:09:26.289,1.3811,1.38143,3.13,1.50
2011.08.19 04:09:26.518,1.38114,1.38147,1.48,1.50
2011.08.19 04:09:26.639,1.38114,1.38152,1.48,1.50
2011.08.19 04:09:27.519,1.38115,1.38147,1.48,1.50
2011.08.19 04:09:35.749,1.38115,1.38145,1.48,1.35
2011.08.19 04:09:36.419,1.38113,1.38146,1.48,1.50
2011.08.19 04:09:38.297,1.38115,1.38147,1.48,1.50
2011.08.19 04:09:38.630,1.38114,1.38147,1.48,2.25
2011.08.19 04:09:39.716,1.38115,1.38147,1.48,1.50
2011.08.19 04:09:49.293,1.38115,1.38145,1.48,1.35
2011.08.19 04:09:50.790,1.38109,1.38142,1.48,1.35
2011.08.19 04:09:51.240,1.38109,1.38142,1.48,1.35
2011.08.19 04:09:51.818,1.38109,1.38142,1.48,1.35
2011.08.19 04:09:54.113,1.38109,1.38144,1.48,1.50
2011.08.19 04:09:54.452,1.38113,1.38146,2.23,1.50
2011.08.19 04:09:54.790,1.38113,1.38146,1.48,1.50
2011.08.19 04:09:55.349,1.38113,1.38146,1.48,1.50
2011.08.19 04:09:55.981,1.38113,1.38146,1.48,1.50
2011.08.19 04:09:56.538,1.3811,1.38146,2.40,1.50
2011.08.19 04:09:56.657,1.3811,1.38144,2.40,1.50
2011.08.19 04:09:56.777,1.3811,1.38142,2.40,1.50
2011.08.19 04:09:57.368,1.38112,1.38142,1.13,1.50
2011.08.19 04:09:57.596,1.38114,1.38146,2.40,1.50
2011.08.19 04:09:59.501,1.38111,1.38146,3.13,1.50
2011.08.19 04:10:01.248,1.38111,1.38146,1.48,1.50
2011.08.19 04:10:01.483,1.38111,1.38146,3.13,1.50
2011.08.19 04:10:01.927,1.38111,1.38146,1.48,1.50
2011.08.19 04:10:03.307,1.38111,1.38146,1.48,1.50
2011.08.19 04:10:10.047,1.38111,1.38146,1.48,1.50
2011.08.19 04:10:13.632,1.38111,1.38146,1.48,1.50
2011.08.19 04:10:13.973,1.38123,1.38148,2.40,1.50
2011.08.19 04:10:14.202,1.38122,1.38148,2.40,1.50
2011.08.19 04:10:14.431,1.38123,1.38154,1.50,1.50
2011.08.19 04:10:17.012,1.38128,1.38154,1.35,1.50
2011.08.19 04:10:17.347,1.38129,1.38154,2.40,1.50
2011.08.19 04:10:18.008,1.38129,1.38153,2.40,1.50
2011.08.19 04:10:18.889,1.38128,1.38154,1.35,2.25
2011.08.19 04:10:21.857,1.38128,1.38154,1.35,1.50
2011.08.19 04:10:22.077,1.38128,1.38157,1.35,1.50
2011.08.19 04:10:22.987,1.38132,1.38158,1.35,2.40
2011.08.19 04:10:23.208,1.38132,1.38162,1.35,1.50
2011.08.19 04:10:25.666,1.38132,1.38162,1.35,1.50
2011.08.19 04:10:28.193,1.38132,1.38165,2.08,1.50
2011.08.19 04:10:28.528,1.38133,1.38165,2.40,2.25
2011.08.19 04:10:28.869,1.38132,1.38162,1.35,1.50
2011.08.19 04:10:29.428,1.38132,1.38161,1.35,3.15
2011.08.19 04:10:29.548,1.38132,1.38158,1.35,1.50
2011.08.19 04:10:30.137,1.38125,1.38158,1.48,2.25
2011.08.19 04:10:31.857,1.38125,1.38156,1.48,1.50
2011.08.19 04:10:32.192,1.38125,1.38154,1.48,1.35
2011.08.19 04:10:32.307,1.38125,1.38151,1.48,1.35
2011.08.19 04:10:32.648,1.38123,1.38153,2.40,1.35
2011.08.19 04:10:33.318,1.38123,1.38153,2.40,1.35
2011.08.19 04:10:33.828,1.38123,1.38153,2.40,1.35
2011.08.19 04:10:35.018,1.38126,1.38158,3.00,2.25
2011.08.19 04:10:35.246,1.38126,1.38158,3.00,2.25
2011.08.19 04:10:35.798,1.38126,1.38157,1.35,1.50
2011.08.19 04:10:36.524,1.38126,1.38157,1.35,1.50
2011.08.19 04:10:37.171,1.38129,1.3816,1.48,3.15
2011.08.19 04:10:37.511,1.38126,1.3816,2.08,1.50
2011.08.19 04:10:37.628,1.38125,1.38158,1.33,1.50
2011.08.19 04:10:38.357,1.38124,1.38157,1.48,1.35
2011.08.19 04:10:39.227,1.38123,1.38154,1.48,1.35
2011.08.19 04:10:48.451,1.38151,1.38167,1.13,2.40
2011.08.19 04:10:48.680,1.38152,1.38173,1.50,1.13
2011.08.19 04:10:48.797,1.38152,1.38175,1.50,1.50
2011.08.19 04:10:49.026,1.38142,1.38173,1.35,1.50
2011.08.19 04:10:49.257,1.3814,1.38175,1.48,1.50
2011.08.19 04:10:49.376,1.38143,1.38179,1.48,1.50
2011.08.19 04:10:49.710,1.38145,1.38177,1.48,1.50
2011.08.19 04:10:50.716,1.38145,1.38179,1.48,2.25
2011.08.19 04:10:51.858,1.38145,1.38177,1.48,1.50
2011.08.19 04:10:52.246,1.38144,1.38179,1.48,1.50
2011.08.19 04:10:52.796,1.38145,1.38179,1.48,1.50
2011.08.19 04:10:53.618,1.38145,1.38177,1.48,1.50
2011.08.19 04:10:54.376,1.38143,1.38177,2.23,1.50
2011.08.19 04:10:58.162,1.38153,1.38177,2.10,1.50
2011.08.19 04:10:58.498,1.38159,1.38188,2.10,1.50
2011.08.19 04:10:58.617,1.38159,1.38192,1.35,1.50
2011.08.19 04:10:58.739,1.38156,1.38187,1.48,2.85
2011.08.19 04:10:58.859,1.38149,1.38186,1.48,2.10
2011.08.19 04:10:58.976,1.38149,1.38181,1.48,1.35
2011.08.19 04:10:59.319,1.38149,1.38179,1.48,2.10
2011.08.19 04:10:59.548,1.38145,1.38174,1.35,1.50
2011.08.19 04:11:00.058,1.38146,1.38179,1.35,1.50
2011.08.19 04:11:00.182,1.38152,1.38184,1.48,1.35
2011.08.19 04:11:00.296,1.38152,1.38184,1.48,2.10
2011.08.19 04:11:00.626,1.38151,1.38184,2.23,1.35
2011.08.19 04:11:02.733,1.38151,1.38176,2.83,2.25
2011.08.19 04:11:03.070,1.38142,1.38164,1.65,1.50
2011.08.19 04:11:03.409,1.38137,1.38167,2.23,1.35
2011.08.19 04:11:03.639,1.38138,1.3817,1.48,1.35
2011.08.19 04:11:04.749,1.38137,1.38169,2.23,1.35
2011.08.19 04:11:07.513,1.38138,1.38171,1.33,1.50
2011.08.19 04:11:07.847,1.38143,1.38171,2.40,1.50
2011.08.19 04:11:08.566,1.38143,1.38171,2.40,1.50
2011.08.19 04:11:09.007,1.38148,1.38174,2.40,1.50
2011.08.19 04:11:09.457,1.38142,1.38173,3.13,1.35
2011.08.19 04:11:09.686,1.38142,1.38173,3.13,1.35
2011.08.19 04:11:11.607,1.38142,1.38173,2.38,1.35
2011.08.19 04:11:11.727,1.38142,1.38173,1.48,1.35
2011.08.19 04:11:12.095,1.38142,1.38173,1.48,1.35
2011.08.19 04:11:12.884,1.38142,1.38172,1.48,2.40
2011.08.19 04:11:13.218,1.3815,1.3818,1.13,1.13
2011.08.19 04:11:13.561,1.38153,1.38182,1.35,1.50
2011.08.19 04:11:13.677,1.38152,1.38181,1.48,1.35
2011.08.19 04:11:14.017,1.38152,1.38181,1.48,1.35
2011.08.19 04:11:14.247,1.38152,1.38181,1.48,1.35
2011.08.19 04:11:14.586,1.38152,1.38182,1.48,1.35
2011.08.19 04:11:16.126,1.38152,1.38184,1.48,1.35
2011.08.19 04:11:16.237,1.38152,1.38182,1.48,1.50
2011.08.19 04:11:17.607,1.38152,1.38182,1.48,1.50
2011.08.19 04:11:20.480,1.3815,1.38182,1.48,1.50
2011.08.19 04:11:20.821,1.3815,1.38179,1.48,3.00
2011.08.19 04:11:20.939,1.38143,1.38175,2.25,1.50
2011.08.19 04:11:22.633,1.38142,1.38174,2.40,1.50
2011.08.19 04:11:46.747,1.38145,1.38177,1.48,1.35
2011.08.19 04:11:49.787,1.38148,1.38179,1.35,2.25
2011.08.19 04:11:50.017,1.38149,1.38177,2.40,1.50
2011.08.19 04:11:50.578,1.38146,1.38177,3.75,1.50
2011.08.19 04:11:51.134,1.38149,1.3818,1.48,1.50
2011.08.19 04:11:51.251,1.3815,1.38183,1.50,1.50
2011.08.19 04:11:51.588,1.38151,1.3818,2.40,1.50
2011.08.19 04:11:51.817,1.38149,1.3818,1.48,1.50
2011.08.19 04:11:51.938,1.38149,1.3818,1.48,1.50
2011.08.19 04:11:53.036,1.38149,1.3818,1.48,1.50
2011.08.19 04:11:53.147,1.38149,1.3818,1.48,1.50
2011.08.19 04:11:55.569,1.38149,1.3818,1.48,1.50
2011.08.19 04:11:56.128,1.38148,1.3818,1.33,1.50
2011.08.19 04:11:56.358,1.38149,1.38177,1.48,2.40
2011.08.19 04:11:56.698,1.38149,1.3818,1.48,1.50
2011.08.19 04:11:58.010,1.38149,1.3818,1.48,1.50
2011.08.19 04:11:58.240,1.38152,1.3818,1.50,1.50
2011.08.19 04:11:58.686,1.38149,1.3818,1.48,1.50
2011.08.19 04:12:02.086,1.38149,1.38178,1.48,1.35
2011.08.19 04:12:02.418,1.38144,1.38178,2.08,2.10
2011.08.19 04:12:02.956,1.3814,1.38173,1.48,2.10
2011.08.19 04:12:13.429,1.38143,1.38173,1.48,1.35
2011.08.19 04:12:13.547,1.38145,1.38178,2.08,1.50
2011.08.19 04:12:18.826,1.38143,1.38176,1.33,1.50
2011.08.19 04:12:19.062,1.38141,1.38172,2.40,1.35
2011.08.19 04:12:19.400,1.38134,1.38161,1.48,1.35
2011.08.19 04:12:19.737,1.38132,1.3816,1.13,1.35
2011.08.19 04:12:20.250,1.38139,1.3816,1.65,1.35
2011.08.19 04:12:20.916,1.38144,1.38165,2.40,1.50
2011.08.19 04:12:21.040,1.38144,1.38166,2.40,1.50
2011.08.19 04:12:25.909,1.38144,1.38167,2.40,1.50
2011.08.19 04:12:26.469,1.38142,1.38163,2.40,1.50
2011.08.19 04:12:26.590,1.38135,1.38163,2.40,1.50
2011.08.19 04:12:30.329,1.38135,1.38163,2.40,1.50
2011.08.19 04:12:30.449,1.38134,1.38159,2.40,1.50
2011.08.19 04:12:30.883,1.38134,1.38159,2.40,1.50
2011.08.19 04:12:32.220,1.38134,1.38159,2.40,1.50
2011.08.19 04:12:32.343,1.38126,1.38157,1.35,1.50
2011.08.19 04:12:32.567,1.38126,1.38153,1.35,1.50
2011.08.19 04:12:33.067,1.38126,1.38153,1.35,1.50
2011.08.19 04:12:40.957,1.38124,1.38152,1.35,2.40
2011.08.19 04:12:41.496,1.38124,1.38151,1.73,1.65
2011.08.19 04:12:41.624,1.38124,1.38151,2.08,1.65
2011.08.19 04:12:42.506,1.38124,1.3815,1.48,1.65
2011.08.19 04:12:43.086,1.38124,1.38152,1.48,1.65
2011.08.19 04:12:43.309,1.38124,1.38153,1.48,2.25
2011.08.19 04:12:43.429,1.38127,1.38156,1.50,1.50
2011.08.19 04:12:43.659,1.38128,1.38162,1.48,3.00
2011.08.19 04:12:43.888,1.38128,1.38161,1.48,2.40
2011.08.19 04:12:44.117,1.38128,1.38159,1.48,1.65
2011.08.19 04:12:44.448,1.38126,1.38152,1.48,2.25
2011.08.19 04:12:45.737,1.38126,1.38152,1.48,2.25
2011.08.19 04:12:47.249,1.38138,1.38157,2.10,2.40
2011.08.19 04:12:47.480,1.38142,1.3817,1.50,1.35
2011.08.19 04:12:47.599,1.38138,1.38172,1.50,1.35
2011.08.19 04:12:47.828,1.38137,1.3817,1.48,2.25
2011.08.19 04:12:47.948,1.38137,1.38169,1.48,1.35
2011.08.19 04:12:48.730,1.38137,1.38169,1.48,1.50
2011.08.19 04:12:51.178,1.38137,1.38168,1.48,2.40
2011.08.19 04:12:51.299,1.38136,1.38166,1.35,1.50
2011.08.19 04:12:53.617,1.38136,1.38165,1.35,1.50
2011.08.19 04:12:54.326,1.38136,1.38165,1.35,1.50
2011.08.19 04:12:54.445,1.38136,1.38162,1.35,1.50
2011.08.19 04:12:54.669,1.38126,1.3816,2.23,3.00
2011.08.19 04:12:55.228,1.38123,1.38155,1.48,1.50
2011.08.19 04:12:56.969,1.38123,1.38155,2.23,1.50
2011.08.19 04:12:58.407,1.38123,1.38155,1.48,1.50
2011.08.19 04:12:58.779,1.38144,1.38157,1.33,1.50
2011.08.19 04:12:59.118,1.38145,1.38175,1.48,2.25
2011.08.19 04:12:59.237,1.38145,1.38175,1.48,2.25
2011.08.19 04:13:00.002,1.38145,1.38174,1.48,2.25
2011.08.19 04:13:00.117,1.38145,1.38173,1.48,1.35
2011.08.19 04:13:02.030,1.38142,1.38171,1.48,1.65
2011.08.19 04:13:02.590,1.38145,1.38178,2.40,1.50
2011.08.19 04:13:02.708,1.38146,1.38178,1.50,1.50
2011.08.19 04:13:03.296,1.38148,1.38177,1.48,1.50
2011.08.19 04:13:03.627,1.38147,1.38166,1.48,1.35
2011.08.19 04:13:03.749,1.38147,1.38168,1.48,2.40
2011.08.19 04:13:03.869,1.38139,1.38174,2.08,2.40
2011.08.19 04:13:04.098,1.38144,1.38174,1.48,1.65
2011.08.19 04:13:05.306,1.38144,1.38174,1.48,2.40
2011.08.19 04:13:06.169,1.38144,1.38174,1.48,3.00
2011.08.19 04:13:09.128,1.38144,1.38175,1.48,3.75
2011.08.19 04:13:10.626,1.38144,1.38174,1.48,1.35
2011.08.19 04:13:12.107,1.38144,1.38169,1.48,2.40
2011.08.19 04:13:12.445,1.38144,1.38169,1.48,2.40
2011.08.19 04:13:19.319,1.38144,1.38169,1.48,2.40
2011.08.19 04:13:19.657,1.38142,1.38173,1.48,2.40
2011.08.19 04:13:19.887,1.38145,1.38173,1.48,2.40
2011.08.19 04:13:21.255,1.38145,1.38173,1.48,2.40
2011.08.19 04:13:22.786,1.38146,1.38172,1.48,2.40
2011.08.19 04:13:29.926,1.38146,1.38173,1.48,2.40
2011.08.19 04:13:30.680,1.38146,1.38171,1.48,1.35
2011.08.19 04:13:31.788,1.38146,1.3817,1.48,1.35
2011.08.19 04:13:32.128,1.38141,1.38168,1.48,1.65
2011.08.19 04:13:32.359,1.38141,1.3817,1.48,1.35
2011.08.19 04:13:33.139,1.38137,1.38169,1.50,1.50
2011.08.19 04:13:33.477,1.38137,1.38167,2.23,1.35
2011.08.19 04:13:37.821,1.38128,1.38162,2.23,3.00
2011.08.19 04:13:38.376,1.38124,1.38163,1.48,1.50
2011.08.19 04:13:38.707,1.38124,1.38157,2.23,1.50
2011.08.19 04:13:41.416,1.38126,1.38157,1.48,1.50
2011.08.19 04:13:41.638,1.38127,1.38156,1.50,1.50
2011.08.19 04:13:41.758,1.38123,1.38153,1.50,1.50
2011.08.19 04:13:41.880,1.38121,1.38152,1.50,1.50
2011.08.19 04:13:42.413,1.38116,1.38152,1.48,3.15
2011.08.19 04:13:42.638,1.38115,1.38147,1.48,1.50
2011.08.19 04:13:43.567,1.38114,1.38146,1.50,1.13
2011.08.19 04:13:43.689,1.38113,1.38143,2.40,2.25
2011.08.19 04:13:43.810,1.38114,1.38143,2.40,1.50
2011.08.19 04:13:49.397,1.38114,1.38143,2.40,1.50
2011.08.19 04:13:49.956,1.38114,1.38143,3.00,1.50
2011.08.19 04:13:51.336,1.38114,1.38144,3.00,2.25
2011.08.19 04:13:52.537,1.38115,1.38144,1.50,2.25
2011.08.19 04:13:53.126,1.3812,1.38144,2.40,2.25
2011.08.19 04:13:53.236,1.3812,1.38146,2.40,1.50
2011.08.19 04:13:54.566,1.3812,1.38146,2.40,1.50
2011.08.19 04:13:54.997,1.3812,1.38145,2.40,1.35
2011.08.19 04:13:55.867,1.38114,1.38145,1.48,1.35
2011.08.19 04:14:02.200,1.38131,1.38146,2.10,3.15
2011.08.19 04:14:02.660,1.3814,1.38172,2.40,2.40
2011.08.19 04:14:03.231,1.3813,1.38161,1.50,1.50
2011.08.19 04:14:03.349,1.38128,1.38161,1.48,1.50
2011.08.19 04:14:03.686,1.38128,1.38161,3.13,1.50
2011.08.19 04:14:05.447,1.38132,1.38163,1.48,1.50
2011.08.19 04:14:05.568,1.38134,1.38163,2.25,1.50
2011.08.19 04:14:05.909,1.38145,1.38174,1.48,1.50
2011.08.19 04:14:06.249,1.38155,1.38178,2.40,1.50
2011.08.19 04:14:06.369,1.38155,1.38183,2.40,1.50
2011.08.19 04:14:06.597,1.38155,1.38183,2.40,1.50
2011.08.19 04:14:07.650,1.38155,1.38183,2.40,1.50
2011.08.19 04:14:07.989,1.38155,1.38186,2.40,1.50
2011.08.19 04:14:08.109,1.38155,1.38188,2.40,2.10
2011.08.19 04:14:08.341,1.38157,1.38186,1.48,2.40
2011.08.19 04:14:09.280,1.38157,1.38186,1.48,2.40
2011.08.19 04:14:13.578,1.38157,1.38186,1.48,1.65
2011.08.19 04:14:13.917,1.38159,1.3819,2.23,1.50
2011.08.19 04:14:14.858,1.3816,1.3819,1.48,1.50
2011.08.19 04:14:15.199,1.3816,1.38182,1.48,3.00
2011.08.19 04:14:15.538,1.38159,1.38189,3.00,1.50
2011.08.19 04:14:15.880,1.38161,1.38186,1.48,2.40
2011.08.19 04:14:16.219,1.38157,1.38184,1.48,3.00
2011.08.19 04:14:16.891,1.38157,1.38183,1.48,2.40
2011.08.19 04:14:17.118,1.38152,1.38175,1.48,2.40
2011.08.19 04:14:17.461,1.38145,1.38171,1.50,1.65
2011.08.19 04:14:18.046,1.38155,1.38186,2.40,2.25
2011.08.19 04:14:18.489,1.38155,1.38184,1.50,1.50
2011.08.19 04:14:20.317,1.38154,1.38183,2.08,2.40
2011.08.19 04:14:20.659,1.38154,1.38188,2.08,1.50
2011.08.19 04:14:20.778,1.38159,1.3819,1.48,2.40
2011.08.19 04:14:21.891,1.38163,1.38191,1.48,3.75
2011.08.19 04:14:22.337,1.38163,1.3819,1.48,2.40
2011.08.19 04:14:23.161,1.38158,1.38186,1.48,1.50
2011.08.19 04:14:23.505,1.38145,1.38175,1.35,3.15
2011.08.19 04:14:23.840,1.38147,1.38178,1.13,1.50
2011.08.19 04:14:23.964,1.38151,1.38181,1.48,1.35
2011.08.19 04:14:24.189,1.38151,1.38181,1.48,3.00
2011.08.19 04:14:24.747,1.38151,1.38182,1.48,1.35
2011.08.19 04:14:25.488,1.38151,1.38179,1.48,1.35
2011.08.19 04:14:25.829,1.38151,1.38183,1.48,2.10
2011.08.19 04:14:26.058,1.38153,1.38185,2.10,2.40
2011.08.19 04:14:26.177,1.38155,1.38187,1.48,3.15
2011.08.19 04:14:26.948,1.38158,1.38191,1.48,3.00
2011.08.19 04:14:28.480,1.38155,1.38188,1.48,1.50
2011.08.19 04:14:28.819,1.38153,1.38185,1.33,2.40
2011.08.19 04:14:30.296,1.38153,1.38185,1.33,2.40
2011.08.19 04:14:32.629,1.38154,1.38184,1.48,2.40
2011.08.19 04:14:32.966,1.38154,1.38184,1.48,2.40
2011.08.19 04:14:34.329,1.38154,1.38184,1.48,2.40
2011.08.19 04:14:34.780,1.38154,1.38185,1.48,2.40
2011.08.19 04:14:35.121,1.38157,1.38186,1.48,1.35
2011.08.19 04:14:35.350,1.38152,1.38186,1.48,1.35
2011.08.19 04:14:35.579,1.38151,1.38186,1.48,1.35
2011.08.19 04:14:36.581,1.38151,1.38188,2.23,1.35
2011.08.19 04:14:36.700,1.38151,1.38185,2.23,1.50
2011.08.19 04:14:37.041,1.38157,1.38191,1.48,1.88
2011.08.19 04:14:42.671,1.38154,1.38188,1.48,1.50
2011.08.19 04:14:42.902,1.38152,1.38186,1.48,4.65
2011.08.19 04:14:43.238,1.38152,1.38184,1.48,2.40
2011.08.19 04:14:44.267,1.38154,1.38184,1.48,2.40
2011.08.19 04:14:47.069,1.38154,1.38185,1.48,2.40
2011.08.19 04:14:49.017,1.38154,1.38187,1.48,1.35
2011.08.19 04:14:50.018,1.38153,1.38186,1.48,1.50
2011.08.19 04:14:54.478,1.38158,1.38189,1.33,2.25
2011.08.19 04:14:55.058,1.38158,1.38189,1.33,1.50
2011.08.19 04:14:59.357,1.3816,1.38195,2.08,2.10
2011.08.19 04:15:00.113,1.3816,1.38195,2.08,3.75
2011.08.19 04:15:00.229,1.3816,1.38195,2.08,3.75
2011.08.19 04:15:04.782,1.3816,1.3819,2.08,1.50
2011.08.19 04:15:04.903,1.3816,1.3819,1.33,4.50
2011.08.19 04:15:05.022,1.3816,1.3819,1.35,3.75
2011.08.19 04:15:05.360,1.38161,1.38187,1.48,1.35
2011.08.19 04:15:05.479,1.38163,1.38194,1.33,1.50
2011.08.19 04:15:05.933,1.38164,1.38197,1.33,2.78
2011.08.19 04:15:06.566,1.38164,1.38197,1.33,1.50
2011.08.19 04:15:06.685,1.38165,1.38197,1.48,1.50
2011.08.19 04:15:07.019,1.38162,1.38189,1.48,1.35
2011.08.19 04:15:07.356,1.38162,1.38194,1.48,2.10
2011.08.19 04:15:08.416,1.38162,1.38194,2.23,2.10
2011.08.19 04:15:08.966,1.38162,1.38194,1.48,2.10
2011.08.19 04:15:09.537,1.38162,1.38194,1.48,2.10
2011.08.19 04:15:17.068,1.38163,1.38195,1.48,1.35
2011.08.19 04:15:18.387,1.38163,1.38194,1.48,1.35
2011.08.19 04:15:29.022,1.38161,1.38193,1.48,1.50
2011.08.19 04:15:29.249,1.3816,1.38193,1.48,1.50
2011.08.19 04:15:29.480,1.38161,1.38193,1.48,1.50
2011.08.19 04:15:30.780,1.3816,1.38193,1.48,1.50
2011.08.19 04:15:31.349,1.38168,1.38197,2.23,2.40
2011.08.19 04:15:31.473,1.38172,1.382,1.35,1.50
2011.08.19 04:15:32.029,1.3817,1.38202,1.33,1.50
2011.08.19 04:15:32.259,1.38168,1.38195,1.48,1.35
2011.08.19 04:15:32.488,1.38164,1.38192,2.23,2.40
2011.08.19 04:15:33.857,1.38164,1.38192,1.48,2.40
2011.08.19 04:15:34.527,1.38164,1.38194,1.48,2.40
2011.08.19 04:15:38.341,1.38166,1.38194,1.48,2.40
2011.08.19 04:15:38.676,1.38166,1.38195,1.48,1.35
2011.08.19 04:15:39.276,1.38166,1.38195,1.48,1.35
2011.08.19 04:15:39.497,1.38167,1.38195,2.98,1.35
2011.08.19 04:15:39.827,1.38167,1.38195,2.23,1.35
2011.08.19 04:15:40.739,1.38167,1.38201,2.83,2.40
2011.08.19 04:15:40.857,1.38168,1.38202,1.48,2.10
2011.08.19 04:15:45.121,1.38167,1.38201,2.83,2.40
2011.08.19 04:15:45.350,1.38169,1.38202,2.83,1.50
2011.08.19 04:15:46.017,1.38173,1.382,2.40,1.35
2011.08.19 04:15:46.128,1.38165,1.38198,3.88,1.50
2011.08.19 04:15:46.693,1.38165,1.38191,1.65,1.50
2011.08.19 04:15:46.928,1.38163,1.38191,1.35,1.50
2011.08.19 04:15:47.049,1.3816,1.38191,2.23,1.50
2011.08.19 04:15:47.387,1.38156,1.38189,1.33,1.50
2011.08.19 04:15:48.827,1.38155,1.38189,2.23,1.50
2011.08.19 04:15:48.944,1.38156,1.38193,1.48,1.50
2011.08.19 04:15:49.618,1.38158,1.38191,1.48,1.50
2011.08.19 04:15:50.878,1.38158,1.3819,1.48,1.13
2011.08.19 04:15:51.221,1.38158,1.38187,1.48,1.35
2011.08.19 04:15:51.338,1.38156,1.38187,1.48,2.10
2011.08.19 04:15:51.816,1.38155,1.38187,1.48,1.35
2011.08.19 04:15:51.934,1.38157,1.3819,1.33,2.25
2011.08.19 04:15:57.179,1.3816,1.38191,1.33,1.50
2011.08.19 04:16:01.195,1.3816,1.38191,1.33,1.50
2011.08.19 04:16:02.431,1.3816,1.38191,1.33,1.50
2011.08.19 04:16:02.769,1.38162,1.38196,1.48,1.35
2011.08.19 04:16:03.438,1.38164,1.38197,1.33,1.50
2011.08.19 04:16:03.776,1.38164,1.38197,1.33,1.50
2011.08.19 04:16:03.996,1.38164,1.38197,1.33,1.50
2011.08.19 04:16:04.370,1.38164,1.38197,1.33,1.50
2011.08.19 04:16:04.494,1.38168,1.382,2.08,1.50
2011.08.19 04:16:05.368,1.38168,1.38199,1.33,1.50
2011.08.19 04:16:05.491,1.38163,1.38191,3.15,1.50
2011.08.19 04:16:05.612,1.3816,1.38191,2.23,1.50
2011.08.19 04:16:05.838,1.38157,1.38192,2.10,2.10
2011.08.19 04:16:06.396,1.38157,1.38186,2.08,1.50
2011.08.19 04:16:07.043,1.38157,1.38186,2.08,1.50
2011.08.19 04:16:07.616,1.38157,1.38186,2.08,1.50
2011.08.19 04:16:08.056,1.38156,1.38188,3.00,2.25
2011.08.19 04:16:08.609,1.38157,1.3819,2.08,1.50
2011.08.19 04:16:09.098,1.3816,1.3819,2.10,1.50
2011.08.19 04:16:09.333,1.38172,1.38203,1.48,1.35
2011.08.19 04:16:09.451,1.38176,1.38206,1.35,1.50
2011.08.19 04:16:09.678,1.38174,1.38206,1.35,1.50
2011.08.19 04:16:12.180,1.38173,1.38206,1.33,1.50
2011.08.19 04:16:14.778,1.38172,1.38203,1.48,1.35
2011.08.19 04:16:19.901,1.38179,1.38206,2.85,1.50
2011.08.19 04:16:20.249,1.38178,1.3821,2.23,2.10
2011.08.19 04:16:20.479,1.38178,1.3821,1.48,2.10
2011.08.19 04:16:21.153,1.38178,1.3821,1.48,2.10
2011.08.19 04:16:23.556,1.38175,1.3821,3.73,1.35
2011.08.19 04:16:27.410,1.38174,1.38202,1.48,1.35
2011.08.19 04:16:27.875,1.38165,1.38197,1.33,1.50
2011.08.19 04:16:27.988,1.38164,1.38188,1.48,1.35
2011.08.19 04:16:28.112,1.38156,1.38187,1.85,1.50
2011.08.19 04:16:28.231,1.38153,1.38187,2.08,1.50
2011.08.19 04:16:28.570,1.38157,1.38191,2.40,1.35
2011.08.19 04:16:28.689,1.38159,1.38191,1.65,1.35
2011.08.19 04:16:29.218,1.38159,1.38191,2.38,2.10
2011.08.19 04:16:30.158,1.38159,1.38188,2.38,1.35
2011.08.19 04:16:30.498,1.38158,1.38188,1.48,1.35
2011.08.19 04:16:30.617,1.38155,1.38187,1.48,1.50
2011.08.19 04:16:31.497,1.38155,1.38187,1.48,1.50
2011.08.19 04:16:32.288,1.38154,1.38181,1.48,1.35
2011.08.19 04:16:32.517,1.38152,1.38181,1.48,1.35
2011.08.19 04:16:33.193,1.38153,1.38181,1.50,1.35
2011.08.19 04:16:37.247,1.38154,1.38181,2.23,1.35
2011.08.19 04:16:37.589,1.38146,1.38181,3.13,1.35
2011.08.19 04:16:37.710,1.38146,1.38176,2.38,1.50
2011.08.19 04:16:37.828,1.38144,1.38176,1.33,1.50
2011.08.19 04:16:37.948,1.38143,1.38176,1.33,1.50
2011.08.19 04:16:38.067,1.38147,1.38176,1.65,1.50
2011.08.19 04:16:38.407,1.38147,1.38176,1.65,1.50
2011.08.19 04:16:38.517,1.38147,1.38176,1.65,1.50
2011.08.19 04:16:40.597,1.38147,1.38176,2.40,1.50
2011.08.19 04:16:41.293,1.38147,1.38176,2.40,1.50
2011.08.19 04:16:43.737,1.38147,1.38176,1.65,1.50
2011.08.19 04:16:44.078,1.38143,1.38171,1.48,1.35
2011.08.19 04:16:45.237,1.38137,1.38171,2.23,1.35
2011.08.19 04:16:49.469,1.38137,1.38171,1.48,1.35
2011.08.19 04:16:50.029,1.38138,1.38171,1.48,2.10
2011.08.19 04:16:52.618,1.38138,1.38169,1.48,1.50
2011.08.19 04:16:52.847,1.38136,1.38169,1.33,3.15
2011.08.19 04:16:52.967,1.38136,1.38168,1.33,1.50
2011.08.19 04:16:53.298,1.38135,1.38167,2.08,1.50
2011.08.19 04:16:53.420,1.38136,1.38167,1.35,1.50
2011.08.19 04:16:53.649,1.38138,1.38167,2.40,1.50
2011.08.19 04:16:55.922,1.38132,1.38164,1.33,1.50
2011.08.19 04:16:56.257,1.38131,1.38167,5.23,1.50
2011.08.19 04:16:57.056,1.38131,1.38166,2.23,1.35
2011.08.19 04:16:57.169,1.38131,1.38163,2.23,1.35
2011.08.19 04:16:57.510,1.38126,1.38153,1.70,1.50
2011.08.19 04:16:57.852,1.38131,1.38156,1.48,1.50
2011.08.19 04:16:57.967,1.38128,1.38161,2.23,1.50
2011.08.19 04:16:58.527,1.38128,1.38161,1.48,1.50
2011.08.19 04:17:02.120,1.38128,1.38161,1.48,1.50
2011.08.19 04:17:03.320,1.38131,1.38163,1.48,1.50
2011.08.19 04:17:03.552,1.38131,1.38164,1.48,1.50
2011.08.19 04:17:03.776,1.3813,1.38166,1.48,2.25
2011.08.19 04:17:04.219,1.3813,1.38164,1.48,1.50
2011.08.19 04:17:04.596,1.38131,1.38161,1.48,1.50
2011.08.19 04:17:07.160,1.38131,1.38161,1.48,1.50
2011.08.19 04:17:10.407,1.38131,1.38161,1.48,1.50
2011.08.19 04:17:12.099,1.38131,1.38161,1.48,1.50
2011.08.19 04:17:12.562,1.38128,1.38157,1.35,1.50
2011.08.19 04:17:13.410,1.38134,1.3816,1.35,1.50
2011.08.19 04:17:13.747,1.38134,1.38159,1.35,1.50
2011.08.19 04:17:13.968,1.38134,1.38159,1.35,1.50
2011.08.19 04:17:15.907,1.38125,1.3816,2.83,2.10
2011.08.19 04:17:16.027,1.38125,1.3816,2.83,2.10
2011.08.19 04:17:24.579,1.38129,1.3816,1.35,1.50
2011.08.19 04:17:24.917,1.38132,1.38165,1.48,1.50
2011.08.19 04:17:26.459,1.38129,1.38159,1.48,1.35
2011.08.19 04:17:26.581,1.38126,1.38157,1.48,1.50
2011.08.19 04:17:26.699,1.38125,1.38157,1.48,1.50
2011.08.19 04:17:27.037,1.38125,1.38157,2.23,1.50
2011.08.19 04:17:31.509,1.38126,1.38159,1.48,2.10
2011.08.19 04:17:31.848,1.38124,1.38157,1.33,1.50
2011.08.19 04:17:31.967,1.38124,1.38154,1.33,1.65
2011.08.19 04:17:32.568,1.38122,1.38151,1.48,1.35
2011.08.19 04:17:34.722,1.38115,1.38148,1.48,2.40
2011.08.19 04:17:34.946,1.38116,1.38148,1.48,2.40
2011.08.19 04:17:35.498,1.38122,1.38153,1.33,1.50
2011.08.19 04:17:35.619,1.38122,1.38153,1.33,1.50
2011.08.19 04:17:35.740,1.38123,1.38155,1.48,1.50
2011.08.19 04:17:35.976,1.38122,1.38155,2.08,1.50
2011.08.19 04:17:38.299,1.38122,1.38153,1.33,1.50
2011.08.19 04:17:39.350,1.38122,1.38153,1.33,1.50
2011.08.19 04:17:45.622,1.38123,1.38153,1.48,1.50
2011.08.19 04:17:46.113,1.38125,1.38156,1.50,2.10
2011.08.19 04:17:46.347,1.38131,1.38159,1.35,1.50
2011.08.19 04:17:46.580,1.38126,1.38159,1.48,2.10
2011.08.19 04:17:47.027,1.38124,1.38159,2.83,2.10
2011.08.19 04:17:52.396,1.38125,1.38159,2.23,2.10
2011.08.19 04:17:59.256,1.38126,1.38159,1.48,1.35
2011.08.19 04:18:00.534,1.38127,1.3816,1.35,1.50
2011.08.19 04:18:00.848,1.38128,1.3816,1.33,1.50
2011.08.19 04:18:05.608,1.38129,1.38158,1.48,1.50
2011.08.19 04:18:06.169,1.38127,1.38159,1.35,1.50
2011.08.19 04:18:06.290,1.38128,1.38159,1.35,1.50
2011.08.19 04:18:06.627,1.38128,1.38159,1.35,1.50
2011.08.19 04:18:08.710,1.38128,1.38158,1.35,2.40
2011.08.19 04:18:10.174,1.38126,1.38158,1.48,3.00
2011.08.19 04:18:11.010,1.38126,1.38158,1.48,1.35
2011.08.19 04:18:11.348,1.38126,1.38159,1.48,1.35
2011.08.19 04:18:13.599,1.38131,1.38162,1.48,1.35
2011.08.19 04:18:15.269,1.38131,1.38158,1.48,1.35
2011.08.19 04:18:15.746,1.38126,1.38157,1.48,1.50
2011.08.19 04:18:16.408,1.38123,1.38154,1.48,1.50
2011.08.19 04:18:17.217,1.38123,1.38153,1.48,1.50
2011.08.19 04:18:21.439,1.38126,1.38157,2.23,2.40
2011.08.19 04:18:21.559,1.38127,1.38157,1.48,2.40
2011.08.19 04:18:21.787,1.38127,1.38158,1.48,1.35
2011.08.19 04:18:24.346,1.38127,1.38158,1.48,3.00
2011.08.19 04:18:24.969,1.38127,1.38158,1.48,3.00
2011.08.19 04:18:25.309,1.38127,1.38158,1.48,1.35
2011.08.19 04:18:26.277,1.38126,1.38155,1.50,1.50
2011.08.19 04:18:26.956,1.38131,1.38163,1.50,2.40
2011.08.19 04:18:27.088,1.38135,1.38166,1.48,1.50
2011.08.19 04:18:27.427,1.3813,1.38163,2.08,1.50
2011.08.19 04:18:34.517,1.38134,1.38166,1.48,1.50
2011.08.19 04:18:36.762,1.38134,1.38166,1.48,1.50
2011.08.19 04:18:39.578,1.38137,1.38167,1.35,1.50
2011.08.19 04:18:39.808,1.38139,1.38173,1.48,1.35
2011.08.19 04:18:39.928,1.38139,1.38173,1.48,1.35
2011.08.19 04:18:40.186,1.38139,1.38174,1.48,1.35
2011.08.19 04:18:42.052,1.38145,1.38174,1.48,1.35
2011.08.19 04:18:42.496,1.38145,1.38173,1.48,1.35
2011.08.19 04:18:46.070,1.38145,1.38173,1.48,1.35
2011.08.19 04:18:47.508,1.38145,1.38173,1.48,1.35
2011.08.19 04:18:47.847,1.38145,1.38173,1.48,3.00
2011.08.19 04:18:51.790,1.38145,1.38173,1.48,3.00
2011.08.19 04:18:52.770,1.38145,1.3817,1.48,1.50
2011.08.19 04:18:52.908,1.3814,1.3817,1.35,1.50
2011.08.19 04:18:53.027,1.3814,1.3817,1.35,2.25
2011.08.19 04:18:53.369,1.3814,1.3817,1.35,1.50
2011.08.19 04:18:53.927,1.3814,1.3817,1.35,1.50
2011.08.19 04:18:59.507,1.38139,1.3817,1.48,1.50
2011.08.19 04:18:59.729,1.38146,1.38177,1.48,1.50
2011.08.19 04:18:59.959,1.38146,1.38178,1.48,2.48
2011.08.19 04:19:00.300,1.38139,1.38169,1.48,1.35
2011.08.19 04:19:00.902,1.38138,1.38166,1.48,1.35
2011.08.19 04:19:01.017,1.38135,1.38166,1.48,1.35
2011.08.19 04:19:01.138,1.38135,1.38166,1.48,1.35
2011.08.19 04:19:06.629,1.38132,1.38162,1.48,1.50
2011.08.19 04:19:06.858,1.38131,1.38164,1.48,1.35
2011.08.19 04:19:07.090,1.38129,1.38162,1.35,1.50
2011.08.19 04:19:07.540,1.38128,1.3816,2.08,1.50
2011.08.19 04:19:10.240,1.38137,1.38162,3.00,1.50
2011.08.19 04:19:10.468,1.38136,1.38169,2.23,1.50
2011.08.19 04:19:10.590,1.38138,1.38171,1.48,2.25
2011.08.19 04:19:10.927,1.38138,1.38171,1.48,1.50
2011.08.19 04:19:11.147,1.38138,1.38171,1.48,1.50
2011.08.19 04:19:11.817,1.38138,1.38171,1.48,1.50
2011.08.19 04:19:11.944,1.38142,1.38173,1.48,1.50
2011.08.19 04:19:12.056,1.38142,1.38175,1.48,1.50
2011.08.19 04:19:13.047,1.38142,1.38176,1.48,2.25
2011.08.19 04:19:13.687,1.38142,1.38174,1.48,1.50
2011.08.19 04:19:19.771,1.38142,1.38173,1.48,1.50
2011.08.19 04:19:20.221,1.38142,1.38172,1.48,2.40
2011.08.19 04:19:20.559,1.38137,1.38168,2.98,1.50
2011.08.19 04:19:20.788,1.38137,1.38173,3.73,1.50
2011.08.19 04:19:21.636,1.38142,1.38175,1.48,1.50
2011.08.19 04:19:21.748,1.38142,1.38177,1.48,1.50
2011.08.19 04:19:23.636,1.38145,1.38175,1.48,1.50
2011.08.19 04:19:23.970,1.38145,1.38178,1.48,2.25
2011.08.19 04:19:24.310,1.38146,1.38178,1.50,1.50
2011.08.19 04:19:24.648,1.38137,1.38165,1.48,2.25
2011.08.19 04:19:25.230,1.38134,1.38163,1.48,1.50
2011.08.19 04:19:25.357,1.3813,1.38164,1.48,1.35
2011.08.19 04:19:25.798,1.3813,1.38162,1.48,1.50
2011.08.19 04:19:26.029,1.3813,1.38162,1.48,1.50
2011.08.19 04:19:26.617,1.38132,1.38162,1.48,1.50
2011.08.19 04:19:32.121,1.38131,1.38162,1.48,1.50
2011.08.19 04:19:32.349,1.38135,1.38169,1.48,1.50
2011.08.19 04:19:32.579,1.38136,1.38172,1.50,1.50
2011.08.19 04:19:32.697,1.38138,1.38172,2.40,1.50
2011.08.19 04:19:33.332,1.38141,1.38174,1.48,2.25
2011.08.19 04:19:42.448,1.38141,1.38172,2.08,1.50
2011.08.19 04:19:43.386,1.38141,1.38174,2.08,2.25
2011.08.19 04:19:43.937,1.38141,1.38174,2.08,1.50
2011.08.19 04:19:44.157,1.38143,1.38176,1.48,1.50
2011.08.19 04:19:44.381,1.3815,1.38183,1.48,1.50
2011.08.19 04:19:44.500,1.38151,1.38186,1.48,1.50
2011.08.19 04:19:45.077,1.38153,1.38189,1.50,1.50
2011.08.19 04:19:45.318,1.38158,1.3819,1.48,1.50
2011.08.19 04:19:46.908,1.38152,1.38189,1.48,1.50
2011.08.19 04:19:47.031,1.38148,1.38182,1.85,1.50
2011.08.19 04:19:48.711,1.38148,1.38182,1.48,1.50
2011.08.19 04:19:49.469,1.38152,1.38183,1.48,1.50
2011.08.19 04:19:49.809,1.38152,1.38185,1.48,1.50
2011.08.19 04:19:51.557,1.38153,1.38185,3.75,1.50
2011.08.19 04:19:51.788,1.38156,1.3819,1.48,1.50
2011.08.19 04:19:52.019,1.38156,1.3819,1.48,1.50
2011.08.19 04:19:52.467,1.38156,1.3819,1.48,1.50
2011.08.19 04:19:52.686,1.38159,1.38193,1.48,2.25
2011.08.19 04:19:53.287,1.38159,1.38192,1.48,1.50
2011.08.19 04:19:57.146,1.38159,1.38192,1.48,1.50
2011.08.19 04:19:57.589,1.38159,1.38192,1.48,1.50
2011.08.19 04:19:58.328,1.38159,1.38192,1.48,1.50
2011.08.19 04:19:58.839,1.38159,1.38192,1.48,1.50
2011.08.19 04:20:07.681,1.38159,1.38192,1.48,1.50
2011.08.19 04:20:09.978,1.38157,1.3819,1.48,2.25
2011.08.19 04:20:10.528,1.38157,1.38188,1.48,1.50
2011.08.19 04:20:11.049,1.38157,1.38188,1.48,1.50
2011.08.19 04:20:32.167,1.38157,1.38187,1.48,1.50
2011.08.19 04:20:35.169,1.38157,1.38187,1.48,1.50
2011.08.19 04:20:35.397,1.38154,1.38188,2.23,1.50
2011.08.19 04:20:40.258,1.38151,1.38186,2.23,1.50
2011.08.19 04:20:40.711,1.38147,1.38185,1.48,1.50
2011.08.19 04:20:47.447,1.38148,1.38186,1.48,1.50
2011.08.19 04:20:47.569,1.38151,1.38186,1.48,1.50
2011.08.19 04:20:51.220,1.38184,1.38202,2.25,1.88
2011.08.19 04:20:51.345,1.38187,1.38221,1.50,1.50
2011.08.19 04:20:51.573,1.38192,1.38226,2.40,1.50
2011.08.19 04:20:51.691,1.3817,1.38225,1.48,1.50
2011.08.19 04:20:51.814,1.38176,1.38214,2.23,2.10
2011.08.19 04:20:52.039,1.38165,1.3821,2.23,1.35
2011.08.19 04:20:52.157,1.38165,1.38208,2.23,1.35
2011.08.19 04:20:52.267,1.38175,1.38208,2.23,1.35
2011.08.19 04:20:55.121,1.38176,1.38199,1.48,1.73
2011.08.19 04:20:55.351,1.38166,1.38194,1.13,2.25
2011.08.19 04:20:55.961,1.38163,1.38193,1.50,1.50
2011.08.19 04:20:57.869,1.38166,1.38193,1.50,1.50
2011.08.19 04:20:57.988,1.38166,1.38193,1.50,1.50
2011.08.19 04:21:01.299,1.38165,1.38195,1.35,1.50
2011.08.19 04:21:03.438,1.38165,1.38193,1.35,1.50
2011.08.19 04:21:04.025,1.38165,1.38193,1.35,1.50
2011.08.19 04:21:04.638,1.38165,1.38193,1.35,1.50
2011.08.19 04:21:09.411,1.38161,1.38192,1.48,2.40
2011.08.19 04:21:09.749,1.38158,1.38183,1.48,1.35
2011.08.19 04:21:09.868,1.38155,1.38183,1.48,1.35
2011.08.19 04:21:10.097,1.38155,1.38183,1.48,1.35
2011.08.19 04:21:11.640,1.38155,1.38184,1.48,1.13
2011.08.19 04:21:11.869,1.38155,1.38184,1.48,1.13
2011.08.19 04:21:12.536,1.38155,1.38184,1.48,1.88
2011.08.19 04:21:13.783,1.38155,1.38184,1.48,1.88
2011.08.19 04:21:15.760,1.38152,1.38177,1.48,1.13
2011.08.19 04:21:15.881,1.38151,1.38178,1.50,1.50
2011.08.19 04:21:16.000,1.38151,1.3818,1.50,1.50
2011.08.19 04:21:16.121,1.38149,1.38183,1.35,2.25
2011.08.19 04:21:16.241,1.38149,1.38182,1.35,1.50
2011.08.19 04:21:16.471,1.38146,1.38178,1.50,1.35
2011.08.19 04:21:16.697,1.38145,1.3818,2.23,1.35
2011.08.19 04:21:17.253,1.38145,1.38176,1.48,1.35
2011.08.19 04:21:20.291,1.38146,1.38174,1.48,1.50
2011.08.19 04:21:21.068,1.38145,1.38175,1.48,1.50
2011.08.19 04:21:22.068,1.38145,1.38178,2.08,1.50
2011.08.19 04:21:23.327,1.38148,1.38178,1.48,1.50
2011.08.19 04:21:24.689,1.38155,1.38185,1.35,1.50
2011.08.19 04:21:24.806,1.38155,1.38185,1.35,1.50
2011.08.19 04:21:25.027,1.38155,1.38185,1.35,1.50
2011.08.19 04:21:26.148,1.38155,1.38185,1.35,1.50
2011.08.19 04:21:26.379,1.38153,1.38185,2.08,1.50
2011.08.19 04:21:27.600,1.38153,1.38185,1.48,1.50
2011.08.19 04:21:27.726,1.38153,1.38185,1.48,1.50
2011.08.19 04:21:28.280,1.38153,1.38185,1.48,1.50
2011.08.19 04:21:28.397,1.38153,1.38185,1.48,1.50
2011.08.19 04:21:29.088,1.38153,1.38185,2.23,1.50
2011.08.19 04:21:29.317,1.38153,1.38185,1.48,1.50
2011.08.19 04:21:29.647,1.38153,1.38185,1.48,1.50
2011.08.19 04:21:29.868,1.38153,1.38185,1.48,1.50
2011.08.19 04:21:33.372,1.38153,1.38185,1.48,1.50
2011.08.19 04:21:33.708,1.38153,1.38187,2.23,2.85
2011.08.19 04:21:33.937,1.38153,1.38187,1.48,2.85
2011.08.19 04:21:34.277,1.38153,1.38187,2.23,2.10
2011.08.19 04:21:35.219,1.38154,1.38187,1.50,2.10
2011.08.19 04:21:35.779,1.38154,1.38187,1.50,2.85
2011.08.19 04:21:35.899,1.38154,1.38187,1.50,2.10
2011.08.19 04:21:36.127,1.38153,1.38187,2.23,2.10
2011.08.19 04:21:36.568,1.38153,1.38187,2.23,2.10
2011.08.19 04:21:37.258,1.38154,1.38187,1.50,2.85
2011.08.19 04:21:37.488,1.38154,1.38187,1.50,2.10
2011.08.19 04:21:37.717,1.38153,1.38185,1.48,1.50
2011.08.19 04:21:38.053,1.3815,1.38182,1.35,1.50
2011.08.19 04:21:38.278,1.3815,1.38182,1.35,1.50
2011.08.19 04:21:38.400,1.3815,1.38178,1.35,1.50
2011.08.19 04:21:39.069,1.38144,1.38177,2.08,1.50
2011.08.19 04:21:40.567,1.38144,1.38178,1.48,2.25
2011.08.19 04:21:40.684,1.38156,1.38187,1.48,1.50
2011.08.19 04:21:40.801,1.38157,1.38187,1.48,1.50
2011.08.19 04:21:41.034,1.38158,1.38188,1.48,1.50
2011.08.19 04:21:41.589,1.38153,1.38192,1.48,3.15
2011.08.19 04:21:41.818,1.38148,1.38186,2.23,1.50
2011.08.19 04:21:42.268,1.38148,1.38179,1.48,1.50
2011.08.19 04:21:43.057,1.38149,1.38179,1.48,1.50
2011.08.19 04:21:46.117,1.38143,1.38174,2.23,1.50
2011.08.19 04:21:46.243,1.38145,1.3818,1.48,2.10
2011.08.19 04:21:46.360,1.38145,1.38179,1.48,1.35
2011.08.19 04:21:46.482,1.38147,1.3818,1.35,1.50
2011.08.19 04:21:47.368,1.38149,1.38184,1.48,3.75
2011.08.19 04:21:49.278,1.38144,1.38172,1.48,1.35
2011.08.19 04:21:49.749,1.3814,1.38172,1.48,1.35
2011.08.19 04:21:53.397,1.38139,1.38171,1.48,1.50
2011.08.19 04:21:54.075,1.38139,1.38171,1.48,1.50
2011.08.19 04:21:54.191,1.38139,1.38171,1.48,1.50
2011.08.19 04:21:54.530,1.38139,1.38171,1.48,1.50
2011.08.19 04:21:54.649,1.38139,1.38171,1.48,1.50
2011.08.19 04:21:54.929,1.38139,1.38171,1.48,1.50
2011.08.19 04:21:55.157,1.38139,1.38171,1.48,1.50
2011.08.19 04:21:55.489,1.38139,1.38171,1.48,1.50
2011.08.19 04:21:55.717,1.38139,1.38171,1.48,1.50
2011.08.19 04:21:55.939,1.38139,1.38171,1.48,1.50
2011.08.19 04:21:56.708,1.38139,1.38171,1.48,1.50
2011.08.19 04:21:56.939,1.38139,1.38171,1.48,1.50
2011.08.19 04:21:57.058,1.38134,1.38166,1.48,2.10
2011.08.19 04:21:57.399,1.38134,1.38166,1.48,2.10
2011.08.19 04:21:58.356,1.38134,1.38165,1.48,1.35
2011.08.19 04:21:58.907,1.38134,1.38165,1.48,1.35
2011.08.19 04:21:59.129,1.38134,1.38164,1.48,1.35
2011.08.19 04:21:59.357,1.38134,1.38165,1.48,1.35
2011.08.19 04:21:59.688,1.38134,1.38163,1.48,1.35
2011.08.19 04:22:00.359,1.38134,1.38164,1.48,1.35
2011.08.19 04:22:00.478,1.38134,1.38164,1.48,1.35
2011.08.19 04:22:00.707,1.38134,1.38164,1.48,1.35
2011.08.19 04:22:01.257,1.38134,1.38163,1.48,1.35
2011.08.19 04:22:01.587,1.38134,1.38163,1.48,1.35
2011.08.19 04:22:02.139,1.38134,1.38163,1.48,1.35
2011.08.19 04:22:02.257,1.38134,1.38164,1.48,1.35
2011.08.19 04:22:02.478,1.38134,1.38163,1.48,1.35
2011.08.19 04:22:02.818,1.38134,1.38163,1.48,1.35
2011.08.19 04:22:03.269,1.38134,1.38165,1.48,1.35
2011.08.19 04:22:04.743,1.38134,1.38164,1.48,1.35
2011.08.19 04:22:08.929,1.38134,1.38163,1.48,1.35
2011.08.19 04:22:09.491,1.38134,1.38166,1.48,1.50
2011.08.19 04:22:09.937,1.38134,1.38166,1.48,1.50
2011.08.19 04:22:10.269,1.38134,1.38163,1.48,1.35
2011.08.19 04:22:10.499,1.38134,1.38166,1.48,1.50
2011.08.19 04:22:11.100,1.38134,1.38166,1.48,1.50
2011.08.19 04:22:11.548,1.38134,1.38166,1.48,1.50
2011.08.19 04:22:11.778,1.38134,1.38166,1.48,1.50
2011.08.19 04:22:12.338,1.38132,1.38161,1.48,1.35
2011.08.19 04:22:12.887,1.38133,1.38162,1.35,1.50
2011.08.19 04:22:14.750,1.38133,1.38162,1.35,1.50
2011.08.19 04:22:15.502,1.38133,1.38162,1.35,1.50
2011.08.19 04:22:16.063,1.38133,1.38162,1.35,1.50
2011.08.19 04:22:17.109,1.38133,1.38162,1.35,1.50
2011.08.19 04:22:17.450,1.3813,1.38158,1.50,1.50
2011.08.19 04:22:18.500,1.38128,1.38158,1.48,1.50
2011.08.19 04:22:18.728,1.38128,1.38158,1.48,1.50
2011.08.19 04:22:19.748,1.38128,1.38158,1.48,1.50
2011.08.19 04:22:20.087,1.38128,1.38158,1.48,1.50
2011.08.19 04:22:29.629,1.38128,1.38158,1.48,1.50
2011.08.19 04:22:31.088,1.38128,1.38158,1.48,1.50
2011.08.19 04:22:31.428,1.38128,1.38158,1.48,1.50
2011.08.19 04:22:32.878,1.38128,1.38157,1.48,2.40
2011.08.19 04:22:33.003,1.38128,1.38158,1.48,1.50
2011.08.19 04:22:33.339,1.38131,1.38158,1.35,1.50
2011.08.19 04:22:33.677,1.38131,1.38163,2.08,1.50
2011.08.19 04:22:34.231,1.38131,1.38163,2.08,1.50
2011.08.19 04:22:35.778,1.38131,1.38163,2.08,1.50
2011.08.19 04:22:36.338,1.38135,1.38166,1.48,1.50
2011.08.19 04:22:36.456,1.38135,1.38166,1.48,1.50
2011.08.19 04:22:37.338,1.38135,1.38162,1.48,2.40
2011.08.19 04:22:38.137,1.38135,1.38166,2.08,1.50
2011.08.19 04:22:38.248,1.38135,1.38166,2.08,1.50
2011.08.19 04:22:38.836,1.38135,1.38166,2.08,1.50
2011.08.19 04:22:43.640,1.38142,1.38166,1.35,1.50
2011.08.19 04:22:43.769,1.38142,1.38171,1.35,1.50
2011.08.19 04:22:44.508,1.38142,1.38171,1.35,1.50
2011.08.19 04:22:44.628,1.38148,1.38171,1.35,1.50
2011.08.19 04:22:44.959,1.38148,1.38177,1.35,1.50
2011.08.19 04:22:45.407,1.38146,1.38177,1.35,1.50
2011.08.19 04:22:45.519,1.38145,1.38174,1.48,1.35
2011.08.19 04:22:45.861,1.38141,1.38174,1.48,1.35
2011.08.19 04:22:45.979,1.38145,1.38175,1.35,1.50
2011.08.19 04:22:47.781,1.38141,1.38169,1.48,1.35
2011.08.19 04:22:48.348,1.38134,1.38151,1.33,2.40
2011.08.19 04:22:48.479,1.38128,1.38151,1.48,3.38
2011.08.19 04:22:48.712,1.38115,1.38148,1.48,2.40
2011.08.19 04:22:48.940,1.38114,1.38144,1.48,1.13
2011.08.19 04:22:49.060,1.38114,1.38138,1.48,1.65
2011.08.19 04:22:49.180,1.38108,1.38138,1.48,2.40
2011.08.19 04:22:49.300,1.38108,1.38138,1.48,1.65
2011.08.19 04:22:49.529,1.38108,1.38139,1.48,1.50
2011.08.19 04:22:51.070,1.38107,1.38139,2.23,1.50
2011.08.19 04:22:51.840,1.38108,1.38139,2.23,1.50
2011.08.19 04:22:52.181,1.3811,1.38139,1.50,1.50
2011.08.19 04:22:52.522,1.38122,1.3815,1.35,1.50
2011.08.19 04:22:52.859,1.38115,1.38144,1.48,2.40
2011.08.19 04:22:53.090,1.38115,1.38144,1.48,2.40
2011.08.19 04:22:53.321,1.38111,1.38144,1.48,2.40
2011.08.19 04:22:53.879,1.38112,1.38142,1.48,1.50
2011.08.19 04:22:54.107,1.38112,1.38142,1.48,1.50
2011.08.19 04:22:54.657,1.38114,1.38142,1.35,1.50
2011.08.19 04:22:55.208,1.38113,1.38142,1.35,1.50
2011.08.19 04:22:55.898,1.38112,1.38142,1.48,2.25
2011.08.19 04:22:56.128,1.3811,1.38142,1.48,1.50
2011.08.19 04:22:56.356,1.3811,1.38142,1.48,1.50
2011.08.19 04:22:57.111,1.3811,1.38142,1.48,1.50
2011.08.19 04:22:57.561,1.3811,1.38142,1.50,2.25
2011.08.19 04:22:58.407,1.38109,1.38142,1.50,2.25
2011.08.19 04:23:01.148,1.38109,1.38139,2.25,1.50
2011.08.19 04:23:01.822,1.38112,1.38145,1.48,2.10
2011.08.19 04:23:02.161,1.38112,1.38145,1.48,2.10
2011.08.19 04:23:02.388,1.38112,1.38145,2.23,2.10
2011.08.19 04:23:02.618,1.38112,1.38145,1.48,2.10
2011.08.19 04:23:04.696,1.38109,1.3814,2.23,1.50
2011.08.19 04:23:04.926,1.38111,1.3814,1.50,1.50
2011.08.19 04:23:06.028,1.3811,1.3814,1.50,1.50
2011.08.19 04:23:06.588,1.38109,1.3814,2.23,1.50
2011.08.19 04:23:07.258,1.38109,1.3814,1.48,2.25
2011.08.19 04:23:07.599,1.38109,1.3814,1.48,2.25
2011.08.19 04:23:09.158,1.38109,1.3814,1.48,1.50
2011.08.19 04:23:10.050,1.381,1.38136,3.75,3.00
2011.08.19 04:23:13.297,1.38107,1.38134,1.35,1.50
2011.08.19 04:23:15.079,1.381,1.38129,1.35,1.50
2011.08.19 04:23:15.421,1.38104,1.38133,1.48,1.50
2011.08.19 04:23:17.367,1.38104,1.38133,1.48,1.50
2011.08.19 04:23:20.328,1.38103,1.38133,1.50,1.50
2011.08.19 04:23:23.039,1.38105,1.38133,1.35,1.50
2011.08.19 04:23:23.400,1.3811,1.38136,1.35,1.50
2011.08.19 04:23:23.847,1.38104,1.38134,2.85,1.50
2011.08.19 04:23:33.677,1.38107,1.3814,2.83,1.50
2011.08.19 04:23:33.897,1.3811,1.3814,1.35,1.50
2011.08.19 04:23:36.757,1.38107,1.38134,1.35,1.50
2011.08.19 04:23:37.748,1.38107,1.38134,1.35,1.50
2011.08.19 04:23:38.697,1.3811,1.38134,1.35,1.50
2011.08.19 04:23:39.138,1.3811,1.38134,1.35,1.50
2011.08.19 04:23:39.259,1.3811,1.38139,1.35,1.50
2011.08.19 04:23:39.487,1.38117,1.38141,1.35,1.50
2011.08.19 04:23:39.708,1.38117,1.38143,1.35,1.50
2011.08.19 04:23:40.047,1.38117,1.38143,1.35,1.50
2011.08.19 04:23:40.488,1.38117,1.38146,1.35,2.25
2011.08.19 04:23:40.609,1.38117,1.38146,1.35,1.50
2011.08.19 04:23:42.059,1.38117,1.38146,1.35,1.50
2011.08.19 04:23:42.727,1.3812,1.38151,1.48,1.50
2011.08.19 04:23:45.480,1.3812,1.38151,1.48,1.50
2011.08.19 04:23:47.308,1.38115,1.38145,1.48,1.50
2011.08.19 04:23:54.228,1.38113,1.3814,1.48,1.35
2011.08.19 04:23:54.568,1.38109,1.3814,1.48,2.10
2011.08.19 04:23:54.898,1.38109,1.3814,1.48,1.35
2011.08.19 04:23:55.337,1.38109,1.38141,1.48,1.50
2011.08.19 04:23:59.500,1.38124,1.38143,1.35,1.50
2011.08.19 04:24:00.028,1.38124,1.38144,1.35,1.50
2011.08.19 04:24:00.156,1.38124,1.38151,1.35,1.50
2011.08.19 04:24:02.058,1.38124,1.38151,1.35,1.50
2011.08.19 04:24:03.540,1.38119,1.38151,1.48,1.50
2011.08.19 04:24:03.769,1.38119,1.38153,1.48,1.35
2011.08.19 04:24:03.888,1.38119,1.38153,1.48,1.35
2011.08.19 04:24:04.226,1.38119,1.38153,1.48,1.35
2011.08.19 04:24:04.668,1.38118,1.38153,2.83,1.35
2011.08.19 04:24:05.119,1.38115,1.38145,1.48,1.35
2011.08.19 04:24:06.259,1.38117,1.38144,1.35,1.50
2011.08.19 04:24:06.837,1.38117,1.38147,1.35,1.50
2011.08.19 04:24:07.899,1.38117,1.38147,2.10,1.50
2011.08.19 04:24:08.128,1.38117,1.38147,2.85,1.50
2011.08.19 04:24:08.469,1.38117,1.38144,1.35,1.50
2011.08.19 04:24:08.588,1.38117,1.38143,1.35,1.50
2011.08.19 04:24:15.233,1.38117,1.38143,1.35,1.50
2011.08.19 04:24:15.567,1.38117,1.38143,1.35,1.50
2011.08.19 04:24:16.449,1.38129,1.38143,2.10,1.50
2011.08.19 04:24:16.569,1.38135,1.38152,1.35,1.65
2011.08.19 04:24:16.690,1.38135,1.38157,1.35,1.50
2011.08.19 04:24:16.811,1.38129,1.38156,1.50,1.50
2011.08.19 04:24:17.040,1.38124,1.38155,1.48,1.50
2011.08.19 04:24:17.601,1.38124,1.38155,1.48,1.50
2011.08.19 04:24:22.837,1.38124,1.38155,1.48,1.50
2011.08.19 04:24:23.844,1.3812,1.38152,1.33,3.15
2011.08.19 04:24:24.071,1.38118,1.38151,1.48,1.35
2011.08.19 04:24:24.818,1.38117,1.38147,2.23,1.50
2011.08.19 04:24:25.636,1.38117,1.38147,1.48,1.50
2011.08.19 04:24:28.759,1.38118,1.38147,1.35,1.50
2011.08.19 04:24:28.879,1.38122,1.38147,1.35,1.50
2011.08.19 04:24:29.218,1.38122,1.38147,1.35,1.50
2011.08.19 04:24:36.029,1.38122,1.38147,1.35,1.50
2011.08.19 04:24:40.059,1.38115,1.38147,1.48,1.50
2011.08.19 04:24:40.288,1.38117,1.38147,1.48,1.50
2011.08.19 04:24:44.391,1.38117,1.38147,1.48,1.50
2011.08.19 04:24:52.857,1.3812,1.38147,1.50,1.50
2011.08.19 04:24:53.190,1.38123,1.3815,2.10,1.50
2011.08.19 04:24:53.308,1.38124,1.38156,1.50,1.50
2011.08.19 04:24:53.530,1.38124,1.38157,1.50,1.50
2011.08.19 04:24:55.530,1.38126,1.38158,1.50,1.50
2011.08.19 04:24:55.869,1.38125,1.38158,2.23,1.50
2011.08.19 04:24:56.373,1.38125,1.38158,1.48,1.50
2011.08.19 04:24:57.179,1.38125,1.38158,1.48,1.50
2011.08.19 04:24:57.517,1.38125,1.38158,2.23,1.50
2011.08.19 04:25:03.258,1.38131,1.3816,1.48,1.35
2011.08.19 04:25:06.449,1.38131,1.38161,1.48,1.50
2011.08.19 04:25:07.187,1.38131,1.38161,1.48,1.50
2011.08.19 04:25:10.997,1.38131,1.38161,1.48,1.50
2011.08.19 04:25:12.347,1.38131,1.38161,1.48,1.50
2011.08.19 04:25:14.619,1.38124,1.38155,1.48,2.10
2011.08.19 04:25:14.739,1.38124,1.38155,1.48,2.10
2011.08.19 04:25:14.968,1.38124,1.38155,1.48,2.10
2011.08.19 04:25:15.302,1.38119,1.3815,1.33,1.50
2011.08.19 04:25:15.638,1.38119,1.3815,1.35,1.50
2011.08.19 04:25:17.070,1.38113,1.38141,1.48,1.13
2011.08.19 04:25:17.763,1.381,1.3813,1.48,1.50
2011.08.19 04:25:17.886,1.38098,1.38127,1.50,1.50
2011.08.19 04:25:18.767,1.38099,1.38127,1.50,1.50
2011.08.19 04:25:20.269,1.38096,1.38127,1.35,1.50
2011.08.19 04:25:20.598,1.38103,1.38131,1.50,1.50
2011.08.19 04:25:21.190,1.38102,1.38131,1.50,1.50
2011.08.19 04:25:24.708,1.38101,1.38131,1.35,1.50
2011.08.19 04:25:24.930,1.381,1.3813,1.48,1.35
2011.08.19 04:25:25.054,1.38096,1.38117,1.48,1.35
2011.08.19 04:25:25.171,1.38094,1.38116,1.48,1.35
2011.08.19 04:25:25.292,1.38082,1.38113,1.35,1.50
2011.08.19 04:25:25.413,1.38081,1.38113,2.10,1.50
2011.08.19 04:25:25.533,1.38085,1.38116,1.48,2.10
2011.08.19 04:25:25.763,1.38078,1.3811,1.48,1.35
2011.08.19 04:25:25.881,1.38079,1.3811,1.48,1.35
2011.08.19 04:25:26.328,1.38081,1.38115,1.35,1.50
2011.08.19 04:25:27.050,1.38081,1.38115,1.35,2.25
2011.08.19 04:25:27.388,1.38085,1.38115,2.10,2.25
2011.08.19 04:25:28.048,1.38087,1.38117,1.35,1.50
2011.08.19 04:25:28.193,1.38089,1.38117,1.48,1.50
2011.08.19 04:25:28.532,1.38089,1.38118,2.23,1.50
2011.08.19 04:25:28.867,1.38091,1.3812,1.50,1.50
2011.08.19 04:25:29.214,1.3809,1.3812,1.50,1.50
2011.08.19 04:25:29.572,1.38089,1.38117,1.48,1.35
2011.08.19 04:25:29.694,1.38085,1.38115,1.48,1.50
2011.08.19 04:25:30.033,1.38081,1.38116,1.50,1.50
2011.08.19 04:25:30.149,1.3808,1.38113,1.35,2.40
2011.08.19 04:25:30.494,1.38081,1.38108,1.13,1.50
2011.08.19 04:25:30.832,1.3808,1.38113,1.48,3.15
2011.08.19 04:25:30.950,1.3808,1.38112,1.48,1.50
2011.08.19 04:25:31.522,1.3808,1.38112,1.48,1.50
2011.08.19 04:25:31.858,1.3808,1.38112,1.48,1.50
2011.08.19 04:25:31.974,1.38079,1.38112,1.48,1.50
2011.08.19 04:25:32.311,1.38075,1.38108,1.33,1.50
2011.08.19 04:25:32.432,1.38075,1.38108,1.33,1.50
2011.08.19 04:25:32.550,1.38074,1.38102,1.48,1.35
2011.08.19 04:25:33.227,1.38081,1.3811,1.35,1.50
2011.08.19 04:25:33.337,1.38081,1.3811,1.35,2.25
2011.08.19 04:25:34.991,1.38081,1.38107,1.35,1.50
2011.08.19 04:25:39.499,1.38081,1.38107,2.10,1.50
2011.08.19 04:25:39.906,1.38082,1.38107,1.50,1.50
2011.08.19 04:25:40.348,1.38081,1.38107,1.50,1.50
2011.08.19 04:25:40.579,1.38081,1.38107,1.50,1.50
2011.08.19 04:25:42.397,1.38081,1.38107,1.50,1.50
2011.08.19 04:25:42.627,1.38081,1.38107,1.50,1.50
2011.08.19 04:25:45.646,1.38081,1.38107,1.50,1.50
2011.08.19 04:25:48.078,1.38083,1.38112,1.48,1.50
2011.08.19 04:25:51.038,1.38086,1.38112,1.35,1.50
2011.08.19 04:25:51.298,1.38086,1.38112,1.35,1.50
2011.08.19 04:25:52.752,1.38078,1.38109,1.48,1.35
2011.08.19 04:25:53.089,1.38075,1.38109,1.48,2.10
2011.08.19 04:25:53.318,1.38076,1.38109,1.48,2.10
2011.08.19 04:25:53.456,1.38076,1.38109,1.48,2.10
2011.08.19 04:25:53.676,1.38076,1.38109,1.48,2.10
2011.08.19 04:25:54.008,1.38076,1.38109,1.48,2.10
2011.08.19 04:25:55.418,1.38078,1.38109,1.35,1.50
2011.08.19 04:25:59.039,1.38078,1.38109,1.35,1.50
2011.08.19 04:25:59.489,1.38076,1.38106,1.48,1.50
2011.08.19 04:25:59.834,1.38073,1.38104,2.83,1.50
2011.08.19 04:25:59.953,1.38068,1.38097,1.48,2.10
2011.08.19 04:26:00.183,1.38064,1.38097,1.48,1.35
2011.08.19 04:26:00.520,1.38064,1.38097,1.85,1.35
2011.08.19 04:26:01.077,1.38064,1.38097,1.85,1.35
2011.08.19 04:26:01.714,1.3807,1.38097,1.48,1.35
2011.08.19 04:26:02.062,1.38077,1.38111,1.48,1.35
2011.08.19 04:26:02.389,1.38078,1.38107,1.48,1.50
2011.08.19 04:26:02.729,1.38074,1.38108,1.35,2.25
2011.08.19 04:26:03.069,1.38085,1.38108,2.25,2.25
2011.08.19 04:26:03.190,1.38088,1.38112,1.35,1.50
2011.08.19 04:26:03.314,1.38078,1.3811,1.48,1.35
2011.08.19 04:26:03.539,1.38078,1.38112,1.48,2.10
2011.08.19 04:26:05.308,1.38084,1.3811,1.35,1.50
2011.08.19 04:26:05.429,1.38084,1.38113,1.35,3.15
2011.08.19 04:26:06.082,1.38086,1.38118,1.35,1.50
2011.08.19 04:26:07.410,1.38086,1.38117,1.35,1.50
2011.08.19 04:26:07.532,1.38085,1.38118,1.35,2.25
2011.08.19 04:26:07.763,1.38084,1.38117,2.08,1.50
2011.08.19 04:26:10.568,1.38084,1.38117,2.08,1.50
2011.08.19 04:26:13.740,1.38084,1.38117,2.83,1.50
2011.08.19 04:26:13.973,1.38087,1.38116,2.23,1.50
2011.08.19 04:26:14.200,1.38089,1.38122,1.48,1.50
2011.08.19 04:26:14.778,1.3809,1.38123,1.48,2.10
2011.08.19 04:26:17.749,1.3809,1.38123,1.48,3.23
2011.08.19 04:26:18.089,1.38086,1.38114,2.23,1.35
2011.08.19 04:26:18.318,1.38082,1.38114,1.48,1.35
2011.08.19 04:26:18.478,1.38082,1.38114,1.48,1.35
2011.08.19 04:26:18.890,1.38081,1.38114,1.48,1.35
2011.08.19 04:26:19.011,1.3808,1.38111,1.48,1.50
2011.08.19 04:26:19.241,1.3808,1.38114,1.48,1.35
2011.08.19 04:26:19.897,1.38079,1.38111,1.33,2.40
2011.08.19 04:26:21.759,1.38079,1.38111,2.08,2.40
2011.08.19 04:26:22.097,1.38079,1.38113,2.08,1.50
2011.08.19 04:26:22.317,1.38079,1.38113,2.08,1.50
2011.08.19 04:26:26.131,1.3808,1.38113,1.50,1.50
2011.08.19 04:26:38.039,1.38079,1.38112,2.08,1.50
2011.08.19 04:26:38.929,1.38079,1.38112,1.48,2.10
2011.08.19 04:26:39.468,1.38079,1.38107,1.48,1.50
2011.08.19 04:26:40.386,1.38058,1.38093,1.48,1.50
2011.08.19 04:26:40.504,1.38055,1.38093,2.23,1.50
2011.08.19 04:26:42.866,1.38056,1.38092,1.48,1.50
2011.08.19 04:26:43.309,1.38056,1.38091,1.48,1.50
2011.08.19 04:26:43.649,1.38056,1.38091,1.48,1.50
2011.08.19 04:26:43.769,1.38056,1.38091,1.48,1.50
2011.08.19 04:26:44.768,1.38056,1.38091,1.48,1.50
2011.08.19 04:26:46.497,1.38056,1.38091,1.48,1.50
2011.08.19 04:26:50.192,1.38059,1.38092,1.50,2.25
2011.08.19 04:26:50.531,1.38057,1.38088,1.48,3.90
2011.08.19 04:26:50.761,1.38058,1.38093,2.23,1.50
2011.08.19 04:26:50.988,1.38058,1.38089,1.48,1.13
2011.08.19 04:26:51.330,1.38052,1.38079,3.75,1.50
2011.08.19 04:26:51.672,1.38053,1.38079,1.35,1.50
2011.08.19 04:26:52.229,1.38053,1.38079,1.35,1.50
2011.08.19 04:26:52.949,1.38049,1.38079,1.48,1.50
2011.08.19 04:26:53.279,1.38055,1.38085,1.35,1.50
2011.08.19 04:26:53.509,1.38055,1.38085,1.35,1.50
2011.08.19 04:26:57.099,1.38055,1.38085,1.35,1.50
2011.08.19 04:26:57.529,1.38055,1.38085,1.35,1.50
2011.08.19 04:27:00.440,1.38061,1.38085,1.13,1.50
2011.08.19 04:27:00.941,1.38066,1.38094,1.35,1.50
2011.08.19 04:27:01.060,1.38062,1.38094,1.48,2.25
2011.08.19 04:27:01.618,1.38063,1.38095,2.23,1.50
2011.08.19 04:27:01.739,1.38069,1.38095,1.48,1.50
2011.08.19 04:27:02.188,1.38069,1.38098,1.48,1.50
2011.08.19 04:27:03.084,1.38067,1.38098,1.48,1.50
2011.08.19 04:27:03.419,1.3806,1.38093,1.48,1.50
2011.08.19 04:27:03.869,1.38058,1.38092,1.48,1.50
2011.08.19 04:27:04.209,1.38058,1.38083,1.48,1.13
2011.08.19 04:27:04.644,1.38058,1.38072,1.48,1.50
2011.08.19 04:27:04.765,1.38047,1.38079,1.35,1.88
2011.08.19 04:27:05.100,1.38047,1.38077,1.35,1.50
2011.08.19 04:27:05.439,1.38046,1.38077,1.35,1.50
2011.08.19 04:27:05.779,1.38042,1.38074,1.48,1.50
2011.08.19 04:27:07.398,1.38042,1.38074,1.48,1.50
2011.08.19 04:27:10.089,1.38047,1.38077,2.08,1.50
2011.08.19 04:27:10.209,1.38047,1.38077,2.08,1.50
2011.08.19 04:27:19.400,1.38044,1.38075,1.50,1.50
2011.08.19 04:27:26.800,1.38048,1.38075,1.35,1.50
2011.08.19 04:27:28.309,1.38048,1.38077,1.35,1.50
2011.08.19 04:27:28.542,1.38046,1.38073,1.48,2.03
2011.08.19 04:27:29.048,1.38039,1.38071,1.35,3.00
2011.08.19 04:27:29.170,1.38039,1.38066,1.35,2.25
2011.08.19 04:27:32.068,1.38033,1.38065,1.48,1.50
2011.08.19 04:27:32.442,1.38033,1.38065,1.48,1.50
2011.08.19 04:27:32.565,1.38033,1.38056,1.48,1.88
2011.08.19 04:27:32.899,1.3802,1.3805,3.75,1.50
2011.08.19 04:27:33.251,1.38002,1.38035,1.48,1.13
2011.08.19 04:27:33.753,1.37999,1.38032,1.48,1.13
2011.08.19 04:27:33.980,1.37999,1.38033,1.48,1.88
2011.08.19 04:27:34.320,1.37999,1.38033,1.48,1.88
2011.08.19 04:27:34.819,1.37999,1.38033,1.48,1.88
2011.08.19 04:27:36.659,1.38001,1.38035,1.48,1.50
2011.08.19 04:27:38.257,1.38001,1.38035,1.48,1.50
2011.08.19 04:27:39.621,1.3801,1.38035,1.35,1.50
2011.08.19 04:27:39.741,1.3801,1.38043,1.35,1.50
2011.08.19 04:27:39.968,1.3801,1.38044,1.35,3.15
2011.08.19 04:27:43.536,1.38014,1.38044,1.48,3.15
2011.08.19 04:27:43.868,1.38014,1.38044,1.48,3.15
2011.08.19 04:27:44.317,1.3801,1.38042,2.08,1.50
2011.08.19 04:27:45.899,1.3801,1.3804,2.08,1.50
2011.08.19 04:27:46.018,1.3801,1.3804,2.08,1.50
2011.08.19 04:27:48.130,1.3801,1.38041,2.08,1.50
2011.08.19 04:27:48.659,1.3801,1.3804,2.08,1.50
2011.08.19 04:27:49.205,1.3801,1.38041,2.08,2.40
2011.08.19 04:27:49.663,1.3801,1.38042,2.08,1.50
2011.08.19 04:27:50.878,1.3801,1.3804,2.08,1.50
2011.08.19 04:27:51.430,1.38018,1.38044,1.35,1.50
2011.08.19 04:27:51.550,1.38018,1.3805,1.35,1.50
2011.08.19 04:27:51.668,1.38018,1.3805,1.35,1.50
2011.08.19 04:27:52.220,1.38018,1.3805,2.08,1.50
2011.08.19 04:27:52.340,1.38018,1.3805,2.08,1.50
2011.08.19 04:27:52.679,1.38018,1.38046,1.35,1.50
2011.08.19 04:27:53.257,1.38018,1.38046,1.35,1.50
2011.08.19 04:27:54.579,1.38018,1.38046,1.35,1.50
2011.08.19 04:27:55.048,1.38018,1.38046,1.35,1.50
2011.08.19 04:27:55.269,1.38018,1.3805,1.35,1.50
2011.08.19 04:27:55.390,1.38018,1.38049,1.35,1.50
2011.08.19 04:27:56.099,1.38025,1.38053,1.35,1.50
2011.08.19 04:27:56.330,1.38025,1.38053,1.35,1.50
2011.08.19 04:27:56.558,1.38025,1.38057,1.35,1.50
2011.08.19 04:27:57.573,1.38033,1.38058,2.40,1.50
2011.08.19 04:27:57.691,1.38033,1.38062,2.40,1.88
2011.08.19 04:27:57.808,1.38036,1.3806,1.35,1.50
2011.08.19 04:27:58.357,1.3803,1.38061,3.13,1.13
2011.08.19 04:27:58.467,1.3803,1.38061,3.13,1.13
2011.08.19 04:27:59.650,1.3803,1.38062,3.13,1.13
2011.08.19 04:27:59.878,1.38031,1.3806,1.50,1.50
2011.08.19 04:28:05.583,1.38034,1.38064,3.13,2.10
2011.08.19 04:28:05.917,1.38034,1.38064,3.13,2.10
2011.08.19 04:28:06.027,1.38034,1.38064,3.13,2.10
2011.08.19 04:28:07.588,1.38041,1.38064,1.35,1.50
2011.08.19 04:28:08.878,1.38042,1.38067,1.48,1.35
2011.08.19 04:28:08.988,1.38034,1.38066,3.13,1.50
2011.08.19 04:28:09.761,1.38034,1.38066,1.48,1.50
2011.08.19 04:28:09.991,1.38034,1.38066,1.48,1.50
2011.08.19 04:28:10.622,1.38034,1.38066,1.48,1.50
2011.08.19 04:28:10.738,1.38034,1.38066,1.48,1.50
2011.08.19 04:28:16.148,1.38035,1.38066,1.50,1.50
2011.08.19 04:28:16.367,1.38035,1.38066,1.50,1.50
2011.08.19 04:28:17.020,1.38034,1.38062,2.40,1.50
2011.08.19 04:28:17.143,1.38031,1.38062,1.48,1.50
2011.08.19 04:28:17.370,1.38031,1.38064,1.48,3.90
2011.08.19 04:28:17.489,1.38031,1.38061,1.48,1.50
2011.08.19 04:28:17.831,1.38023,1.3806,1.48,1.50
2011.08.19 04:28:19.192,1.38023,1.38054,1.48,1.50
2011.08.19 04:28:19.716,1.38023,1.38054,1.48,1.50
2011.08.19 04:28:21.069,1.38025,1.38057,1.50,1.50
2011.08.19 04:28:21.190,1.38025,1.38057,1.50,1.50
2011.08.19 04:28:22.374,1.38026,1.38057,2.23,1.50
2011.08.19 04:28:34.297,1.38026,1.38057,1.48,1.50
2011.08.19 04:28:37.917,1.38026,1.38057,1.48,1.50
2011.08.19 04:28:57.858,1.38026,1.38057,1.48,1.50
2011.08.19 04:29:13.700,1.38026,1.38059,1.50,1.50
2011.08.19 04:29:14.042,1.38032,1.3806,1.50,1.50
2011.08.19 04:29:14.379,1.38033,1.38065,1.50,1.50
2011.08.19 04:29:14.719,1.38033,1.38065,1.50,1.50
2011.08.19 04:29:15.498,1.38033,1.38065,1.50,1.50
2011.08.19 04:29:20.459,1.3803,1.38065,1.35,1.50
2011.08.19 04:29:21.595,1.38031,1.38061,1.50,1.50
2011.08.19 04:29:21.710,1.38031,1.38061,1.50,1.50
2011.08.19 04:29:21.941,1.3803,1.3806,1.35,1.50
2011.08.19 04:29:22.610,1.38031,1.3806,1.50,1.50
2011.08.19 04:29:22.837,1.3803,1.3806,2.10,1.50
2011.08.19 04:29:23.609,1.38031,1.3806,1.50,1.50
2011.08.19 04:29:23.849,1.38031,1.3806,1.50,1.50
2011.08.19 04:29:26.808,1.3803,1.3806,1.35,1.50
2011.08.19 04:29:26.919,1.3803,1.3806,1.35,1.50
2011.08.19 04:29:28.078,1.38023,1.38057,2.08,1.50
2011.08.19 04:29:28.420,1.38023,1.38057,2.08,1.50
2011.08.19 04:29:32.062,1.38024,1.38051,2.40,1.50
2011.08.19 04:29:32.185,1.38024,1.38054,2.40,1.50
2011.08.19 04:29:32.306,1.38036,1.3806,1.35,1.50
2011.08.19 04:29:32.529,1.38036,1.38064,1.35,1.50
2011.08.19 04:29:32.760,1.38033,1.38058,1.35,1.50
2011.08.19 04:29:32.882,1.38033,1.38056,1.35,1.50
2011.08.19 04:29:33.800,1.38033,1.38058,1.35,1.50
2011.08.19 04:29:37.249,1.38026,1.38055,1.35,1.50
2011.08.19 04:29:37.809,1.38026,1.38055,1.35,1.50
2011.08.19 04:29:38.149,1.38027,1.38058,1.48,1.50
2011.08.19 04:29:38.599,1.38027,1.38056,2.40,1.50
2011.08.19 04:29:38.829,1.38026,1.38056,3.00,1.50
2011.08.19 04:29:50.377,1.38026,1.38056,3.00,1.50
2011.08.19 04:29:52.464,1.38026,1.38056,3.00,1.50
2011.08.19 04:29:52.798,1.38026,1.38057,3.00,1.50
2011.08.19 04:29:58.797,1.38029,1.38062,1.48,1.50
2011.08.19 04:29:58.908,1.38029,1.38062,1.48,1.50
2011.08.19 04:30:01.271,1.38029,1.3806,1.48,1.50
2011.08.19 04:30:01.503,1.38029,1.38062,1.48,2.25
2011.08.19 04:30:01.626,1.38028,1.38062,1.48,1.50
2011.08.19 04:30:01.967,1.38027,1.38058,1.48,1.50
2011.08.19 04:30:10.373,1.38027,1.38063,1.48,2.10
2011.08.19 04:30:10.499,1.38027,1.38063,1.48,2.10
2011.08.19 04:30:14.252,1.38027,1.38063,1.48,2.10
2011.08.19 04:30:14.703,1.38027,1.38061,1.48,1.50
2011.08.19 04:30:15.260,1.38027,1.38058,1.48,1.50
2011.08.19 04:30:15.601,1.38027,1.38058,1.48,1.50
2011.08.19 04:30:15.939,1.38026,1.38058,2.23,1.50
2011.08.19 04:30:17.738,1.38027,1.38058,1.48,1.50
2011.08.19 04:30:19.149,1.38032,1.38061,1.35,1.50
2011.08.19 04:30:19.270,1.38032,1.38061,1.35,1.50
2011.08.19 04:30:20.033,1.38032,1.3806,1.35,1.50
2011.08.19 04:30:20.259,1.38032,1.38061,1.35,1.50
2011.08.19 04:30:20.598,1.38037,1.38061,1.35,1.50
2011.08.19 04:30:23.558,1.38037,1.38061,1.35,1.50
2011.08.19 04:30:24.261,1.38037,1.38061,1.35,1.50
2011.08.19 04:30:24.821,1.38037,1.38071,1.35,1.50
2011.08.19 04:30:27.041,1.38039,1.38071,1.35,1.50
2011.08.19 04:30:27.270,1.38041,1.38071,1.48,1.50
2011.08.19 04:30:27.499,1.38041,1.38074,1.48,2.25
2011.08.19 04:30:34.541,1.38051,1.38078,1.35,1.50
2011.08.19 04:30:34.879,1.38051,1.38077,1.35,1.50
2011.08.19 04:30:36.708,1.38045,1.38077,2.08,1.50
2011.08.19 04:30:37.042,1.38045,1.38077,2.08,1.50
2011.08.19 04:30:37.269,1.38045,1.38077,2.08,1.50
2011.08.19 04:30:41.650,1.38048,1.38077,1.35,1.50
2011.08.19 04:30:43.594,1.38048,1.38077,1.35,1.50
2011.08.19 04:30:44.204,1.38048,1.38077,1.35,1.50
2011.08.19 04:30:44.324,1.38048,1.38077,1.35,1.50
2011.08.19 04:30:44.441,1.38048,1.38077,1.35,1.50
2011.08.19 04:30:44.671,1.38042,1.38074,1.48,2.10
2011.08.19 04:30:45.378,1.38042,1.38074,1.48,3.00
2011.08.19 04:30:49.509,1.38042,1.38074,1.48,1.35
2011.08.19 04:30:49.849,1.38042,1.38074,1.48,1.35
2011.08.19 04:30:52.688,1.38042,1.38074,1.48,1.35
2011.08.19 04:30:53.299,1.38045,1.38078,1.48,2.10
2011.08.19 04:30:54.426,1.38045,1.38077,1.48,1.35
2011.08.19 04:30:54.540,1.38046,1.38078,1.35,1.50
2011.08.19 04:30:56.124,1.38046,1.38079,1.35,1.50
2011.08.19 04:30:56.239,1.38049,1.38082,1.48,1.50
2011.08.19 04:30:56.360,1.38049,1.38082,1.48,1.50
2011.08.19 04:30:57.080,1.38049,1.38082,1.48,1.50
2011.08.19 04:30:58.419,1.38049,1.38082,1.48,1.50
2011.08.19 04:30:58.539,1.38049,1.38082,1.48,1.50
2011.08.19 04:30:58.920,1.38049,1.38082,1.48,1.50
2011.08.19 04:31:03.322,1.38049,1.38079,1.48,2.40
2011.08.19 04:31:03.814,1.38049,1.38071,1.48,1.35
2011.08.19 04:31:04.150,1.38037,1.3807,2.08,2.40
2011.08.19 04:31:04.269,1.38037,1.38071,2.08,2.10
2011.08.19 04:31:04.609,1.38042,1.38076,2.08,1.50
2011.08.19 04:31:05.061,1.38049,1.38077,1.35,1.50
2011.08.19 04:31:05.398,1.38049,1.38076,1.35,1.50
2011.08.19 04:31:06.059,1.38048,1.38076,1.35,1.50
2011.08.19 04:31:06.729,1.38049,1.38081,1.35,1.50
2011.08.19 04:31:07.070,1.38055,1.38084,1.48,1.35
2011.08.19 04:31:07.666,1.38055,1.38084,1.48,1.35
2011.08.19 04:31:08.113,1.38059,1.38085,1.35,1.50
2011.08.19 04:31:08.340,1.38064,1.38094,1.48,2.10
2011.08.19 04:31:08.570,1.38063,1.38094,1.48,2.10
2011.08.19 04:31:08.798,1.38064,1.38094,1.48,2.10
2011.08.19 04:31:09.239,1.38064,1.38094,1.48,2.10
2011.08.19 04:31:10.649,1.38064,1.38094,1.48,2.10
2011.08.19 04:31:11.618,1.38064,1.38094,1.48,2.10
2011.08.19 04:31:16.570,1.38064,1.38094,1.48,1.50
2011.08.19 04:31:16.689,1.38064,1.38094,1.48,1.50
2011.08.19 04:31:16.908,1.38064,1.38094,1.48,1.50
2011.08.19 04:31:22.801,1.38064,1.38094,1.48,1.50
2011.08.19 04:31:23.358,1.38062,1.38094,1.48,1.50
2011.08.19 04:31:25.539,1.38063,1.38094,1.48,1.50
2011.08.19 04:31:26.639,1.38062,1.38094,2.23,1.50
2011.08.19 04:31:27.314,1.38063,1.38094,1.48,1.50
2011.08.19 04:31:34.938,1.38064,1.38094,1.48,1.50
2011.08.19 04:31:38.520,1.38064,1.38094,1.48,1.50
2011.08.19 04:31:50.142,1.38064,1.38094,1.48,1.50
2011.08.19 04:31:50.371,1.38064,1.38094,1.48,1.50
2011.08.19 04:32:11.339,1.38064,1.38094,1.48,1.50
2011.08.19 04:32:11.458,1.38064,1.38094,1.48,1.50
2011.08.19 04:32:14.380,1.38064,1.38094,1.48,1.50
2011.08.19 04:32:14.500,1.38064,1.38094,1.48,1.50
2011.08.19 04:32:15.929,1.38064,1.38094,1.48,1.50
2011.08.19 04:32:16.260,1.38064,1.38094,2.23,1.50
2011.08.19 04:32:16.379,1.38064,1.38094,2.23,1.50
2011.08.19 04:32:16.719,1.38065,1.38094,1.50,1.50
2011.08.19 04:32:17.168,1.38064,1.38094,1.48,1.50
2011.08.19 04:32:17.500,1.38066,1.38094,1.50,1.50
2011.08.19 04:32:18.035,1.38064,1.38094,2.23,1.50
2011.08.19 04:32:18.262,1.38064,1.38094,2.23,1.50
2011.08.19 04:32:18.491,1.38064,1.38094,2.23,1.50
2011.08.19 04:32:18.960,1.38064,1.38094,2.23,1.50
2011.08.19 04:32:19.188,1.38064,1.38094,2.23,1.50
2011.08.19 04:32:19.408,1.38064,1.38094,2.23,1.50
2011.08.19 04:32:22.188,1.38064,1.38094,2.23,1.50
2011.08.19 04:32:22.840,1.38064,1.38094,1.48,1.50
2011.08.19 04:32:24.430,1.38064,1.38094,1.48,1.50
2011.08.19 04:32:24.550,1.38064,1.38094,1.48,1.50
2011.08.19 04:32:26.308,1.38064,1.38094,1.48,1.50
2011.08.19 04:32:26.529,1.38064,1.38094,1.48,1.50
2011.08.19 04:32:28.704,1.38064,1.38094,1.48,1.50
2011.08.19 04:32:29.268,1.38064,1.38094,1.48,1.50
2011.08.19 04:32:29.378,1.38064,1.38094,1.48,1.50
2011.08.19 04:32:30.349,1.38064,1.38094,1.48,1.50
2011.08.19 04:32:30.581,1.38064,1.38094,1.48,1.50
2011.08.19 04:32:30.919,1.38064,1.38094,2.23,1.50
2011.08.19 04:32:31.029,1.38064,1.38094,2.23,1.50
2011.08.19 04:32:31.900,1.38064,1.38094,2.23,1.50
2011.08.19 04:32:32.019,1.38064,1.38094,2.23,1.50
2011.08.19 04:32:32.360,1.38064,1.38094,1.48,1.50
2011.08.19 04:32:32.590,1.38064,1.38094,1.48,1.50
2011.08.19 04:32:34.949,1.38064,1.38094,1.48,1.50
2011.08.19 04:32:35.280,1.38064,1.38094,1.48,1.50
2011.08.19 04:32:35.401,1.38064,1.38094,1.48,1.50
2011.08.19 04:32:36.311,1.38064,1.38094,1.48,1.50
2011.08.19 04:32:36.428,1.38064,1.38094,1.48,1.50
2011.08.19 04:32:36.761,1.38064,1.38094,1.48,1.50
2011.08.19 04:32:36.993,1.38064,1.38094,1.48,1.50
2011.08.19 04:32:40.631,1.38065,1.38098,1.48,1.50
2011.08.19 04:32:40.748,1.38065,1.381,1.48,1.50
2011.08.19 04:32:45.900,1.38066,1.381,1.48,1.50
2011.08.19 04:32:46.240,1.38078,1.3811,1.48,1.50
2011.08.19 04:32:46.579,1.38078,1.3811,1.48,1.50
2011.08.19 04:32:47.749,1.38078,1.38105,1.48,1.50
2011.08.19 04:32:48.521,1.3807,1.38104,1.48,2.25
2011.08.19 04:32:52.250,1.38068,1.38102,1.48,1.50
2011.08.19 04:32:59.980,1.3807,1.38102,1.35,1.50
2011.08.19 04:33:00.323,1.38075,1.38104,1.35,1.50
2011.08.19 04:33:00.810,1.38075,1.38104,1.35,1.50
2011.08.19 04:33:03.098,1.38075,1.38105,1.35,1.50
2011.08.19 04:33:04.541,1.38074,1.38103,1.48,2.10
2011.08.19 04:33:04.772,1.38071,1.38103,2.23,2.10
2011.08.19 04:33:04.893,1.38069,1.38101,1.48,1.35
2011.08.19 04:33:05.452,1.38069,1.38097,1.48,1.35
2011.08.19 04:33:05.789,1.38064,1.38097,1.48,2.10
2011.08.19 04:33:06.350,1.38064,1.38097,1.48,2.10
2011.08.19 04:33:06.468,1.38064,1.38097,1.48,2.10
2011.08.19 04:33:06.910,1.38064,1.38097,1.48,2.10
2011.08.19 04:33:17.816,1.38064,1.38097,1.48,2.10
2011.08.19 04:33:24.512,1.38064,1.38097,1.48,2.10
2011.08.19 04:33:24.959,1.38062,1.38093,1.35,1.50
2011.08.19 04:33:26.750,1.38069,1.38093,1.35,1.50
2011.08.19 04:33:27.089,1.38071,1.381,1.35,2.25
2011.08.19 04:33:27.639,1.38071,1.38098,1.35,1.50
2011.08.19 04:33:28.198,1.38071,1.38099,1.35,1.50
2011.08.19 04:33:29.301,1.38065,1.38098,1.48,1.50
2011.08.19 04:33:29.532,1.38065,1.38098,1.48,1.50
2011.08.19 04:33:30.115,1.38065,1.38098,1.48,1.50
2011.08.19 04:33:31.891,1.38074,1.38096,1.50,1.50
2011.08.19 04:33:32.121,1.38069,1.38095,1.35,1.50
2011.08.19 04:33:32.351,1.38069,1.38099,1.35,1.50
2011.08.19 04:33:32.580,1.3807,1.38104,1.48,2.85
2011.08.19 04:33:36.260,1.3807,1.38104,1.48,2.85
2011.08.19 04:33:41.111,1.3807,1.38102,1.48,1.50
2011.08.19 04:33:41.342,1.38069,1.38103,1.33,1.50
2011.08.19 04:33:41.460,1.38066,1.38101,1.33,1.50
2011.08.19 04:33:42.020,1.38066,1.38101,1.48,3.00
2011.08.19 04:33:42.980,1.38066,1.38099,1.48,1.50
2011.08.19 04:33:43.099,1.38063,1.38096,1.48,2.25
2011.08.19 04:33:43.330,1.38063,1.38096,1.48,2.25
2011.08.19 04:33:43.691,1.38063,1.38096,1.48,2.25
2011.08.19 04:33:45.363,1.38066,1.38095,1.50,1.50
2011.08.19 04:33:45.962,1.38069,1.38101,1.48,1.50
2011.08.19 04:33:46.302,1.38072,1.38104,1.48,1.35
2011.08.19 04:33:46.420,1.38072,1.38104,1.48,1.35
2011.08.19 04:33:46.540,1.38072,1.38104,1.48,1.35
2011.08.19 04:33:47.391,1.38072,1.38104,1.48,1.35
2011.08.19 04:33:48.059,1.38072,1.38103,1.48,1.50
2011.08.19 04:33:49.009,1.3807,1.381,1.48,1.50
2011.08.19 04:33:49.590,1.3807,1.381,1.48,1.50
2011.08.19 04:33:53.588,1.3807,1.381,1.48,1.50
2011.08.19 04:33:53.709,1.3807,1.38104,1.50,2.10
2011.08.19 04:33:53.823,1.38068,1.38102,1.48,2.40
2011.08.19 04:33:54.283,1.38073,1.38104,1.50,1.50
2011.08.19 04:33:54.511,1.38071,1.38104,1.48,1.50
2011.08.19 04:33:54.850,1.38069,1.38099,1.50,1.50
2011.08.19 04:33:55.190,1.38066,1.38099,1.48,1.50
2011.08.19 04:33:57.073,1.38067,1.38095,1.48,1.50
2011.08.19 04:33:57.745,1.38063,1.38091,1.35,1.50
2011.08.19 04:33:59.559,1.38061,1.38089,1.48,1.35
2011.08.19 04:34:01.112,1.38061,1.38087,1.48,1.35
2011.08.19 04:34:03.023,1.38059,1.38086,1.50,1.50
2011.08.19 04:34:03.360,1.38054,1.38089,2.08,2.40
2011.08.19 04:34:03.700,1.38054,1.38089,2.08,2.40
2011.08.19 04:34:07.459,1.38058,1.38089,1.48,2.40
2011.08.19 04:34:08.609,1.38055,1.38087,1.48,1.50
2011.08.19 04:34:09.979,1.38055,1.38087,1.48,1.50
2011.08.19 04:34:13.414,1.38054,1.38072,1.48,2.10
2011.08.19 04:34:13.757,1.38039,1.38064,1.35,2.40
2011.08.19 04:34:13.874,1.38039,1.38071,1.35,3.00
2011.08.19 04:34:14.103,1.38038,1.3807,1.48,1.35
2011.08.19 04:34:14.690,1.38034,1.38067,1.48,1.35
2011.08.19 04:34:19.788,1.38034,1.38067,1.48,1.35
2011.08.19 04:34:20.780,1.38038,1.38069,1.35,3.15
2011.08.19 04:34:27.517,1.38038,1.38069,2.08,2.40
2011.08.19 04:34:28.211,1.38038,1.38069,2.08,3.15
2011.08.19 04:34:28.780,1.38038,1.38069,2.08,2.40
2011.08.19 04:34:29.010,1.38041,1.38073,1.48,1.35
2011.08.19 04:34:29.238,1.38041,1.38073,1.48,1.35
2011.08.19 04:34:29.687,1.38041,1.38073,1.48,1.35
2011.08.19 04:34:31.451,1.38041,1.38074,1.48,2.48
2011.08.19 04:34:31.790,1.38041,1.3807,1.48,1.65
2011.08.19 04:34:31.910,1.38041,1.38074,2.23,1.35
2011.08.19 04:34:32.029,1.38041,1.38074,1.48,1.35
2011.08.19 04:34:32.628,1.38041,1.38073,1.48,1.35
2011.08.19 04:34:34.010,1.38041,1.38073,1.48,1.35
2011.08.19 04:34:34.240,1.38046,1.38069,1.48,1.65
2011.08.19 04:34:34.361,1.38046,1.38073,1.48,1.35
2011.08.19 04:34:34.480,1.38046,1.38069,1.48,1.65
2011.08.19 04:34:34.819,1.38046,1.38075,1.48,1.35
2011.08.19 04:34:34.940,1.38047,1.38076,1.35,1.50
2011.08.19 04:34:35.171,1.38049,1.38083,1.50,1.88
2011.08.19 04:34:35.289,1.38053,1.38086,1.35,1.50
2011.08.19 04:34:35.411,1.38053,1.38086,1.50,2.10
2011.08.19 04:34:36.073,1.38056,1.38083,1.48,2.25
2011.08.19 04:34:36.192,1.38056,1.38083,1.48,1.65
2011.08.19 04:34:36.422,1.38067,1.38088,1.35,2.25
2011.08.19 04:34:36.761,1.38061,1.38092,2.25,1.35
2011.08.19 04:34:36.993,1.38064,1.38092,1.35,1.50
2011.08.19 04:34:37.223,1.38064,1.38093,1.35,1.50
2011.08.19 04:34:37.564,1.38064,1.38096,1.35,2.40
2011.08.19 04:34:37.683,1.38066,1.38097,1.48,1.50
2011.08.19 04:34:37.801,1.38066,1.38097,1.48,1.50
2011.08.19 04:34:47.481,1.38062,1.38095,2.08,1.50
2011.08.19 04:34:47.600,1.38062,1.38096,2.08,2.10
2011.08.19 04:34:48.180,1.38062,1.38095,2.83,1.50
2011.08.19 04:34:48.665,1.38062,1.38095,2.08,1.50
2011.08.19 04:34:48.890,1.38062,1.38095,2.08,3.15
2011.08.19 04:34:49.450,1.38054,1.38086,1.48,1.50
2011.08.19 04:34:50.229,1.38054,1.38086,1.48,2.25
2011.08.19 04:34:50.792,1.38053,1.38083,1.35,1.50
2011.08.19 04:34:51.351,1.38051,1.38081,1.48,1.50
2011.08.19 04:34:51.470,1.38049,1.3808,1.35,1.50
2011.08.19 04:34:52.028,1.38049,1.38078,1.35,2.25
2011.08.19 04:34:52.279,1.38049,1.38078,1.35,1.50
2011.08.19 04:34:52.388,1.38054,1.38081,1.48,1.50
2011.08.19 04:34:52.499,1.38054,1.38083,1.48,2.40
2011.08.19 04:34:53.329,1.38054,1.38081,1.48,1.35
2011.08.19 04:34:54.318,1.38048,1.38079,1.48,1.35
2011.08.19 04:34:54.800,1.38048,1.38079,1.48,1.35
2011.08.19 04:34:54.921,1.3805,1.38079,1.50,1.35
2011.08.19 04:34:55.041,1.38052,1.38084,1.48,1.50
2011.08.19 04:34:55.615,1.38055,1.38088,1.48,2.10
2011.08.19 04:34:56.148,1.38055,1.38087,1.48,1.35
2011.08.19 04:34:57.032,1.38055,1.38088,1.48,3.15
2011.08.19 04:34:57.369,1.3806,1.3809,1.48,1.35
2011.08.19 04:34:57.921,1.3806,1.3809,1.48,1.35
2011.08.19 04:34:58.148,1.3806,1.38087,1.48,1.35
2011.08.19 04:34:58.372,1.3806,1.38088,1.48,2.40
2011.08.19 04:34:58.601,1.38056,1.3809,1.48,2.10
2011.08.19 04:34:58.831,1.3806,1.38093,2.10,2.25
2011.08.19 04:34:58.949,1.38062,1.38094,1.48,1.50
2011.08.19 04:34:59.479,1.38062,1.38094,1.48,1.50
2011.08.19 04:34:59.589,1.38062,1.38094,1.48,1.50
2011.08.19 04:34:59.708,1.38062,1.38094,1.48,1.50
2011.08.19 04:35:00.319,1.38062,1.38094,1.48,1.50
2011.08.19 04:35:00.540,1.3806,1.38091,1.35,2.25
2011.08.19 04:35:02.218,1.3806,1.38089,1.35,1.50
2011.08.19 04:35:02.600,1.38074,1.38105,1.35,1.50
2011.08.19 04:35:02.940,1.38074,1.38107,1.35,1.50
2011.08.19 04:35:04.504,1.38075,1.38109,1.48,2.10
2011.08.19 04:35:05.449,1.38076,1.38108,1.48,2.40
2011.08.19 04:35:06.193,1.38073,1.38102,1.48,1.35
2011.08.19 04:35:06.334,1.38073,1.38104,1.48,1.50
2011.08.19 04:35:09.929,1.38075,1.38107,1.48,1.50
2011.08.19 04:35:10.163,1.38075,1.381,1.48,1.35
2011.08.19 04:35:10.393,1.38069,1.381,1.50,1.35
2011.08.19 04:35:11.870,1.38067,1.38093,1.48,1.35
2011.08.19 04:35:12.211,1.38061,1.38092,1.48,1.35
2011.08.19 04:35:12.441,1.38061,1.38093,1.48,1.35
2011.08.19 04:35:12.891,1.38061,1.38095,1.48,1.35
2011.08.19 04:35:14.569,1.38062,1.38095,1.50,1.35
2011.08.19 04:35:14.911,1.38073,1.38108,1.48,2.25
2011.08.19 04:35:16.613,1.38074,1.38107,1.48,1.50
2011.08.19 04:35:16.839,1.38074,1.38107,1.48,1.50
2011.08.19 04:35:17.060,1.38074,1.38107,1.48,1.50
2011.08.19 04:35:17.399,1.38074,1.38107,1.48,1.50
2011.08.19 04:35:18.789,1.38074,1.38107,1.48,1.50
2011.08.19 04:35:19.134,1.38074,1.38105,1.48,1.35
2011.08.19 04:35:25.230,1.38075,1.38107,1.35,1.50
2011.08.19 04:35:25.463,1.38075,1.38104,1.35,1.50
2011.08.19 04:35:25.581,1.38073,1.38104,1.35,1.50
2011.08.19 04:35:25.813,1.38075,1.38103,1.35,1.50
2011.08.19 04:35:26.040,1.3807,1.38099,1.48,1.35
2011.08.19 04:35:26.161,1.3807,1.38099,1.35,1.50
2011.08.19 04:35:26.500,1.38072,1.38099,1.35,1.50
2011.08.19 04:35:26.839,1.38072,1.38099,1.35,1.50
2011.08.19 04:35:27.172,1.38078,1.38106,1.50,1.50
2011.08.19 04:35:27.669,1.38074,1.38104,1.48,1.50
2011.08.19 04:35:28.004,1.38079,1.38107,1.33,1.50
2011.08.19 04:35:28.122,1.38081,1.38108,1.50,1.50
2011.08.19 04:35:28.460,1.3808,1.38111,1.35,1.50
2011.08.19 04:35:28.581,1.3808,1.38107,1.35,1.50
2011.08.19 04:35:28.982,1.3808,1.38103,1.35,1.50
2011.08.19 04:35:30.542,1.3808,1.38105,1.35,2.25
2011.08.19 04:35:30.664,1.3808,1.38108,2.10,1.50
2011.08.19 04:35:30.780,1.3808,1.38108,2.10,1.50
2011.08.19 04:35:31.009,1.3808,1.38108,2.10,1.50
2011.08.19 04:35:33.051,1.3808,1.38108,1.35,1.50
2011.08.19 04:35:33.626,1.3808,1.38108,2.10,1.50
2011.08.19 04:35:34.829,1.3808,1.38108,2.10,1.50
2011.08.19 04:35:35.050,1.38076,1.38108,1.50,1.50
2011.08.19 04:35:35.279,1.38074,1.38105,1.48,1.50
2011.08.19 04:35:37.204,1.38073,1.38106,2.08,1.50
2011.08.19 04:35:37.432,1.3807,1.38104,1.48,2.10
2011.08.19 04:35:39.141,1.38071,1.38104,2.23,1.35
2011.08.19 04:35:39.374,1.38071,1.38101,1.48,1.50
2011.08.19 04:35:42.001,1.38072,1.38105,2.85,1.50
2011.08.19 04:35:42.339,1.3808,1.38111,1.48,1.50
2011.08.19 04:35:49.133,1.38094,1.38124,1.48,1.50
2011.08.19 04:35:49.689,1.38101,1.38127,1.48,1.13
2011.08.19 04:35:51.801,1.381,1.38119,1.48,1.35
2011.08.19 04:35:52.029,1.38092,1.38119,1.48,1.35
2011.08.19 04:35:52.491,1.38088,1.38119,1.48,3.75
2011.08.19 04:35:52.832,1.38088,1.38118,1.48,2.40
2011.08.19 04:35:52.951,1.38085,1.38118,1.48,3.00
2011.08.19 04:35:53.070,1.38083,1.38116,1.48,1.35
2011.08.19 04:35:56.519,1.38084,1.38116,1.48,1.50
2011.08.19 04:35:56.974,1.38086,1.38118,1.48,1.50
2011.08.19 04:35:58.500,1.38086,1.38118,1.48,3.15
2011.08.19 04:36:00.472,1.38086,1.38118,1.48,3.15
2011.08.19 04:36:02.323,1.38089,1.38122,2.23,2.10
2011.08.19 04:36:02.857,1.38095,1.38122,1.48,1.35
2011.08.19 04:36:02.971,1.3809,1.38122,1.48,1.35
2011.08.19 04:36:03.531,1.38087,1.3812,2.83,1.65
2011.08.19 04:36:03.652,1.38087,1.3812,2.08,2.40
2011.08.19 04:36:04.590,1.38086,1.38116,1.35,2.63
2011.08.19 04:36:04.710,1.38082,1.38112,1.48,1.35
2011.08.19 04:36:04.943,1.38082,1.3811,1.48,1.65
2011.08.19 04:36:05.064,1.38079,1.38112,1.48,1.35
2011.08.19 04:36:05.181,1.38079,1.38112,1.48,1.35
2011.08.19 04:36:05.519,1.3808,1.38109,1.48,1.50
2011.08.19 04:36:06.471,1.38097,1.38127,1.48,1.35
2011.08.19 04:36:06.589,1.38097,1.38127,1.48,1.35
2011.08.19 04:36:06.699,1.38097,1.38127,1.48,1.35
2011.08.19 04:36:07.031,1.38097,1.38121,1.48,1.35
2011.08.19 04:36:07.150,1.38097,1.38118,1.48,1.35
2011.08.19 04:36:07.270,1.3809,1.38118,1.48,1.35
