2017.12.12 16:00:00.080,1.55317,1.55335,1.00,1.87
2017.12.12 16:00:00.187,1.55315,1.55332,1.00,1.31
2017.12.12 16:00:00.339,1.55314,1.55331,1.50,1.00
2017.12.12 16:00:00.657,1.55317,1.55333,1.25,1.12
2017.12.12 16:00:00.711,1.55319,1.55335,1.00,1.12
2017.12.12 16:00:01.049,1.55317,1.55334,1.69,1.00
2017.12.12 16:00:01.516,1.55314,1.55331,1.87,1.87
2017.12.12 16:00:01.834,1.55317,1.55332,1.44,3.37
2017.12.12 16:00:01.939,1.55318,1.55335,1.00,1.19
2017.12.12 16:00:02.066,1.55321,1.55336,1.00,1.31
2017.12.12 16:00:02.272,1.55318,1.55336,1.19,2.44
2017.12.12 16:00:02.583,1.55322,1.55336,1.00,1.00
2017.12.12 16:00:02.635,1.55325,1.5534,1.00,2.44
2017.12.12 16:00:02.942,1.55329,1.55343,1.00,1.12
2017.12.12 16:00:03.469,1.55328,1.55343,1.50,1.25
2017.12.12 16:00:03.811,1.55325,1.55342,1.00,1.50
2017.12.12 16:00:03.863,1.55326,1.55343,1.50,1.54
2017.12.12 16:00:03.966,1.55328,1.55343,1.00,1.35
2017.12.12 16:00:04.475,1.55328,1.55344,1.00,1.31
2017.12.12 16:00:04.784,1.55331,1.55348,1.50,2.25
2017.12.12 16:00:05.135,1.55334,1.55348,1.00,2.25
2017.12.12 16:00:05.188,1.5533,1.55347,1.00,1.87
2017.12.12 16:00:05.655,1.55332,1.55347,1.00,1.12
2017.12.12 16:00:05.760,1.5533,1.55347,1.00,1.69
2017.12.12 16:00:06.264,1.55329,1.55346,1.50,1.12
2017.12.12 16:00:06.777,1.5533,1.55347,1.00,2.44
2017.12.12 16:00:07.278,1.55331,1.55346,1.50,1.00
2017.12.12 16:00:07.857,1.55329,1.55346,1.69,1.00
2017.12.12 16:00:07.911,1.55332,1.55347,1.00,1.31
2017.12.12 16:00:07.963,1.55329,1.55347,1.69,1.31
2017.12.12 16:00:08.970,1.55331,1.55347,1.00,1.12
2017.12.12 16:00:09.406,1.55334,1.55348,1.00,1.50
2017.12.12 16:00:09.820,1.55333,1.55349,1.00,2.06
2017.12.12 16:00:10.568,1.55332,1.55347,1.00,1.00
2017.12.12 16:00:11.090,1.55332,1.55348,1.00,2.81
2017.12.12 16:00:11.398,1.55329,1.55346,1.50,1.24
2017.12.12 16:00:11.450,1.55329,1.55347,1.00,1.12
2017.12.12 16:00:11.573,1.55327,1.55346,1.69,2.85
2017.12.12 16:00:11.889,1.55333,1.5535,1.00,1.50
2017.12.12 16:00:12.239,1.55331,1.55348,1.00,1.50
2017.12.12 16:00:12.651,1.55333,1.5535,1.00,3.56
2017.12.12 16:00:12.977,1.55334,1.55349,1.50,1.19
2017.12.12 16:00:13.236,1.55334,1.55351,1.00,2.06
2017.12.12 16:00:13.414,1.55333,1.55349,1.00,1.44
2017.12.12 16:00:13.518,1.55331,1.55348,1.00,1.19
2017.12.12 16:00:13.884,1.55329,1.55346,1.50,2.62
2017.12.12 16:00:14.248,1.55332,1.55348,1.00,1.87
2017.12.12 16:00:14.300,1.5533,1.55347,1.00,1.31
2017.12.12 16:00:14.851,1.5533,1.55346,1.00,1.00
2017.12.12 16:00:15.354,1.5533,1.55347,1.00,2.06
2017.12.12 16:00:15.872,1.55329,1.55347,1.00,2.81
2017.12.12 16:00:16.418,1.55329,1.55345,1.00,1.00
2017.12.12 16:00:16.952,1.55329,1.55346,1.00,1.87
2017.12.12 16:00:17.473,1.55328,1.55346,1.25,1.69
2017.12.12 16:00:17.986,1.55328,1.55345,1.25,1.12
2017.12.12 16:00:18.802,1.55329,1.55345,1.00,1.12
2017.12.12 16:00:19.120,1.55326,1.55343,1.69,1.72
2017.12.12 16:00:19.173,1.55324,1.55341,1.19,2.44
2017.12.12 16:00:19.226,1.55322,1.55339,1.19,1.62
2017.12.12 16:00:19.330,1.5532,1.5534,1.69,3.19
2017.12.12 16:00:19.661,1.55322,1.55339,1.00,2.06
2017.12.12 16:00:20.222,1.55326,1.55341,1.00,1.31
2017.12.12 16:00:20.379,1.55334,1.5535,2.44,1.37
2017.12.12 16:00:20.432,1.55338,1.55353,1.00,1.69
2017.12.12 16:00:20.744,1.55332,1.55349,1.00,2.44
2017.12.12 16:00:21.489,1.55332,1.55349,1.12,1.12
2017.12.12 16:00:22.091,1.55332,1.5535,1.31,2.25
2017.12.12 16:00:23.379,1.55337,1.5535,1.00,2.25
2017.12.12 16:00:23.689,1.55336,1.55342,1.00,1.00
2017.12.12 16:00:23.843,1.55335,1.55345,1.00,1.25
2017.12.12 16:00:24.194,1.55334,1.55343,1.00,1.00
2017.12.12 16:00:24.504,1.55336,1.55344,1.00,1.00
2017.12.12 16:00:24.608,1.55334,1.55344,1.00,1.50
2017.12.12 16:00:24.865,1.5533,1.5534,1.00,1.37
2017.12.12 16:00:24.917,1.55328,1.5534,1.00,1.87
2017.12.12 16:00:25.072,1.55329,1.55341,1.00,2.25
2017.12.12 16:00:25.175,1.55332,1.55341,1.00,1.12
2017.12.12 16:00:25.851,1.55332,1.55343,1.00,1.12
2017.12.12 16:00:26.159,1.55334,1.55345,1.50,1.31
2017.12.12 16:00:26.211,1.55335,1.55349,1.00,1.87
2017.12.12 16:00:26.263,1.5534,1.55351,1.00,3.00
2017.12.12 16:00:26.315,1.55342,1.55353,1.00,1.50
2017.12.12 16:00:26.830,1.55338,1.55349,1.00,2.25
2017.12.12 16:00:26.883,1.55336,1.55348,1.00,1.50
2017.12.12 16:00:26.935,1.55338,1.55348,1.00,1.50
2017.12.12 16:00:27.141,1.55339,1.55351,1.00,1.00
2017.12.12 16:00:27.701,1.5534,1.55354,1.00,1.12
2017.12.12 16:00:27.848,1.55342,1.55354,1.00,2.62
2017.12.12 16:00:28.166,1.55342,1.55352,1.00,1.00
2017.12.12 16:00:28.540,1.55342,1.55355,1.00,1.87
2017.12.12 16:00:28.644,1.55341,1.5535,1.00,1.75
2017.12.12 16:00:28.763,1.5534,1.55352,1.00,2.25
2017.12.12 16:00:28.817,1.55339,1.55351,1.00,1.75
2017.12.12 16:00:29.180,1.55341,1.55354,1.00,1.75
2017.12.12 16:00:29.233,1.55343,1.55356,1.00,3.19
2017.12.12 16:00:29.388,1.55343,1.55356,1.00,1.31
2017.12.12 16:00:29.492,1.55345,1.55359,1.00,2.00
2017.12.12 16:00:30.003,1.55346,1.5536,1.00,2.44
2017.12.12 16:00:30.620,1.55348,1.5536,1.00,2.25
2017.12.12 16:00:30.724,1.55349,1.5536,1.00,1.25
2017.12.12 16:00:30.777,1.55347,1.5536,1.00,1.25
2017.12.12 16:00:31.363,1.55349,1.5536,1.00,1.31
2017.12.12 16:00:31.900,1.55349,1.55361,1.00,1.31
2017.12.12 16:00:32.423,1.5535,1.55362,1.00,1.67
2017.12.12 16:00:32.827,1.5535,1.55359,1.00,1.00
2017.12.12 16:00:33.144,1.55346,1.55355,1.00,1.00
2017.12.12 16:00:33.195,1.55344,1.55355,1.00,1.12
2017.12.12 16:00:33.372,1.55344,1.55354,1.00,1.50
2017.12.12 16:00:33.476,1.55341,1.55353,1.00,1.12
2017.12.12 16:00:34.009,1.55342,1.55355,1.00,1.69
2017.12.12 16:00:34.553,1.55342,1.55355,1.00,2.06
2017.12.12 16:00:34.778,1.55338,1.55353,1.00,1.25
2017.12.12 16:00:34.833,1.55344,1.55355,1.00,1.00
2017.12.12 16:00:35.173,1.55341,1.55357,1.69,1.12
2017.12.12 16:00:35.279,1.5534,1.55357,1.50,3.00
2017.12.12 16:00:35.859,1.55339,1.55354,1.12,1.00
2017.12.12 16:00:36.265,1.55338,1.55353,1.19,1.75
2017.12.12 16:00:36.318,1.55335,1.5535,1.50,1.12
2017.12.12 16:00:36.370,1.55334,1.55349,1.87,1.00
2017.12.12 16:00:37.460,1.55333,1.55348,1.50,1.00
2017.12.12 16:00:38.260,1.55333,1.5535,2.19,1.12
2017.12.12 16:00:38.414,1.55333,1.5535,1.12,1.12
2017.12.12 16:00:38.828,1.55334,1.5535,1.94,1.00
2017.12.12 16:00:39.412,1.55333,1.5535,1.87,1.00
2017.12.12 16:00:39.781,1.55332,1.55347,1.69,1.00
2017.12.12 16:00:39.936,1.55332,1.55349,2.06,1.00
2017.12.12 16:00:40.313,1.55332,1.55347,1.69,1.00
2017.12.12 16:00:40.674,1.55332,1.55347,1.50,1.00
2017.12.12 16:00:41.234,1.55332,1.55346,1.12,1.00
2017.12.12 16:00:41.747,1.55333,1.55347,1.94,1.25
2017.12.12 16:00:41.954,1.55333,1.55349,1.69,1.00
2017.12.12 16:00:42.006,1.55332,1.55347,1.19,1.12
2017.12.12 16:00:42.117,1.5533,1.55345,1.31,1.19
2017.12.12 16:00:42.687,1.55327,1.55343,1.94,1.00
2017.12.12 16:00:42.809,1.55326,1.55342,1.25,1.00
2017.12.12 16:00:42.862,1.55324,1.55339,1.69,1.00
2017.12.12 16:00:42.915,1.55322,1.55339,4.12,1.00
2017.12.12 16:00:43.573,1.55323,1.55339,2.44,1.50
2017.12.12 16:00:44.383,1.55324,1.55339,2.00,1.00
2017.12.12 16:00:44.444,1.55322,1.55338,3.19,1.00
2017.12.12 16:00:44.496,1.55323,1.55341,1.94,3.56
2017.12.12 16:00:44.756,1.55323,1.55341,1.19,3.19
2017.12.12 16:00:44.860,1.55323,1.55341,1.69,3.56
2017.12.12 16:00:45.170,1.55324,1.55339,1.69,1.62
2017.12.12 16:00:45.253,1.55322,1.55338,1.69,1.62
2017.12.12 16:00:45.460,1.55322,1.55339,1.12,1.00
2017.12.12 16:00:45.514,1.55322,1.55341,2.44,3.00
2017.12.12 16:00:46.212,1.55328,1.55343,2.25,1.25
2017.12.12 16:00:46.731,1.55329,1.55344,1.12,1.00
2017.12.12 16:00:47.080,1.5533,1.55346,1.69,1.19
2017.12.12 16:00:47.394,1.55332,1.55345,1.50,1.00
2017.12.12 16:00:47.498,1.55332,1.55347,1.50,1.00
2017.12.12 16:00:48.145,1.55332,1.55345,1.50,1.00
2017.12.12 16:00:48.250,1.55333,1.55347,1.12,1.00
2017.12.12 16:00:48.610,1.55333,1.55349,1.12,1.50
2017.12.12 16:00:49.037,1.55334,1.5535,2.44,1.00
2017.12.12 16:00:49.194,1.55338,1.55353,1.12,1.25
2017.12.12 16:00:49.247,1.55339,1.55353,2.25,1.00
2017.12.12 16:00:49.300,1.55341,1.55355,2.25,1.00
2017.12.12 16:00:49.696,1.55339,1.55357,2.06,2.62
2017.12.12 16:00:49.750,1.5534,1.55356,1.31,1.31
2017.12.12 16:00:50.302,1.5534,1.55356,1.31,1.12
2017.12.12 16:00:50.456,1.5534,1.55358,1.31,2.62
2017.12.12 16:00:50.508,1.5534,1.55357,1.19,1.50
2017.12.12 16:00:51.039,1.5534,1.55357,1.00,1.69
2017.12.12 16:00:51.666,1.55341,1.55358,1.00,1.31
2017.12.12 16:00:52.179,1.5534,1.55359,1.12,4.31
2017.12.12 16:00:52.581,1.55339,1.55354,1.12,1.00
2017.12.12 16:00:52.841,1.55337,1.55353,1.69,1.50
2017.12.12 16:00:52.893,1.55337,1.55348,1.00,1.50
2017.12.12 16:00:53.099,1.5533,1.55347,1.69,1.50
2017.12.12 16:00:53.254,1.55333,1.55349,1.00,2.10
2017.12.12 16:00:53.718,1.55335,1.5535,1.44,1.12
2017.12.12 16:00:53.926,1.55338,1.55355,2.44,2.10
2017.12.12 16:00:54.434,1.55338,1.55355,1.00,2.10
2017.12.12 16:00:55.029,1.55339,1.55355,1.00,1.72
2017.12.12 16:00:55.286,1.55339,1.55355,1.00,2.06
2017.12.12 16:00:55.338,1.55339,1.55355,1.00,1.50
2017.12.12 16:00:56.041,1.55339,1.55354,1.00,1.19
2017.12.12 16:00:56.474,1.55338,1.55355,2.25,1.30
2017.12.12 16:00:56.682,1.55341,1.55355,1.50,1.00
2017.12.12 16:00:56.785,1.55341,1.55357,1.00,1.50
2017.12.12 16:00:57.018,1.5534,1.55353,1.00,1.00
2017.12.12 16:00:57.312,1.55338,1.55352,2.62,1.00
2017.12.12 16:00:57.364,1.55338,1.55356,2.62,1.00
2017.12.12 16:00:57.893,1.55339,1.55356,1.00,1.12
2017.12.12 16:00:58.421,1.55338,1.55355,1.00,1.00
2017.12.12 16:00:58.756,1.55339,1.55356,1.00,3.97
2017.12.12 16:00:59.016,1.55337,1.55352,1.69,1.94
2017.12.12 16:00:59.070,1.55339,1.55352,1.00,1.87
2017.12.12 16:00:59.123,1.55337,1.55352,1.00,1.87
2017.12.12 16:00:59.228,1.55331,1.55347,1.00,2.62
2017.12.12 16:00:59.334,1.55326,1.5534,1.50,1.87
2017.12.12 16:00:59.386,1.55325,1.5534,1.00,1.87
2017.12.12 16:00:59.790,1.55331,1.55342,1.25,1.00
2017.12.12 16:00:59.843,1.55335,1.55349,1.87,3.75
2017.12.12 16:00:59.895,1.5534,1.55349,1.00,2.25
2017.12.12 16:00:59.948,1.5534,1.55354,1.00,1.19
2017.12.12 16:01:00.051,1.55342,1.55354,1.00,1.00
2017.12.12 16:01:00.103,1.55342,1.55357,1.00,3.19
2017.12.12 16:01:00.567,1.55344,1.55357,1.00,1.12
2017.12.12 16:01:01.163,1.55344,1.55359,1.00,1.50
2017.12.12 16:01:01.507,1.55346,1.5536,1.00,1.69
2017.12.12 16:01:01.816,1.55344,1.55359,1.00,1.50
2017.12.12 16:01:02.432,1.55344,1.55358,1.00,2.00
2017.12.12 16:01:02.587,1.55344,1.5536,1.00,5.62
2017.12.12 16:01:02.742,1.55346,1.5536,1.00,1.87
2017.12.12 16:01:03.263,1.55346,1.5536,1.00,1.00
2017.12.12 16:01:04.072,1.55348,1.55363,1.00,2.00
2017.12.12 16:01:04.380,1.5535,1.55363,1.00,1.69
2017.12.12 16:01:04.743,1.55348,1.55363,1.00,1.25
2017.12.12 16:01:04.952,1.55345,1.55361,1.00,2.06
2017.12.12 16:01:05.850,1.55348,1.55361,1.00,1.37
2017.12.12 16:01:05.950,1.55346,1.55361,1.00,1.37
2017.12.12 16:01:06.311,1.55347,1.55361,1.00,2.25
2017.12.12 16:01:06.465,1.55345,1.5536,1.00,1.50
2017.12.12 16:01:07.645,1.55346,1.5536,1.00,1.25
2017.12.12 16:01:07.697,1.55348,1.55361,1.00,1.87
2017.12.12 16:01:08.212,1.55349,1.55362,1.00,1.37
2017.12.12 16:01:08.779,1.55348,1.55362,1.00,1.56
2017.12.12 16:01:09.198,1.55351,1.55364,1.00,1.56
2017.12.12 16:01:09.250,1.55351,1.55364,1.00,1.56
2017.12.12 16:01:10.950,1.5535,1.55363,1.00,2.06
2017.12.12 16:01:12.233,1.55348,1.55363,1.00,3.56
2017.12.12 16:01:12.389,1.55347,1.55359,1.00,1.31
2017.12.12 16:01:12.441,1.55347,1.5536,1.00,1.19
2017.12.12 16:01:12.494,1.5535,1.5536,1.00,1.00
2017.12.12 16:01:12.547,1.5535,1.55363,1.00,1.25
2017.12.12 16:01:12.738,1.5535,1.55362,1.00,1.19
2017.12.12 16:01:13.279,1.55351,1.55362,1.00,1.19
2017.12.12 16:01:13.780,1.55348,1.55363,1.00,1.87
2017.12.12 16:01:14.328,1.55348,1.55362,1.00,1.00
2017.12.12 16:01:14.794,1.55348,1.55362,1.00,1.44
2017.12.12 16:01:15.339,1.55347,1.55362,1.00,1.37
2017.12.12 16:01:15.798,1.55345,1.5536,1.00,1.37
2017.12.12 16:01:16.366,1.55346,1.55362,1.00,2.62
2017.12.12 16:01:17.357,1.55345,1.55362,1.00,1.87
2017.12.12 16:01:18.102,1.55346,1.55362,1.00,1.87
2017.12.12 16:01:18.606,1.55347,1.55362,1.00,1.87
2017.12.12 16:01:19.221,1.55346,1.55362,1.50,1.87
2017.12.12 16:01:19.653,1.5535,1.55362,1.00,1.87
2017.12.12 16:01:20.271,1.55349,1.55362,1.00,1.37
2017.12.12 16:01:20.814,1.5535,1.55362,1.00,1.37
2017.12.12 16:01:21.020,1.55346,1.55362,1.50,1.37
2017.12.12 16:01:21.484,1.55348,1.55362,1.00,1.37
2017.12.12 16:01:21.992,1.55347,1.55362,1.00,1.37
2017.12.12 16:01:23.166,1.55348,1.55362,1.00,1.37
2017.12.12 16:01:23.532,1.55351,1.55362,1.00,1.62
2017.12.12 16:01:23.583,1.55347,1.55362,1.00,1.62
2017.12.12 16:01:24.096,1.55346,1.55362,1.00,2.06
2017.12.12 16:01:24.642,1.55347,1.55362,1.00,1.62
2017.12.12 16:01:25.145,1.55348,1.55362,1.00,1.62
2017.12.12 16:01:27.223,1.55342,1.55358,1.50,1.25
2017.12.12 16:01:27.275,1.55344,1.5536,1.00,2.06
2017.12.12 16:01:27.583,1.55344,1.5536,1.00,1.69
2017.12.12 16:01:28.100,1.55345,1.5536,1.00,1.19
2017.12.12 16:01:29.045,1.5534,1.55356,1.69,1.25
2017.12.12 16:01:29.272,1.55342,1.55356,1.00,1.25
2017.12.12 16:01:29.428,1.55338,1.55356,3.37,2.44
2017.12.12 16:01:30.740,1.55339,1.55355,1.37,1.00
2017.12.12 16:01:30.793,1.55341,1.55357,1.25,1.00
2017.12.12 16:01:31.308,1.55341,1.55356,1.25,1.00
2017.12.12 16:01:32.410,1.55339,1.55356,1.00,1.12
2017.12.12 16:01:35.782,1.55338,1.55355,1.25,1.00
2017.12.12 16:01:35.834,1.55341,1.55356,1.00,1.50
2017.12.12 16:01:35.886,1.55338,1.55355,1.25,1.00
2017.12.12 16:01:36.330,1.5534,1.55357,1.00,1.87
2017.12.12 16:01:36.652,1.55342,1.55359,1.87,1.37
2017.12.12 16:01:36.756,1.55338,1.55356,2.44,1.25
2017.12.12 16:01:36.813,1.55339,1.55352,1.00,1.00
2017.12.12 16:01:37.130,1.55337,1.55352,1.00,2.06
2017.12.12 16:01:37.630,1.55336,1.5535,1.00,1.19
2017.12.12 16:01:38.831,1.55337,1.5535,1.00,1.37
2017.12.12 16:01:38.921,1.55336,1.5535,1.00,1.37
2017.12.12 16:01:38.973,1.55338,1.55352,1.00,1.37
2017.12.12 16:01:39.902,1.55337,1.55352,1.00,1.37
2017.12.12 16:01:40.251,1.55334,1.55349,1.00,1.87
2017.12.12 16:01:40.664,1.55337,1.55351,1.00,1.44
2017.12.12 16:01:40.805,1.55336,1.55352,1.00,1.37
2017.12.12 16:01:41.759,1.55336,1.55352,1.50,1.87
2017.12.12 16:01:42.530,1.55337,1.55351,1.00,1.62
2017.12.12 16:01:43.067,1.55338,1.55351,1.00,1.44
2017.12.12 16:01:43.223,1.55336,1.5535,1.00,1.62
2017.12.12 16:01:43.757,1.55337,1.5535,1.00,1.62
2017.12.12 16:01:44.222,1.55337,1.55353,1.00,1.56
2017.12.12 16:01:44.754,1.55337,1.55353,1.00,1.56
2017.12.12 16:01:46.045,1.55338,1.55351,1.00,1.19
2017.12.12 16:01:46.302,1.55335,1.5535,1.00,1.25
2017.12.12 16:01:46.806,1.55336,1.55353,1.00,2.25
2017.12.12 16:01:47.270,1.55336,1.55348,1.00,1.00
2017.12.12 16:01:47.322,1.55334,1.55349,1.00,1.00
2017.12.12 16:01:47.532,1.55335,1.55342,1.00,1.00
2017.12.12 16:01:47.619,1.55335,1.55349,1.00,1.19
2017.12.12 16:01:47.672,1.55329,1.55345,1.00,1.37
2017.12.12 16:01:47.727,1.55327,1.55345,1.50,1.50
2017.12.12 16:01:47.779,1.55329,1.55345,1.00,1.50
2017.12.12 16:01:48.095,1.55326,1.55339,1.00,1.19
2017.12.12 16:01:48.597,1.55325,1.55339,1.00,1.56
2017.12.12 16:01:49.125,1.55324,1.5534,1.00,2.06
2017.12.12 16:01:49.532,1.55322,1.55339,1.00,1.12
2017.12.12 16:01:49.636,1.55319,1.55337,1.50,3.19
2017.12.12 16:01:50.153,1.5532,1.55338,1.00,3.79
2017.12.12 16:01:50.721,1.5532,1.55337,1.00,3.19
2017.12.12 16:01:52.107,1.5532,1.55334,1.00,1.25
2017.12.12 16:01:52.161,1.55322,1.55334,1.00,1.00
2017.12.12 16:01:52.214,1.55323,1.55341,1.12,1.87
2017.12.12 16:01:52.266,1.55327,1.55342,1.00,1.44
2017.12.12 16:01:52.771,1.55328,1.55342,1.00,1.44
2017.12.12 16:01:53.300,1.55327,1.55343,1.00,1.62
2017.12.12 16:01:53.628,1.55327,1.55342,1.00,1.94
2017.12.12 16:01:53.783,1.55325,1.55339,1.00,1.44
2017.12.12 16:01:54.303,1.55324,1.5534,1.00,1.62
2017.12.12 16:01:54.662,1.55324,1.55335,1.00,1.00
2017.12.12 16:01:54.871,1.55324,1.55338,1.00,1.19
2017.12.12 16:01:55.428,1.55323,1.55339,1.00,1.00
2017.12.12 16:01:55.481,1.55324,1.55336,1.00,1.00
2017.12.12 16:01:56.007,1.55323,1.55337,1.00,1.00
2017.12.12 16:01:56.471,1.55323,1.55335,1.00,1.00
2017.12.12 16:01:56.997,1.55324,1.55335,1.00,1.00
2017.12.12 16:01:57.551,1.55324,1.55338,1.00,1.19
2017.12.12 16:01:58.126,1.55324,1.55337,1.00,1.19
2017.12.12 16:01:58.384,1.55324,1.55339,1.00,1.44
2017.12.12 16:01:58.436,1.55326,1.55339,1.00,1.44
2017.12.12 16:01:58.972,1.55326,1.55339,1.00,1.44
2017.12.12 16:01:59.395,1.5532,1.55334,1.69,1.00
2017.12.12 16:01:59.531,1.55323,1.55339,1.00,1.44
2017.12.12 16:02:00.045,1.55324,1.55339,1.00,1.24
2017.12.12 16:02:01.550,1.55325,1.5534,1.00,1.44
2017.12.12 16:02:01.871,1.55325,1.55338,1.00,1.56
2017.12.12 16:02:02.541,1.55323,1.55336,1.00,1.19
2017.12.12 16:02:02.594,1.5532,1.55334,1.00,1.62
2017.12.12 16:02:03.742,1.5532,1.55336,1.00,1.62
2017.12.12 16:02:04.490,1.55321,1.55336,1.00,1.62
2017.12.12 16:02:04.645,1.55319,1.55336,1.00,1.62
2017.12.12 16:02:04.697,1.55317,1.55333,1.50,1.00
2017.12.12 16:02:04.749,1.55319,1.55335,1.00,3.00
2017.12.12 16:02:05.109,1.55317,1.55335,1.50,1.50
2017.12.12 16:02:05.676,1.55317,1.55335,1.50,1.69
2017.12.12 16:02:06.221,1.55318,1.55335,1.00,2.44
2017.12.12 16:02:06.818,1.55319,1.55335,1.00,1.62
2017.12.12 16:02:07.251,1.55322,1.55338,2.25,1.31
2017.12.12 16:02:07.765,1.55323,1.5534,1.00,2.81
2017.12.12 16:02:07.949,1.55321,1.55339,2.44,1.44
2017.12.12 16:02:08.470,1.55322,1.55338,1.00,1.25
2017.12.12 16:02:08.573,1.55322,1.55338,1.50,1.44
2017.12.12 16:02:09.091,1.5532,1.55339,1.19,1.87
2017.12.12 16:02:09.639,1.55319,1.55338,1.69,1.62
2017.12.12 16:02:10.474,1.55318,1.5533,1.00,1.00
2017.12.12 16:02:10.528,1.55312,1.55327,1.19,1.00
2017.12.12 16:02:10.682,1.55312,1.55325,1.19,1.00
2017.12.12 16:02:10.786,1.55312,1.55328,1.19,1.00
2017.12.12 16:02:11.552,1.55315,1.5533,1.00,1.12
2017.12.12 16:02:11.656,1.55318,1.55335,1.00,1.69
2017.12.12 16:02:12.171,1.55319,1.55335,1.00,1.25
2017.12.12 16:02:12.763,1.55317,1.55336,1.87,1.00
2017.12.12 16:02:13.864,1.55318,1.55337,3.56,2.25
2017.12.12 16:02:14.176,1.55319,1.55334,1.44,1.00
2017.12.12 16:02:14.382,1.5532,1.55336,1.19,1.00
2017.12.12 16:02:14.541,1.55318,1.55337,1.00,1.44
2017.12.12 16:02:14.700,1.55322,1.55339,1.00,2.44
2017.12.12 16:02:14.909,1.5532,1.55339,1.00,2.44
2017.12.12 16:02:15.503,1.55324,1.55339,1.00,1.00
2017.12.12 16:02:15.728,1.55325,1.55342,1.25,1.00
2017.12.12 16:02:17.502,1.55324,1.55342,1.50,1.69
2017.12.12 16:02:18.026,1.55324,1.55341,1.00,1.50
2017.12.12 16:02:18.571,1.55324,1.55342,1.00,3.19
2017.12.12 16:02:18.675,1.55323,1.5534,1.50,1.00
2017.12.12 16:02:18.985,1.55321,1.55338,1.50,1.00
2017.12.12 16:02:19.529,1.55321,1.55339,1.50,1.00
2017.12.12 16:02:19.898,1.55321,1.55337,1.00,1.00
2017.12.12 16:02:20.239,1.55315,1.55331,1.25,1.25
2017.12.12 16:02:20.560,1.55313,1.55332,1.50,1.19
2017.12.12 16:02:20.665,1.55313,1.55332,1.50,1.37
2017.12.12 16:02:20.948,1.55314,1.55331,1.50,1.19
2017.12.12 16:02:21.258,1.55314,1.5533,1.00,2.25
2017.12.12 16:02:21.310,1.55312,1.55328,1.00,1.44
2017.12.12 16:02:21.415,1.55311,1.55327,1.50,1.37
2017.12.12 16:02:21.570,1.5531,1.55329,1.00,1.87
2017.12.12 16:02:22.543,1.5531,1.55329,1.50,1.25
2017.12.12 16:02:22.806,1.55311,1.55329,1.00,1.87
2017.12.12 16:02:23.013,1.55312,1.55329,1.00,1.50
2017.12.12 16:02:23.787,1.55313,1.55329,1.00,1.50
2017.12.12 16:02:24.288,1.55313,1.5533,1.00,1.25
2017.12.12 16:02:24.392,1.55315,1.5533,1.00,1.25
2017.12.12 16:02:24.940,1.55316,1.5533,1.00,1.25
2017.12.12 16:02:26.407,1.55318,1.55332,1.00,1.19
2017.12.12 16:02:26.913,1.55319,1.55331,1.00,1.25
2017.12.12 16:02:27.454,1.55318,1.55332,1.00,1.19
2017.12.12 16:02:27.901,1.5532,1.55333,1.00,1.19
2017.12.12 16:02:28.829,1.55319,1.55334,1.00,3.19
2017.12.12 16:02:29.345,1.55319,1.55333,1.00,1.19
2017.12.12 16:02:29.848,1.55318,1.55331,1.00,1.25
2017.12.12 16:02:30.393,1.55319,1.55332,1.00,1.44
2017.12.12 16:02:31.969,1.55322,1.55335,1.00,1.25
2017.12.12 16:02:32.073,1.55324,1.55338,1.00,1.69
2017.12.12 16:02:32.575,1.55323,1.55338,1.00,1.50
2017.12.12 16:02:33.080,1.55323,1.55337,1.00,1.00
2017.12.12 16:02:33.608,1.55323,1.55338,1.00,1.50
2017.12.12 16:02:33.793,1.55323,1.5534,1.00,1.69
2017.12.12 16:02:33.948,1.55325,1.5534,1.00,1.25
2017.12.12 16:02:34.488,1.55326,1.55343,1.00,1.62
2017.12.12 16:02:35.121,1.55325,1.55343,1.00,1.87
2017.12.12 16:02:35.513,1.55324,1.55343,1.00,2.25
2017.12.12 16:02:35.648,1.55327,1.55343,1.50,1.25
2017.12.12 16:02:35.959,1.55339,1.55356,1.50,1.45
2017.12.12 16:02:36.063,1.5534,1.55357,1.50,1.00
2017.12.12 16:02:36.270,1.5534,1.55357,1.87,1.00
2017.12.12 16:02:36.322,1.5534,1.55359,2.06,1.31
2017.12.12 16:02:37.389,1.5534,1.55359,2.62,1.31
2017.12.12 16:02:38.351,1.55342,1.5536,1.00,1.87
2017.12.12 16:02:40.015,1.55342,1.55361,1.69,2.66
2017.12.12 16:02:40.066,1.55342,1.55361,1.44,1.54
2017.12.12 16:02:40.200,1.55342,1.55361,2.06,1.35
2017.12.12 16:02:41.706,1.55345,1.55362,1.00,1.85
2017.12.12 16:02:41.913,1.5534,1.55358,2.62,2.25
2017.12.12 16:02:42.450,1.55341,1.5536,1.00,2.66
2017.12.12 16:02:42.502,1.55341,1.5536,1.00,3.22
2017.12.12 16:02:42.607,1.55343,1.5536,1.00,3.22
2017.12.12 16:02:42.917,1.55345,1.55362,1.50,1.50
2017.12.12 16:02:43.490,1.55346,1.55363,1.00,1.50
2017.12.12 16:02:43.995,1.55346,1.55363,1.44,1.00
2017.12.12 16:02:44.047,1.55345,1.55365,2.25,3.00
2017.12.12 16:02:44.947,1.55346,1.55365,1.87,2.25
2017.12.12 16:02:45.052,1.55348,1.55365,1.00,2.25
2017.12.12 16:02:45.476,1.55346,1.55365,2.44,1.50
2017.12.12 16:02:46.017,1.55348,1.55365,1.00,1.00
2017.12.12 16:02:46.554,1.55349,1.55365,1.00,1.50
2017.12.12 16:02:47.004,1.55349,1.55367,1.00,2.62
2017.12.12 16:02:47.409,1.55349,1.55365,1.00,1.00
2017.12.12 16:02:47.512,1.55347,1.55365,1.00,1.00
2017.12.12 16:02:48.048,1.55346,1.55365,1.69,1.00
2017.12.12 16:02:49.415,1.55345,1.55362,1.19,1.00
2017.12.12 16:02:49.745,1.55358,1.55367,1.00,1.25
2017.12.12 16:02:49.849,1.55351,1.55367,1.50,1.25
2017.12.12 16:02:49.902,1.55348,1.55359,1.50,1.00
2017.12.12 16:02:50.007,1.55342,1.55354,1.00,1.00
2017.12.12 16:02:50.201,1.5534,1.55354,1.25,1.00
2017.12.12 16:02:50.261,1.55338,1.55352,1.69,1.00
2017.12.12 16:02:51.160,1.55336,1.5535,1.69,1.00
2017.12.12 16:02:51.317,1.55335,1.5535,1.25,1.00
2017.12.12 16:02:51.858,1.55334,1.55349,2.44,1.00
2017.12.12 16:02:52.218,1.55336,1.55352,1.69,2.25
2017.12.12 16:02:52.270,1.55338,1.55352,1.00,1.00
2017.12.12 16:02:52.629,1.55338,1.5535,1.00,1.00
2017.12.12 16:02:52.823,1.55336,1.5535,1.25,1.19
2017.12.12 16:02:52.933,1.55336,1.55347,1.00,1.00
2017.12.12 16:02:52.985,1.55336,1.55351,1.00,2.62
2017.12.12 16:02:53.306,1.55334,1.55351,1.00,1.87
2017.12.12 16:02:53.787,1.55336,1.5535,1.00,2.44
2017.12.12 16:02:54.301,1.55336,1.5535,1.00,1.69
2017.12.12 16:02:54.735,1.55336,1.55347,1.00,1.00
2017.12.12 16:02:54.789,1.55334,1.55346,1.00,1.00
2017.12.12 16:02:54.976,1.55334,1.55344,1.00,1.00
2017.12.12 16:02:55.235,1.55334,1.55347,1.00,1.00
2017.12.12 16:02:55.922,1.55334,1.55346,1.00,1.00
2017.12.12 16:02:56.457,1.55333,1.55347,1.00,1.25
2017.12.12 16:02:57.011,1.55333,1.55346,1.00,1.00
2017.12.12 16:02:57.718,1.55333,1.55345,1.00,1.00
2017.12.12 16:02:58.122,1.55333,1.55347,1.00,1.50
2017.12.12 16:02:59.529,1.55333,1.55344,1.00,1.00
2017.12.12 16:03:00.117,1.55333,1.55345,1.00,1.00
2017.12.12 16:03:00.690,1.55333,1.55346,1.00,1.00
2017.12.12 16:03:01.332,1.55333,1.55345,1.00,1.00
2017.12.12 16:03:01.872,1.55333,1.55346,1.00,1.00
2017.12.12 16:03:02.188,1.55338,1.55347,1.00,1.19
2017.12.12 16:03:02.692,1.55338,1.55347,1.00,1.00
2017.12.12 16:03:03.195,1.55337,1.55347,1.00,1.00
2017.12.12 16:03:03.853,1.55337,1.55346,1.00,1.00
2017.12.12 16:03:04.359,1.55337,1.55347,1.00,1.50
2017.12.12 16:03:04.872,1.55337,1.55346,1.00,1.00
2017.12.12 16:03:05.368,1.55338,1.55345,1.00,1.00
2017.12.12 16:03:05.420,1.55337,1.55346,1.00,1.87
2017.12.12 16:03:05.910,1.55337,1.55342,1.00,1.00
2017.12.12 16:03:06.435,1.55337,1.55343,1.00,1.00
2017.12.12 16:03:06.492,1.55333,1.5534,1.00,1.44
2017.12.12 16:03:06.597,1.55332,1.55337,1.00,1.00
2017.12.12 16:03:06.752,1.55332,1.55339,1.00,1.00
2017.12.12 16:03:07.102,1.55331,1.55337,1.00,1.00
2017.12.12 16:03:07.421,1.55332,1.55338,1.00,1.00
2017.12.12 16:03:07.780,1.55334,1.55341,1.00,1.00
2017.12.12 16:03:08.058,1.55334,1.55343,1.00,1.00
2017.12.12 16:03:08.615,1.55335,1.55344,1.00,1.25
2017.12.12 16:03:09.321,1.55335,1.55343,1.00,1.00
2017.12.12 16:03:09.815,1.55333,1.55344,1.00,1.25
2017.12.12 16:03:10.033,1.55333,1.55343,1.00,1.37
2017.12.12 16:03:10.091,1.55325,1.55336,1.25,1.00
2017.12.12 16:03:10.195,1.55327,1.5534,1.00,1.50
2017.12.12 16:03:10.248,1.55333,1.55342,1.00,3.56
2017.12.12 16:03:10.404,1.5533,1.55341,1.00,1.00
2017.12.12 16:03:11.218,1.55331,1.55341,1.00,1.00
2017.12.12 16:03:11.346,1.55327,1.55342,1.00,3.56
2017.12.12 16:03:11.657,1.55332,1.5534,1.00,1.25
2017.12.12 16:03:12.024,1.55334,1.5534,1.00,1.25
2017.12.12 16:03:12.370,1.55335,1.5534,1.00,1.00
2017.12.12 16:03:13.023,1.55334,1.55341,1.00,1.25
2017.12.12 16:03:13.585,1.55334,1.5534,1.00,1.00
2017.12.12 16:03:14.428,1.55333,1.5534,1.00,1.00
2017.12.12 16:03:14.839,1.55334,1.55341,1.00,1.25
2017.12.12 16:03:15.145,1.55332,1.55339,1.00,1.00
2017.12.12 16:03:15.205,1.55327,1.55338,1.00,1.00
2017.12.12 16:03:15.273,1.55329,1.55339,1.00,1.50
2017.12.12 16:03:15.482,1.55326,1.55338,1.00,1.00
2017.12.12 16:03:15.585,1.55331,1.55338,1.00,1.00
2017.12.12 16:03:15.639,1.55331,1.55341,1.00,1.00
2017.12.12 16:03:15.810,1.55334,1.55342,1.00,1.69
2017.12.12 16:03:16.118,1.55335,1.55342,1.00,1.50
2017.12.12 16:03:16.634,1.55336,1.55342,1.00,1.00
2017.12.12 16:03:16.961,1.55335,1.5534,1.00,1.00
2017.12.12 16:03:17.311,1.55335,1.5534,1.00,1.00
2017.12.12 16:03:17.620,1.55335,1.5534,1.00,1.00
2017.12.12 16:03:18.279,1.55335,1.55342,1.00,1.00
2017.12.12 16:03:18.383,1.55336,1.55343,1.00,1.50
2017.12.12 16:03:18.436,1.55337,1.55344,1.00,1.25
2017.12.12 16:03:18.740,1.5534,1.55347,1.00,1.25
2017.12.12 16:03:18.844,1.5534,1.55348,1.00,1.69
2017.12.12 16:03:19.437,1.55342,1.55348,1.00,1.00
2017.12.12 16:03:20.029,1.55342,1.55347,1.00,1.00
2017.12.12 16:03:20.557,1.55342,1.55348,1.00,1.00
2017.12.12 16:03:21.079,1.55342,1.55349,1.00,1.50
2017.12.12 16:03:21.424,1.55342,1.55347,1.00,1.00
2017.12.12 16:03:22.015,1.55342,1.55348,1.00,1.00
2017.12.12 16:03:22.273,1.55338,1.55347,1.00,2.06
2017.12.12 16:03:22.793,1.5534,1.55345,1.00,1.00
2017.12.12 16:03:22.899,1.55338,1.55344,1.00,1.00
2017.12.12 16:03:23.436,1.55338,1.55344,1.00,1.00
2017.12.12 16:03:24.156,1.55339,1.55345,1.00,1.00
2017.12.12 16:03:24.695,1.55339,1.55346,1.00,1.50
2017.12.12 16:03:24.902,1.55336,1.55342,1.00,1.00
2017.12.12 16:03:24.955,1.55334,1.55343,1.00,1.00
2017.12.12 16:03:25.007,1.55333,1.5534,1.00,1.00
2017.12.12 16:03:25.358,1.55334,1.5534,1.00,1.00
2017.12.12 16:03:25.565,1.55327,1.55336,1.00,1.00
2017.12.12 16:03:25.721,1.55325,1.55335,1.00,1.00
2017.12.12 16:03:26.155,1.55329,1.55337,1.00,1.00
2017.12.12 16:03:26.259,1.55331,1.5534,1.00,1.50
2017.12.12 16:03:26.620,1.55328,1.55338,1.00,1.00
2017.12.12 16:03:26.672,1.55327,1.5534,1.00,1.12
2017.12.12 16:03:26.816,1.5533,1.55339,1.00,1.50
2017.12.12 16:03:26.971,1.55327,1.55338,1.00,1.00
2017.12.12 16:03:27.486,1.55326,1.55339,1.00,1.20
2017.12.12 16:03:27.763,1.55328,1.55339,1.00,1.95
2017.12.12 16:03:28.064,1.55328,1.55336,1.00,1.00
2017.12.12 16:03:28.219,1.55325,1.55337,1.00,1.00
2017.12.12 16:03:28.270,1.55325,1.55333,1.00,1.00
2017.12.12 16:03:28.426,1.55328,1.55338,1.00,1.00
2017.12.12 16:03:28.949,1.55329,1.55338,1.00,1.00
2017.12.12 16:03:29.053,1.55329,1.55335,1.00,1.00
2017.12.12 16:03:29.259,1.55329,1.55338,1.00,1.50
2017.12.12 16:03:29.845,1.55329,1.55337,1.00,1.00
2017.12.12 16:03:30.154,1.55331,1.55339,1.00,1.50
2017.12.12 16:03:30.486,1.5533,1.55338,1.00,1.37
2017.12.12 16:03:30.761,1.55329,1.55339,1.00,1.87
2017.12.12 16:03:31.624,1.5533,1.55339,1.00,1.00
2017.12.12 16:03:31.951,1.55331,1.55341,1.00,1.12
2017.12.12 16:03:32.179,1.55323,1.55341,1.62,1.12
2017.12.12 16:03:32.590,1.55323,1.5534,2.44,1.00
2017.12.12 16:03:32.643,1.55326,1.55343,1.37,1.00
2017.12.12 16:03:32.698,1.55328,1.55345,1.37,1.00
2017.12.12 16:03:33.013,1.55335,1.55353,1.87,1.00
2017.12.12 16:03:33.191,1.55337,1.55354,1.44,1.12
2017.12.12 16:03:33.506,1.55339,1.55356,1.56,1.50
2017.12.12 16:03:34.236,1.55339,1.55356,1.19,1.50
2017.12.12 16:03:34.288,1.55339,1.55354,1.19,1.00
2017.12.12 16:03:34.786,1.55341,1.55357,1.00,1.00
2017.12.12 16:03:35.384,1.55341,1.55356,1.00,1.00
2017.12.12 16:03:35.973,1.55341,1.55357,1.25,1.50
2017.12.12 16:03:39.862,1.55341,1.55356,1.25,1.00
2017.12.12 16:03:40.889,1.55341,1.55357,1.25,1.00
2017.12.12 16:03:41.412,1.55341,1.55358,1.25,2.62
2017.12.12 16:03:41.964,1.55341,1.55357,1.25,1.00
2017.12.12 16:03:42.566,1.55341,1.55358,1.00,2.25
2017.12.12 16:03:43.103,1.55342,1.55359,1.00,3.00
2017.12.12 16:03:43.624,1.55342,1.55358,1.25,1.50
2017.12.12 16:03:43.781,1.55338,1.55356,1.69,1.00
2017.12.12 16:03:43.834,1.5534,1.55358,2.25,2.14
2017.12.12 16:03:44.031,1.55341,1.5536,3.56,1.00
2017.12.12 16:03:44.546,1.55345,1.55363,1.00,1.50
2017.12.12 16:03:44.943,1.55348,1.55363,1.00,1.00
2017.12.12 16:03:45.744,1.55349,1.55365,1.00,1.19
2017.12.12 16:03:45.849,1.55353,1.55369,1.00,1.00
2017.12.12 16:03:45.955,1.55355,1.55369,1.00,1.00
2017.12.12 16:03:46.317,1.55355,1.55371,1.00,1.87
2017.12.12 16:03:46.862,1.55354,1.5537,1.00,1.00
2017.12.12 16:03:47.436,1.55354,1.55369,1.00,1.00
2017.12.12 16:03:47.828,1.55354,1.55369,1.00,1.87
2017.12.12 16:03:47.983,1.55352,1.55369,1.00,2.62
2017.12.12 16:03:49.022,1.55352,1.55369,1.00,3.00
2017.12.12 16:03:49.536,1.55352,1.55368,1.00,1.00
2017.12.12 16:03:49.940,1.55354,1.55368,1.00,1.00
2017.12.12 16:03:49.994,1.55355,1.55372,1.19,3.19
2017.12.12 16:03:50.097,1.55358,1.55374,1.00,1.69
2017.12.12 16:03:50.708,1.55358,1.55374,1.00,1.50
2017.12.12 16:03:51.304,1.55358,1.55373,1.00,1.00
2017.12.12 16:03:52.376,1.55358,1.55375,1.00,1.50
2017.12.12 16:03:52.882,1.55358,1.55374,1.19,1.00
2017.12.12 16:03:53.139,1.55362,1.55374,1.44,1.00
2017.12.12 16:03:53.191,1.55363,1.55379,1.25,1.25
2017.12.12 16:03:53.754,1.55363,1.5538,2.44,1.00
2017.12.12 16:03:54.287,1.55364,1.5538,1.00,1.00
2017.12.12 16:03:54.820,1.55361,1.55379,2.06,1.00
2017.12.12 16:03:55.594,1.55361,1.55379,2.62,1.00
2017.12.12 16:03:55.703,1.55363,1.55379,1.87,1.00
2017.12.12 16:03:56.453,1.55365,1.55381,1.00,1.00
2017.12.12 16:03:57.030,1.55365,1.55381,1.00,1.19
2017.12.12 16:03:58.666,1.55365,1.55378,1.00,1.00
2017.12.12 16:03:59.093,1.55364,1.55376,1.00,1.00
2017.12.12 16:03:59.145,1.55362,1.55376,1.00,1.00
2017.12.12 16:03:59.668,1.55362,1.55377,1.00,1.00
2017.12.12 16:03:59.721,1.5536,1.55377,1.00,1.00
2017.12.12 16:04:00.146,1.55362,1.55377,1.00,1.00
2017.12.12 16:04:00.249,1.55361,1.5538,1.00,1.87
2017.12.12 16:04:01.567,1.5536,1.55379,1.25,1.25
2017.12.12 16:04:01.755,1.55359,1.55377,1.25,1.00
2017.12.12 16:04:02.072,1.5535,1.55369,2.62,1.00
2017.12.12 16:04:02.330,1.5535,1.55368,1.50,1.00
2017.12.12 16:04:02.503,1.55348,1.55366,1.25,1.12
2017.12.12 16:04:02.820,1.55346,1.55364,1.00,1.25
2017.12.12 16:04:04.067,1.55346,1.55365,2.62,1.00
2017.12.12 16:04:04.278,1.55346,1.55364,1.00,1.00
2017.12.12 16:04:04.832,1.55346,1.55362,1.00,1.00
2017.12.12 16:04:04.988,1.55343,1.55362,1.00,1.50
2017.12.12 16:04:05.133,1.55341,1.55362,1.25,1.69
2017.12.12 16:04:05.186,1.5534,1.55358,1.87,1.00
2017.12.12 16:04:06.726,1.5534,1.55358,1.12,1.00
2017.12.12 16:04:07.397,1.55342,1.55358,1.00,1.00
2017.12.12 16:04:07.449,1.55341,1.5536,1.00,1.25
2017.12.12 16:04:07.809,1.55345,1.5536,1.00,1.69
2017.12.12 16:04:07.861,1.55343,1.5536,1.00,1.69
2017.12.12 16:04:08.452,1.55343,1.55355,1.25,1.37
2017.12.12 16:04:08.611,1.55325,1.5534,1.00,1.87
2017.12.12 16:04:08.663,1.55323,1.5534,1.50,1.87
2017.12.12 16:04:09.348,1.55324,1.55341,1.87,1.00
2017.12.12 16:04:09.401,1.55324,1.55344,2.06,1.19
2017.12.12 16:04:09.454,1.55323,1.55343,2.25,1.19
2017.12.12 16:04:09.897,1.55327,1.55341,1.00,1.00
2017.12.12 16:04:09.949,1.55327,1.55343,1.25,1.00
2017.12.12 16:04:10.471,1.55327,1.55344,1.00,1.00
2017.12.12 16:04:10.980,1.55327,1.55344,1.00,1.19
2017.12.12 16:04:11.533,1.55331,1.55348,1.00,1.19
2017.12.12 16:04:11.860,1.55331,1.55345,1.00,1.00
2017.12.12 16:04:12.332,1.5533,1.55347,1.00,1.69
2017.12.12 16:04:12.846,1.55329,1.55347,1.00,1.69
2017.12.12 16:04:13.034,1.55329,1.55342,1.00,1.00
2017.12.12 16:04:13.383,1.55326,1.55338,1.00,1.00
2017.12.12 16:04:13.694,1.5532,1.55334,1.19,1.00
2017.12.12 16:04:14.244,1.5532,1.55334,1.00,1.00
2017.12.12 16:04:14.539,1.5532,1.55332,1.00,1.00
2017.12.12 16:04:16.754,1.55318,1.55331,1.69,1.00
2017.12.12 16:04:17.022,1.55317,1.55327,1.25,1.00
2017.12.12 16:04:17.335,1.55317,1.55325,1.00,1.00
2017.12.12 16:04:17.550,1.55317,1.55329,1.00,1.00
2017.12.12 16:04:17.850,1.55317,1.55328,2.25,1.00
2017.12.12 16:04:18.280,1.55317,1.55327,1.31,1.00
2017.12.12 16:04:18.333,1.55317,1.55325,1.25,1.00
2017.12.12 16:04:18.436,1.55318,1.55328,1.37,1.00
2017.12.12 16:04:18.488,1.55314,1.55328,1.31,1.00
2017.12.12 16:04:18.638,1.55314,1.55326,1.31,1.00
2017.12.12 16:04:20.197,1.55317,1.55328,1.19,1.00
2017.12.12 16:04:20.354,1.55316,1.55327,1.00,1.00
2017.12.12 16:04:20.593,1.55315,1.55325,1.25,1.00
2017.12.12 16:04:20.749,1.55315,1.55327,1.12,1.00
2017.12.12 16:04:21.258,1.55315,1.55328,1.25,1.00
2017.12.12 16:04:21.583,1.55315,1.55326,1.00,1.00
2017.12.12 16:04:22.585,1.55315,1.55324,1.00,1.00
2017.12.12 16:04:23.453,1.55315,1.55323,1.00,1.00
2017.12.12 16:04:23.505,1.55312,1.55323,1.00,1.00
2017.12.12 16:04:24.006,1.55312,1.55324,1.00,1.00
2017.12.12 16:04:24.761,1.55314,1.55326,1.00,1.00
2017.12.12 16:04:25.275,1.55314,1.55327,1.00,1.00
2017.12.12 16:04:26.716,1.55316,1.55329,1.00,1.00
2017.12.12 16:04:27.077,1.55318,1.55329,1.00,1.00
2017.12.12 16:04:27.611,1.55318,1.5533,1.00,1.00
2017.12.12 16:04:28.243,1.55318,1.55328,1.00,1.00
2017.12.12 16:04:28.688,1.55316,1.55328,1.00,1.00
2017.12.12 16:04:29.212,1.55315,1.55328,1.00,1.00
2017.12.12 16:04:30.329,1.55314,1.55328,1.00,1.00
2017.12.12 16:04:30.381,1.55314,1.55326,1.00,1.00
2017.12.12 16:04:30.484,1.55314,1.5533,1.00,1.50
2017.12.12 16:04:30.785,1.55316,1.55331,1.00,1.00
2017.12.12 16:04:30.993,1.55315,1.55334,1.25,1.87
2017.12.12 16:04:31.097,1.55315,1.55334,1.62,1.00
2017.12.12 16:04:31.749,1.55318,1.55333,1.25,1.00
2017.12.12 16:04:33.847,1.55315,1.55331,1.25,1.00
2017.12.12 16:04:34.544,1.55315,1.55332,1.00,1.50
2017.12.12 16:04:34.800,1.55314,1.5533,1.25,1.00
2017.12.12 16:04:35.371,1.55313,1.55332,2.81,1.00
2017.12.12 16:04:35.581,1.55315,1.5533,1.25,1.00
2017.12.12 16:04:35.685,1.55314,1.55332,1.31,1.00
2017.12.12 16:04:36.237,1.55316,1.55332,1.00,1.00
2017.12.12 16:04:36.762,1.55316,1.55331,1.00,1.00
2017.12.12 16:04:37.634,1.55316,1.55332,1.00,1.50
2017.12.12 16:04:38.045,1.55314,1.5533,1.25,1.00
2017.12.12 16:04:38.569,1.55313,1.55329,1.44,1.00
2017.12.12 16:04:38.985,1.55311,1.5533,1.31,1.50
2017.12.12 16:04:39.412,1.55311,1.55328,1.31,1.00
2017.12.12 16:04:39.933,1.5531,1.55328,1.31,1.00
2017.12.12 16:04:40.315,1.55307,1.55324,2.06,1.00
2017.12.12 16:04:40.580,1.55307,1.55326,2.81,1.50
2017.12.12 16:04:41.094,1.55307,1.55326,1.25,1.69
2017.12.12 16:04:41.197,1.55306,1.55324,1.50,1.00
2017.12.12 16:04:41.550,1.55306,1.55321,3.00,1.00
2017.12.12 16:04:42.086,1.55306,1.55322,1.69,1.00
2017.12.12 16:04:42.223,1.55306,1.55324,1.50,1.00
2017.12.12 16:04:42.897,1.55306,1.55324,1.19,1.00
2017.12.12 16:04:43.398,1.55306,1.55326,2.25,1.69
2017.12.12 16:04:44.438,1.55306,1.55325,3.00,1.00
2017.12.12 16:04:45.028,1.55306,1.55325,3.19,1.00
2017.12.12 16:04:45.575,1.55307,1.55326,1.12,2.25
2017.12.12 16:04:45.628,1.55308,1.5532,1.19,1.00
2017.12.12 16:04:45.871,1.55303,1.55319,1.00,1.50
2017.12.12 16:04:45.925,1.55302,1.55318,1.00,1.44
2017.12.12 16:04:46.437,1.55301,1.55318,1.00,1.87
2017.12.12 16:04:46.687,1.55299,1.55318,1.69,2.81
2017.12.12 16:04:46.842,1.55299,1.55318,1.25,2.62
2017.12.12 16:04:47.479,1.55299,1.55313,1.12,1.00
2017.12.12 16:04:47.937,1.55297,1.55313,1.69,1.00
2017.12.12 16:04:47.990,1.55295,1.55308,1.87,1.00
2017.12.12 16:04:48.499,1.55295,1.55308,1.19,1.00
2017.12.12 16:04:49.133,1.55295,1.55309,1.44,1.00
2017.12.12 16:04:49.378,1.55292,1.55308,1.00,1.00
2017.12.12 16:04:49.635,1.55292,1.55306,1.00,1.00
2017.12.12 16:04:50.171,1.55293,1.55307,1.00,1.00
2017.12.12 16:04:50.684,1.55293,1.55306,1.00,1.00
2017.12.12 16:04:51.660,1.55293,1.55307,1.00,1.00
2017.12.12 16:04:52.329,1.55293,1.55306,1.00,1.00
2017.12.12 16:04:52.843,1.55293,1.55307,1.00,1.00
2017.12.12 16:04:53.175,1.55293,1.55304,1.00,1.00
2017.12.12 16:04:53.364,1.55286,1.55302,1.00,1.44
2017.12.12 16:04:53.467,1.55284,1.55302,2.06,1.44
2017.12.12 16:04:53.979,1.55285,1.55301,1.50,1.19
2017.12.12 16:04:54.492,1.55285,1.55302,1.50,1.00
2017.12.12 16:04:54.703,1.55285,1.55303,1.69,1.12
2017.12.12 16:04:55.211,1.55288,1.55304,1.31,1.37
2017.12.12 16:04:56.029,1.55289,1.55307,1.00,2.06
2017.12.12 16:04:56.184,1.5529,1.55308,1.00,1.00
2017.12.12 16:04:56.842,1.55291,1.55308,1.00,1.00
2017.12.12 16:04:57.254,1.55289,1.55307,1.00,1.00
2017.12.12 16:04:57.407,1.55288,1.55305,1.25,1.00
2017.12.12 16:04:57.459,1.55286,1.55305,2.06,1.50
2017.12.12 16:04:57.666,1.55287,1.55307,1.25,1.87
2017.12.12 16:04:57.821,1.55289,1.55307,2.44,1.50
2017.12.12 16:04:57.873,1.5529,1.55309,3.37,1.00
2017.12.12 16:04:58.016,1.55294,1.5531,1.62,1.12
2017.12.12 16:04:58.069,1.55296,1.55313,1.00,1.00
2017.12.12 16:04:58.327,1.55295,1.55311,2.62,1.00
2017.12.12 16:04:58.379,1.55295,1.55311,1.50,1.00
2017.12.12 16:04:58.536,1.55294,1.55309,1.81,1.00
2017.12.12 16:04:59.048,1.55293,1.55312,2.44,2.25
2017.12.12 16:04:59.256,1.55301,1.55315,1.37,2.25
2017.12.12 16:04:59.309,1.553,1.55319,2.06,1.19
2017.12.12 16:04:59.435,1.55298,1.55316,1.69,1.75
2017.12.12 16:04:59.487,1.55299,1.55314,1.19,1.19
2017.12.12 16:04:59.643,1.55299,1.55309,1.19,1.50
2017.12.12 16:04:59.696,1.55295,1.55309,1.19,1.00
2017.12.12 16:04:59.748,1.55294,1.55309,1.25,1.00
2017.12.12 16:04:59.956,1.55299,1.55309,1.00,1.00
2017.12.12 16:05:00.010,1.55299,1.55312,1.00,1.00
2017.12.12 16:05:00.063,1.55297,1.55313,1.00,1.37
2017.12.12 16:05:00.135,1.55297,1.55313,1.00,1.00
2017.12.12 16:05:00.189,1.553,1.55315,1.25,1.00
2017.12.12 16:05:00.502,1.55307,1.55322,1.25,1.75
2017.12.12 16:05:00.960,1.55305,1.55322,1.19,1.69
2017.12.12 16:05:01.013,1.55305,1.55321,1.00,1.50
2017.12.12 16:05:01.067,1.55305,1.55322,1.00,1.19
2017.12.12 16:05:01.173,1.55307,1.55326,1.25,2.62
2017.12.12 16:05:01.225,1.55307,1.55324,1.19,2.06
2017.12.12 16:05:01.758,1.55311,1.55328,1.12,1.87
2017.12.12 16:05:01.915,1.55309,1.55327,1.25,1.72
2017.12.12 16:05:01.967,1.55309,1.55323,1.25,1.00
2017.12.12 16:05:02.740,1.55307,1.55324,1.19,1.25
2017.12.12 16:05:03.284,1.55306,1.55324,1.19,1.19
2017.12.12 16:05:03.842,1.55306,1.55324,1.19,1.37
2017.12.12 16:05:04.160,1.55302,1.55318,1.19,1.69
2017.12.12 16:05:04.334,1.55305,1.55321,1.19,3.19
2017.12.12 16:05:04.873,1.55305,1.55319,1.19,1.00
2017.12.12 16:05:05.397,1.55305,1.5532,1.19,1.00
2017.12.12 16:05:05.947,1.55306,1.55324,1.69,2.25
2017.12.12 16:05:06.442,1.55306,1.55324,1.69,1.31
2017.12.12 16:05:06.976,1.55306,1.55324,1.69,1.12
2017.12.12 16:05:07.252,1.55306,1.55324,1.19,1.12
2017.12.12 16:05:07.308,1.55304,1.55323,1.25,1.72
2017.12.12 16:05:07.517,1.55302,1.55323,2.62,2.25
2017.12.12 16:05:07.570,1.55304,1.55323,1.19,1.31
2017.12.12 16:05:08.168,1.55303,1.55324,1.31,3.60
2017.12.12 16:05:08.496,1.55302,1.55322,1.25,1.25
2017.12.12 16:05:09.405,1.55302,1.55322,1.37,1.00
2017.12.12 16:05:09.668,1.55311,1.5533,1.00,1.69
2017.12.12 16:05:10.190,1.55311,1.55331,1.87,1.50
2017.12.12 16:05:10.303,1.55311,1.55331,1.19,1.19
2017.12.12 16:05:10.628,1.55302,1.55316,1.00,1.00
2017.12.12 16:05:10.834,1.55299,1.55316,1.69,1.00
2017.12.12 16:05:11.388,1.553,1.55318,1.00,1.12
2017.12.12 16:05:11.646,1.55303,1.5532,1.69,1.12
2017.12.12 16:05:11.959,1.55301,1.55316,1.50,1.00
2017.12.12 16:05:12.229,1.55299,1.55315,1.00,1.00
2017.12.12 16:05:12.758,1.55298,1.55314,1.00,1.00
2017.12.12 16:05:13.275,1.55297,1.55315,1.69,1.31
2017.12.12 16:05:15.674,1.55298,1.55316,1.00,1.44
2017.12.12 16:05:16.188,1.55297,1.55316,1.00,1.44
2017.12.12 16:05:16.644,1.55301,1.55318,1.00,3.79
2017.12.12 16:05:17.490,1.55297,1.55318,1.87,2.66
2017.12.12 16:05:17.697,1.55298,1.55318,1.12,1.54
2017.12.12 16:05:18.007,1.55297,1.55314,1.19,1.00
2017.12.12 16:05:18.111,1.55297,1.55316,1.69,1.87
2017.12.12 16:05:18.745,1.55297,1.55316,1.87,2.06
2017.12.12 16:05:19.344,1.55297,1.55315,1.00,1.62
2017.12.12 16:05:20.003,1.55295,1.55315,1.69,2.81
2017.12.12 16:05:20.763,1.55295,1.55314,1.25,2.81
2017.12.12 16:05:20.815,1.55294,1.55312,1.19,1.00
2017.12.12 16:05:20.867,1.55292,1.55312,1.87,2.06
2017.12.12 16:05:20.919,1.55292,1.5531,1.69,1.00
2017.12.12 16:05:21.225,1.55292,1.55304,1.00,1.00
2017.12.12 16:05:21.279,1.55288,1.55305,1.00,1.19
2017.12.12 16:05:21.333,1.55285,1.55305,1.69,1.19
2017.12.12 16:05:22.390,1.55285,1.55304,1.00,1.25
2017.12.12 16:05:22.802,1.55283,1.55302,1.87,1.00
2017.12.12 16:05:23.329,1.55283,1.55303,1.12,1.69
2017.12.12 16:05:23.869,1.55283,1.55302,1.12,1.00
2017.12.12 16:05:24.725,1.55283,1.55302,1.87,1.00
2017.12.12 16:05:24.881,1.5529,1.55309,2.06,1.25
2017.12.12 16:05:24.934,1.5529,1.55307,1.00,1.25
2017.12.12 16:05:25.189,1.55291,1.5531,1.00,1.50
2017.12.12 16:05:25.701,1.5529,1.5531,1.19,2.62
2017.12.12 16:05:27.434,1.55291,1.5531,2.66,1.44
2017.12.12 16:05:27.487,1.55292,1.5531,1.00,1.25
2017.12.12 16:05:28.288,1.5529,1.5531,1.19,2.81
2017.12.12 16:05:28.343,1.55289,1.55307,1.00,1.00
2017.12.12 16:05:28.763,1.55297,1.55313,1.00,1.12
2017.12.12 16:05:28.815,1.55299,1.55317,1.00,2.44
2017.12.12 16:05:29.346,1.55298,1.55317,1.25,1.25
2017.12.12 16:05:30.971,1.55295,1.55314,1.19,1.00
2017.12.12 16:05:31.128,1.55293,1.55313,1.69,2.25
2017.12.12 16:05:31.235,1.55291,1.5531,2.81,1.00
2017.12.12 16:05:31.565,1.55291,1.5531,2.25,1.25
2017.12.12 16:05:31.618,1.55291,1.55311,2.25,2.06
2017.12.12 16:05:31.671,1.55291,1.55312,2.25,1.62
2017.12.12 16:05:32.213,1.55291,1.55312,2.62,2.06
2017.12.12 16:05:32.746,1.55291,1.55312,2.06,2.06
2017.12.12 16:05:33.283,1.55291,1.5531,2.62,1.56
2017.12.12 16:05:33.822,1.55291,1.55311,2.06,1.69
2017.12.12 16:05:34.028,1.55291,1.55307,1.00,1.00
2017.12.12 16:05:35.012,1.55291,1.55308,1.00,1.25
2017.12.12 16:05:35.573,1.55293,1.55312,2.25,1.69
2017.12.12 16:05:35.885,1.55296,1.55315,1.00,2.06
2017.12.12 16:05:36.636,1.55296,1.55314,1.00,2.44
2017.12.12 16:05:36.740,1.55294,1.5531,1.00,1.25
2017.12.12 16:05:36.793,1.55294,1.55312,1.25,1.00
2017.12.12 16:05:36.845,1.55294,1.55314,1.25,1.12
2017.12.12 16:05:37.574,1.55295,1.55315,1.00,1.37
2017.12.12 16:05:37.867,1.55296,1.55315,2.25,1.19
2017.12.12 16:05:38.092,1.55302,1.5532,1.12,2.44
2017.12.12 16:05:38.555,1.55303,1.55319,1.00,1.44
2017.12.12 16:05:39.021,1.55303,1.55321,1.00,1.37
2017.12.12 16:05:39.527,1.55302,1.55321,2.06,1.31
2017.12.12 16:05:39.735,1.55302,1.55321,2.25,1.31
2017.12.12 16:05:40.152,1.55302,1.55321,1.87,1.56
2017.12.12 16:05:41.174,1.55302,1.5532,1.00,1.69
2017.12.12 16:05:41.602,1.55299,1.5532,1.69,2.44
2017.12.12 16:05:41.918,1.55295,1.55315,3.00,2.25
2017.12.12 16:05:42.472,1.55295,1.55314,3.00,1.00
2017.12.12 16:05:42.524,1.55295,1.55316,3.00,1.69
2017.12.12 16:05:43.037,1.55295,1.55316,3.00,1.87
2017.12.12 16:05:45.182,1.55296,1.55314,1.25,1.00
2017.12.12 16:05:46.083,1.55296,1.55316,1.25,1.00
2017.12.12 16:05:46.619,1.55297,1.55316,1.00,1.00
2017.12.12 16:05:46.780,1.55301,1.55316,1.00,1.00
2017.12.12 16:05:47.127,1.55302,1.55319,1.00,2.47
2017.12.12 16:05:47.651,1.55301,1.55318,1.00,2.25
2017.12.12 16:05:48.198,1.55301,1.55318,1.00,1.50
2017.12.12 16:05:49.447,1.55301,1.55316,1.00,1.50
2017.12.12 16:05:49.824,1.553,1.55316,1.00,2.06
2017.12.12 16:05:50.654,1.55301,1.55316,1.00,1.69
2017.12.12 16:05:50.985,1.55301,1.55316,1.00,1.44
2017.12.12 16:05:52.394,1.55301,1.55316,1.00,1.31
2017.12.12 16:05:55.613,1.55302,1.55316,1.00,1.44
2017.12.12 16:05:55.855,1.55303,1.55316,1.00,1.25
2017.12.12 16:05:56.394,1.55302,1.55316,1.00,1.25
2017.12.12 16:05:57.904,1.553,1.55315,1.00,1.00
2017.12.12 16:05:58.417,1.553,1.55316,1.00,1.12
2017.12.12 16:05:58.963,1.553,1.55316,1.00,1.87
2017.12.12 16:05:59.459,1.553,1.55315,1.00,4.69
2017.12.12 16:05:59.836,1.55299,1.55313,1.00,1.62
2017.12.12 16:05:59.942,1.55297,1.55313,1.00,1.56
2017.12.12 16:06:00.201,1.55298,1.55313,1.00,3.94
2017.12.12 16:06:00.971,1.55298,1.55311,1.00,2.00
2017.12.12 16:06:02.404,1.55297,1.55313,1.00,1.56
2017.12.12 16:06:02.456,1.55295,1.55312,1.00,1.62
2017.12.12 16:06:02.661,1.55297,1.55312,1.00,1.62
2017.12.12 16:06:03.191,1.55298,1.55312,1.00,1.62
2017.12.12 16:06:03.450,1.553,1.55314,1.00,1.37
2017.12.12 16:06:03.950,1.553,1.55313,1.00,1.75
2017.12.12 16:06:04.002,1.553,1.55314,1.00,1.87
2017.12.12 16:06:04.463,1.553,1.55313,1.00,1.12
2017.12.12 16:06:04.517,1.55295,1.55305,1.00,1.00
2017.12.12 16:06:04.572,1.55296,1.55305,1.00,1.44
2017.12.12 16:06:04.625,1.55293,1.55304,1.00,1.19
2017.12.12 16:06:04.855,1.55291,1.55303,1.00,1.25
2017.12.12 16:06:05.839,1.5529,1.55304,1.00,1.19
2017.12.12 16:06:06.945,1.5529,1.55304,1.00,1.37
2017.12.12 16:06:10.528,1.5529,1.55306,1.00,2.06
2017.12.12 16:06:10.873,1.55294,1.55306,1.00,1.62
2017.12.12 16:06:11.921,1.55294,1.55307,1.00,1.56
2017.12.12 16:06:12.423,1.55293,1.55306,1.00,1.62
2017.12.12 16:06:12.787,1.5529,1.55303,1.00,2.06
2017.12.12 16:06:13.318,1.55289,1.55303,1.00,2.06
2017.12.12 16:06:13.842,1.55289,1.55303,1.00,1.31
2017.12.12 16:06:14.495,1.55286,1.55301,1.00,1.44
2017.12.12 16:06:14.600,1.55286,1.55302,3.00,1.00
2017.12.12 16:06:15.121,1.55285,1.55302,1.44,2.44
2017.12.12 16:06:15.648,1.55286,1.55302,1.25,1.25
2017.12.12 16:06:15.970,1.55286,1.55302,3.00,1.25
2017.12.12 16:06:16.022,1.55288,1.55306,1.37,1.69
2017.12.12 16:06:16.331,1.55286,1.55302,1.00,1.69
2017.12.12 16:06:16.385,1.55283,1.55301,1.19,1.25
2017.12.12 16:06:16.849,1.55283,1.55297,1.25,1.00
2017.12.12 16:06:17.359,1.55281,1.55298,1.44,1.50
2017.12.12 16:06:17.463,1.55281,1.55299,1.12,2.25
2017.12.12 16:06:17.672,1.55281,1.55298,1.37,1.00
2017.12.12 16:06:18.213,1.55281,1.55299,1.37,1.00
2017.12.12 16:06:18.523,1.5528,1.55292,1.25,1.00
2017.12.12 16:06:18.629,1.55281,1.55298,1.50,1.00
2017.12.12 16:06:18.682,1.55282,1.55298,1.37,1.50
2017.12.12 16:06:18.735,1.55284,1.55302,1.50,2.44
2017.12.12 16:06:18.787,1.55288,1.55304,1.31,1.00
2017.12.12 16:06:18.839,1.5529,1.55308,1.37,3.19
2017.12.12 16:06:18.942,1.55292,1.55308,1.00,1.19
2017.12.12 16:06:19.345,1.5529,1.55304,1.00,1.25
2017.12.12 16:06:19.397,1.55288,1.55304,1.87,1.25
2017.12.12 16:06:19.604,1.55289,1.55306,1.00,1.00
2017.12.12 16:06:19.840,1.55288,1.55304,1.31,1.00
2017.12.12 16:06:20.101,1.55282,1.55299,1.87,1.25
2017.12.12 16:06:20.153,1.55282,1.55294,1.87,1.00
2017.12.12 16:06:20.205,1.5528,1.55295,1.00,1.00
2017.12.12 16:06:20.938,1.5528,1.55294,1.00,1.00
2017.12.12 16:06:21.157,1.55278,1.55294,3.00,1.00
2017.12.12 16:06:21.313,1.55282,1.55299,3.97,1.50
2017.12.12 16:06:21.365,1.55283,1.55301,2.25,1.69
2017.12.12 16:06:21.470,1.55285,1.55303,1.87,1.00
2017.12.12 16:06:22.456,1.55285,1.55303,1.19,2.25
2017.12.12 16:06:22.509,1.55283,1.55297,1.44,1.00
2017.12.12 16:06:22.819,1.55282,1.55297,1.37,1.00
2017.12.12 16:06:22.872,1.55281,1.55295,1.00,1.00
2017.12.12 16:06:22.925,1.55276,1.55291,1.62,1.00
2017.12.12 16:06:23.444,1.55275,1.55292,1.87,1.12
2017.12.12 16:06:23.946,1.55277,1.55292,1.25,1.00
2017.12.12 16:06:24.452,1.55278,1.55293,1.00,1.25
2017.12.12 16:06:24.505,1.55275,1.55292,1.50,1.00
2017.12.12 16:06:24.748,1.55272,1.5529,1.31,1.00
2017.12.12 16:06:25.059,1.55275,1.55294,1.44,1.56
2017.12.12 16:06:25.420,1.55279,1.55291,1.00,1.00
2017.12.12 16:06:25.684,1.55279,1.55293,1.00,1.25
2017.12.12 16:06:26.353,1.55279,1.55292,1.00,1.00
2017.12.12 16:06:26.923,1.55279,1.55294,1.00,1.19
2017.12.12 16:06:27.094,1.5528,1.55296,1.37,1.00
2017.12.12 16:06:27.558,1.5528,1.55293,1.37,1.00
2017.12.12 16:06:27.993,1.5528,1.55295,1.37,1.00
2017.12.12 16:06:28.100,1.55279,1.55293,1.37,1.00
2017.12.12 16:06:28.191,1.55279,1.55293,1.19,1.00
2017.12.12 16:06:28.244,1.55275,1.5529,1.19,1.00
2017.12.12 16:06:29.249,1.55274,1.55289,1.87,1.00
2017.12.12 16:06:29.619,1.55274,1.55292,1.44,1.19
2017.12.12 16:06:29.723,1.55276,1.55295,1.50,1.69
2017.12.12 16:06:29.877,1.55278,1.55295,1.00,1.69
2017.12.12 16:06:30.409,1.55277,1.55295,1.25,1.25
2017.12.12 16:06:30.717,1.55279,1.55297,1.25,2.44
2017.12.12 16:06:31.323,1.55279,1.55297,1.62,2.44
2017.12.12 16:06:31.469,1.55279,1.55296,1.00,1.19
2017.12.12 16:06:31.522,1.55279,1.55295,1.37,1.25
2017.12.12 16:06:32.943,1.55279,1.55297,2.25,1.19
2017.12.12 16:06:33.091,1.55279,1.55297,2.25,1.25
2017.12.12 16:06:33.322,1.55276,1.55296,1.87,1.69
2017.12.12 16:06:33.376,1.55276,1.5529,1.44,1.00
2017.12.12 16:06:33.891,1.55274,1.55292,1.50,1.25
2017.12.12 16:06:34.078,1.55273,1.55288,1.00,1.00
2017.12.12 16:06:34.132,1.55269,1.55286,1.19,1.00
2017.12.12 16:06:34.184,1.55268,1.55284,1.00,1.00
2017.12.12 16:06:34.524,1.55261,1.55279,1.37,1.25
2017.12.12 16:06:34.870,1.5527,1.55286,1.50,2.62
2017.12.12 16:06:35.387,1.55267,1.55286,2.25,1.50
2017.12.12 16:06:35.895,1.55266,1.55286,2.62,1.50
2017.12.12 16:06:36.255,1.55266,1.55284,3.19,1.00
2017.12.12 16:06:36.749,1.55266,1.55281,1.69,1.00
2017.12.12 16:06:36.801,1.55266,1.55281,1.69,1.00
2017.12.12 16:06:37.275,1.55265,1.55283,2.44,1.00
2017.12.12 16:06:38.369,1.55265,1.55283,2.00,1.00
2017.12.12 16:06:38.906,1.55264,1.5528,1.50,1.00
2017.12.12 16:06:39.236,1.55273,1.55285,1.37,1.00
2017.12.12 16:06:39.289,1.55274,1.55289,1.00,1.00
2017.12.12 16:06:39.445,1.55271,1.55286,2.06,1.00
2017.12.12 16:06:39.601,1.55269,1.55286,2.81,1.00
2017.12.12 16:06:39.837,1.55269,1.55284,1.44,1.00
2017.12.12 16:06:40.198,1.55266,1.55284,1.50,1.00
2017.12.12 16:06:40.250,1.55266,1.55284,1.00,2.25
2017.12.12 16:06:40.355,1.55264,1.55281,1.44,1.00
2017.12.12 16:06:40.921,1.55263,1.55282,1.69,1.00
2017.12.12 16:06:41.229,1.55264,1.55277,1.50,1.00
2017.12.12 16:06:41.783,1.55264,1.55276,1.50,1.00
2017.12.12 16:06:42.226,1.55264,1.55278,1.69,1.00
2017.12.12 16:06:42.775,1.55264,1.5528,1.69,1.50
2017.12.12 16:06:43.230,1.55264,1.55282,1.31,1.25
2017.12.12 16:06:43.387,1.55263,1.55281,1.25,1.00
2017.12.12 16:06:43.440,1.55267,1.55282,1.50,1.00
2017.12.12 16:06:43.493,1.55265,1.55283,2.25,1.00
2017.12.12 16:06:43.545,1.55266,1.55283,1.75,1.00
2017.12.12 16:06:44.216,1.55267,1.55284,1.75,1.50
2017.12.12 16:06:44.728,1.55267,1.55283,1.75,1.00
2017.12.12 16:06:45.250,1.55266,1.55286,3.00,4.12
2017.12.12 16:06:45.610,1.55266,1.55284,1.87,1.69
2017.12.12 16:06:45.714,1.55262,1.55283,4.12,1.31
2017.12.12 16:06:46.258,1.55266,1.55283,1.12,1.19
2017.12.12 16:06:46.413,1.55266,1.55284,1.50,1.19
2017.12.12 16:06:46.672,1.55271,1.55289,1.62,1.69
2017.12.12 16:06:46.775,1.5527,1.55289,1.69,1.69
2017.12.12 16:06:47.089,1.55273,1.55289,1.19,1.19
2017.12.12 16:06:47.348,1.55271,1.55283,1.00,1.00
2017.12.12 16:06:47.770,1.5527,1.55285,1.25,1.00
2017.12.12 16:06:47.875,1.5527,1.55288,1.37,1.25
2017.12.12 16:06:48.281,1.55273,1.5529,1.25,1.25
2017.12.12 16:06:48.417,1.55273,1.5529,1.37,1.25
2017.12.12 16:06:49.194,1.55275,1.55288,1.44,1.00
2017.12.12 16:06:49.298,1.55275,1.55293,1.00,1.69
2017.12.12 16:06:49.350,1.55278,1.55294,1.19,1.25
2017.12.12 16:06:49.668,1.5527,1.55282,1.31,1.37
2017.12.12 16:06:49.768,1.5527,1.55286,1.31,1.87
2017.12.12 16:06:49.822,1.55269,1.5529,3.00,4.69
2017.12.12 16:06:49.875,1.55271,1.5529,1.37,3.94
2017.12.12 16:06:50.847,1.55274,1.5529,1.44,1.12
2017.12.12 16:06:51.160,1.55275,1.55288,1.37,1.00
2017.12.12 16:06:51.443,1.55273,1.55288,1.12,1.00
2017.12.12 16:06:51.547,1.55274,1.55289,1.37,1.00
2017.12.12 16:06:51.865,1.55271,1.55287,2.06,1.00
2017.12.12 16:06:52.384,1.5527,1.55286,3.00,1.00
2017.12.12 16:06:52.745,1.55275,1.55287,1.37,1.00
2017.12.12 16:06:52.798,1.55275,1.5529,1.37,1.00
2017.12.12 16:06:53.299,1.55275,1.55291,2.06,1.00
2017.12.12 16:06:53.640,1.55275,1.5529,1.56,1.00
2017.12.12 16:06:54.104,1.55275,1.55281,1.19,1.00
2017.12.12 16:06:54.239,1.55271,1.55281,2.44,1.00
2017.12.12 16:06:54.296,1.55269,1.55277,1.19,1.00
2017.12.12 16:06:54.350,1.5527,1.55279,1.25,1.00
2017.12.12 16:06:54.402,1.55269,1.55281,1.19,1.57
2017.12.12 16:06:54.455,1.55269,1.55284,1.19,1.10
2017.12.12 16:06:54.507,1.55269,1.55281,1.44,1.00
2017.12.12 16:06:54.611,1.55271,1.55284,1.00,1.00
2017.12.12 16:06:54.816,1.55269,1.55286,1.44,1.50
2017.12.12 16:06:54.973,1.55272,1.55286,1.00,1.50
2017.12.12 16:06:55.131,1.5528,1.55295,1.25,1.00
2017.12.12 16:06:55.185,1.5528,1.55295,2.04,1.00
2017.12.12 16:06:55.483,1.55286,1.55304,1.87,2.14
2017.12.12 16:06:56.042,1.55287,1.55304,1.19,1.00
2017.12.12 16:06:56.443,1.55286,1.55304,1.44,2.32
2017.12.12 16:06:56.700,1.55286,1.55304,1.87,1.95
2017.12.12 16:06:56.855,1.55292,1.55304,1.00,1.00
2017.12.12 16:06:56.908,1.55292,1.55307,1.44,1.95
2017.12.12 16:06:57.187,1.5529,1.55307,1.44,1.00
2017.12.12 16:06:57.242,1.55289,1.55304,1.44,1.00
2017.12.12 16:06:57.455,1.55291,1.55307,1.00,1.57
2017.12.12 16:06:58.002,1.55289,1.55307,1.44,1.57
2017.12.12 16:06:58.106,1.55288,1.55304,1.44,1.00
2017.12.12 16:06:58.635,1.55287,1.55305,1.44,1.12
2017.12.12 16:06:59.183,1.55287,1.55304,1.44,1.00
2017.12.12 16:06:59.653,1.55288,1.55307,2.06,3.07
2017.12.12 16:06:59.707,1.5529,1.55307,1.37,1.57
2017.12.12 16:07:00.661,1.55291,1.55308,2.06,1.12
2017.12.12 16:07:00.713,1.55291,1.55308,1.69,1.19
2017.12.12 16:07:00.901,1.55291,1.55305,1.69,1.00
2017.12.12 16:07:01.329,1.55294,1.55309,1.00,1.31
2017.12.12 16:07:01.381,1.55294,1.5531,1.19,2.32
2017.12.12 16:07:01.638,1.55295,1.55312,1.37,1.95
2017.12.12 16:07:02.005,1.55295,1.55312,1.25,1.87
2017.12.12 16:07:02.163,1.55296,1.55308,1.00,1.00
2017.12.12 16:07:02.762,1.55296,1.5531,1.25,1.50
2017.12.12 16:07:03.637,1.55295,1.55308,1.00,1.00
2017.12.12 16:07:03.776,1.55293,1.55309,1.25,1.00
2017.12.12 16:07:03.965,1.55292,1.55306,1.25,1.00
2017.12.12 16:07:04.120,1.55292,1.55309,1.25,2.32
2017.12.12 16:07:04.174,1.55294,1.55311,1.69,3.19
2017.12.12 16:07:04.485,1.55296,1.55311,1.19,1.50
2017.12.12 16:07:05.617,1.55296,1.5531,1.69,1.00
2017.12.12 16:07:06.114,1.55298,1.55313,1.00,1.25
2017.12.12 16:07:06.480,1.55295,1.55312,1.37,1.50
2017.12.12 16:07:07.005,1.55293,1.55312,2.06,1.37
2017.12.12 16:07:07.584,1.55295,1.55312,1.19,1.00
2017.12.12 16:07:08.102,1.55293,1.55311,2.06,1.00
2017.12.12 16:07:08.779,1.55293,1.55311,2.06,1.00
2017.12.12 16:07:08.986,1.55298,1.55313,1.25,2.25
2017.12.12 16:07:10.319,1.55299,1.55316,1.25,1.31
2017.12.12 16:07:10.371,1.55298,1.55313,1.44,1.00
2017.12.12 16:07:10.475,1.55295,1.55312,1.44,1.00
2017.12.12 16:07:10.735,1.55293,1.55306,1.44,1.00
2017.12.12 16:07:10.840,1.55291,1.55308,1.62,1.00
2017.12.12 16:07:11.382,1.55292,1.55309,1.44,1.00
2017.12.12 16:07:11.779,1.55293,1.55311,1.25,1.12
2017.12.12 16:07:11.832,1.55295,1.55311,1.00,1.00
2017.12.12 16:07:11.884,1.55293,1.5531,1.00,1.12
2017.12.12 16:07:11.988,1.55293,1.55306,1.00,1.00
2017.12.12 16:07:12.586,1.55291,1.55306,1.00,1.00
2017.12.12 16:07:13.095,1.55291,1.55307,1.00,1.00
2017.12.12 16:07:13.397,1.55294,1.55309,1.19,1.00
2017.12.12 16:07:13.669,1.55295,1.55311,1.25,1.00
2017.12.12 16:07:14.248,1.55295,1.55312,1.25,1.00
2017.12.12 16:07:14.300,1.55297,1.55312,1.00,1.00
2017.12.12 16:07:14.807,1.55297,1.55313,1.25,1.50
2017.12.12 16:07:15.115,1.55296,1.55311,1.19,1.00
2017.12.12 16:07:15.627,1.55296,1.55312,1.00,1.00
2017.12.12 16:07:16.757,1.55296,1.55311,1.00,1.00
2017.12.12 16:07:17.068,1.55292,1.55308,1.19,1.25
2017.12.12 16:07:17.418,1.55292,1.55304,1.19,1.00
2017.12.12 16:07:17.625,1.55289,1.55303,1.19,1.25
2017.12.12 16:07:17.678,1.55288,1.553,1.19,1.00
2017.12.12 16:07:17.989,1.55284,1.55296,1.19,1.00
2017.12.12 16:07:18.528,1.55284,1.55295,1.19,1.00
2017.12.12 16:07:18.580,1.55281,1.55295,1.19,1.00
2017.12.12 16:07:19.289,1.55281,1.55294,1.19,1.00
2017.12.12 16:07:19.755,1.5528,1.55297,1.19,1.69
2017.12.12 16:07:19.811,1.55278,1.55293,1.19,1.25
2017.12.12 16:07:20.116,1.55279,1.55296,1.25,1.00
2017.12.12 16:07:20.600,1.55281,1.55297,1.00,1.00
2017.12.12 16:07:20.755,1.55282,1.55299,1.00,1.00
2017.12.12 16:07:21.282,1.55282,1.55298,1.00,1.00
2017.12.12 16:07:21.848,1.55282,1.55299,1.00,2.25
2017.12.12 16:07:22.386,1.55283,1.55298,1.00,1.00
2017.12.12 16:07:23.450,1.55281,1.55298,1.25,1.69
2017.12.12 16:07:23.502,1.55281,1.55296,1.00,1.00
2017.12.12 16:07:24.068,1.55281,1.55299,1.19,1.00
2017.12.12 16:07:24.120,1.55283,1.55301,1.31,1.00
2017.12.12 16:07:24.432,1.55293,1.55308,1.19,1.50
2017.12.12 16:07:24.947,1.55293,1.55307,1.19,1.00
2017.12.12 16:07:24.999,1.5529,1.55307,1.69,1.00
2017.12.12 16:07:25.739,1.55295,1.55307,1.25,1.00
2017.12.12 16:07:25.791,1.55294,1.55309,1.19,1.69
2017.12.12 16:07:26.552,1.55294,1.5531,1.19,2.44
2017.12.12 16:07:27.106,1.55295,1.5531,1.19,1.50
2017.12.12 16:07:27.209,1.55294,1.5531,1.25,2.44
2017.12.12 16:07:28.313,1.55293,1.55309,1.19,1.00
2017.12.12 16:07:28.823,1.55292,1.5531,1.69,1.25
2017.12.12 16:07:28.875,1.55292,1.5531,1.00,1.25
2017.12.12 16:07:29.409,1.55293,1.5531,1.25,1.00
2017.12.12 16:07:31.839,1.55295,1.5531,1.00,1.00
2017.12.12 16:07:31.891,1.55293,1.5531,1.00,1.00
2017.12.12 16:07:32.045,1.55294,1.55312,1.00,1.00
2017.12.12 16:07:32.335,1.55294,1.55312,1.75,1.19
2017.12.12 16:07:32.396,1.55298,1.55316,1.25,1.25
2017.12.12 16:07:32.606,1.55298,1.55313,1.19,1.00
2017.12.12 16:07:32.659,1.55298,1.55313,1.00,1.00
2017.12.12 16:07:32.711,1.55296,1.55313,1.25,1.19
2017.12.12 16:07:32.763,1.55298,1.55313,1.00,1.19
2017.12.12 16:07:32.815,1.55296,1.55313,1.25,1.19
2017.12.12 16:07:32.867,1.55298,1.55313,1.00,1.19
2017.12.12 16:07:33.480,1.55296,1.55313,1.69,1.19
2017.12.12 16:07:33.532,1.55296,1.55312,1.00,1.37
2017.12.12 16:07:33.688,1.55293,1.55307,1.00,1.00
2017.12.12 16:07:34.223,1.55293,1.55308,1.00,1.00
2017.12.12 16:07:34.738,1.55293,1.55307,1.00,1.00
2017.12.12 16:07:35.796,1.55293,1.55308,1.00,1.00
2017.12.12 16:07:37.272,1.55293,1.55307,1.00,1.00
2017.12.12 16:07:37.832,1.55292,1.55307,1.00,1.00
2017.12.12 16:07:40.332,1.55292,1.55308,1.00,1.00
2017.12.12 16:07:40.841,1.55292,1.55307,1.19,1.00
2017.12.12 16:07:41.345,1.55294,1.55307,1.00,1.00
2017.12.12 16:07:41.468,1.55297,1.55313,1.00,2.44
2017.12.12 16:07:41.521,1.55299,1.55314,1.00,1.44
2017.12.12 16:07:41.573,1.55299,1.55317,1.19,1.00
2017.12.12 16:07:41.778,1.55301,1.55319,1.00,1.12
2017.12.12 16:07:44.585,1.55303,1.55319,1.00,1.00
2017.12.12 16:07:48.437,1.55302,1.55319,1.00,1.00
2017.12.12 16:07:48.542,1.55299,1.55318,1.00,1.00
2017.12.12 16:07:49.082,1.55298,1.55319,1.69,3.94
2017.12.12 16:07:50.012,1.55301,1.55319,1.31,1.50
2017.12.12 16:07:50.794,1.55305,1.55323,1.00,1.31
2017.12.12 16:07:51.316,1.55306,1.55323,1.00,2.06
2017.12.12 16:07:52.056,1.55304,1.55323,1.25,1.31
2017.12.12 16:07:52.314,1.55304,1.55323,1.62,2.62
2017.12.12 16:07:52.817,1.55304,1.55321,1.62,1.00
2017.12.12 16:07:53.569,1.55304,1.55323,1.62,2.62
2017.12.12 16:07:54.241,1.55305,1.55322,1.37,1.00
2017.12.12 16:07:54.641,1.55303,1.5532,1.87,1.00
2017.12.12 16:07:55.159,1.55301,1.55319,2.62,1.00
2017.12.12 16:07:55.471,1.553,1.55318,1.37,1.37
2017.12.12 16:07:55.523,1.553,1.55319,1.87,1.87
2017.12.12 16:07:55.627,1.553,1.55319,1.94,2.62
2017.12.12 16:07:56.084,1.553,1.55318,2.62,1.12
2017.12.12 16:07:56.406,1.55301,1.5532,2.44,2.25
2017.12.12 16:07:57.186,1.553,1.5532,1.56,2.25
2017.12.12 16:07:58.550,1.55304,1.55322,1.50,3.37
2017.12.12 16:08:01.821,1.55303,1.55321,1.50,1.62
2017.12.12 16:08:02.338,1.55304,1.55321,1.00,1.62
2017.12.12 16:08:02.848,1.55303,1.55321,1.50,1.62
2017.12.12 16:08:03.254,1.55305,1.55322,1.54,1.00
2017.12.12 16:08:03.306,1.55305,1.55324,2.29,1.87
2017.12.12 16:08:03.465,1.55308,1.55324,1.00,1.12
2017.12.12 16:08:03.518,1.55309,1.55327,1.05,1.12
2017.12.12 16:08:03.675,1.55309,1.55327,1.42,1.12
2017.12.12 16:08:04.575,1.55309,1.55327,1.72,1.12
2017.12.12 16:08:05.105,1.5531,1.55329,1.69,1.00
2017.12.12 16:08:05.788,1.55314,1.55332,1.44,1.12
2017.12.12 16:08:06.105,1.55312,1.55331,1.56,1.37
2017.12.12 16:08:06.262,1.55312,1.55329,1.62,1.12
2017.12.12 16:08:06.314,1.55311,1.55328,1.37,1.37
2017.12.12 16:08:06.490,1.55312,1.5533,1.19,1.12
2017.12.12 16:08:06.852,1.55311,1.55329,1.87,1.00
2017.12.12 16:08:06.958,1.55307,1.55326,2.81,1.50
2017.12.12 16:08:08.872,1.55307,1.55323,1.62,1.00
2017.12.12 16:08:09.711,1.55306,1.55322,1.44,1.00
2017.12.12 16:08:10.231,1.55304,1.55321,1.56,1.00
2017.12.12 16:08:10.757,1.55305,1.55321,1.25,1.00
2017.12.12 16:08:10.813,1.55306,1.55323,1.00,1.00
2017.12.12 16:08:10.866,1.55309,1.55325,1.00,1.25
2017.12.12 16:08:11.025,1.55309,1.55327,1.25,1.00
2017.12.12 16:08:11.534,1.5531,1.55328,1.00,1.00
2017.12.12 16:08:12.051,1.55309,1.55328,1.31,1.00
2017.12.12 16:08:13.356,1.5531,1.55328,1.00,1.00
2017.12.12 16:08:13.662,1.5531,1.55326,1.00,1.00
2017.12.12 16:08:14.213,1.55309,1.55325,1.31,1.00
2017.12.12 16:08:14.751,1.5531,1.55324,1.00,1.00
2017.12.12 16:08:15.262,1.55309,1.55324,1.12,1.00
2017.12.12 16:08:15.770,1.5531,1.55324,1.00,1.00
2017.12.12 16:08:16.443,1.55309,1.55324,1.12,1.00
2017.12.12 16:08:16.976,1.55309,1.55325,1.50,1.00
2017.12.12 16:08:17.494,1.5531,1.55325,1.00,1.00
2017.12.12 16:08:18.320,1.55309,1.55325,1.50,1.00
2017.12.12 16:08:19.903,1.55307,1.55322,1.37,1.00
2017.12.12 16:08:20.402,1.55302,1.55319,3.19,1.00
2017.12.12 16:08:20.454,1.55302,1.55315,2.62,1.00
2017.12.12 16:08:20.661,1.55299,1.55313,1.50,1.00
2017.12.12 16:08:21.281,1.55298,1.55313,3.56,1.00
2017.12.12 16:08:21.995,1.55299,1.55315,1.00,1.00
2017.12.12 16:08:22.289,1.55299,1.55316,1.62,1.00
2017.12.12 16:08:22.413,1.553,1.55316,1.31,1.50
2017.12.12 16:08:22.522,1.553,1.55316,3.56,1.50
2017.12.12 16:08:22.882,1.55301,1.55315,1.00,1.00
2017.12.12 16:08:23.238,1.55296,1.5531,1.50,1.00
2017.12.12 16:08:23.582,1.55293,1.55308,1.62,1.00
2017.12.12 16:08:23.935,1.55294,1.55309,1.69,1.00
2017.12.12 16:08:24.314,1.55297,1.55311,1.56,1.00
2017.12.12 16:08:24.832,1.55298,1.55312,1.56,1.00
2017.12.12 16:08:25.380,1.55298,1.55311,1.56,1.00
2017.12.12 16:08:27.582,1.55298,1.5531,1.56,1.00
2017.12.12 16:08:27.893,1.55297,1.55312,1.56,1.00
2017.12.12 16:08:28.189,1.553,1.55315,1.56,1.00
2017.12.12 16:08:28.245,1.55301,1.55317,1.94,1.00
2017.12.12 16:08:28.351,1.55302,1.55314,3.19,1.00
2017.12.12 16:08:28.403,1.55302,1.55316,3.19,1.00
2017.12.12 16:08:28.660,1.55302,1.55319,3.37,1.00
2017.12.12 16:08:29.201,1.55304,1.5532,2.85,1.00
2017.12.12 16:08:29.742,1.55304,1.5532,2.47,1.00
2017.12.12 16:08:29.933,1.55305,1.5532,1.69,1.00
2017.12.12 16:08:30.277,1.55305,1.55318,1.69,1.00
2017.12.12 16:08:30.434,1.55304,1.55318,1.91,1.00
2017.12.12 16:08:30.539,1.55308,1.55325,2.44,1.00
2017.12.12 16:08:30.594,1.55308,1.55321,1.25,1.00
2017.12.12 16:08:30.646,1.55308,1.55324,2.06,1.00
2017.12.12 16:08:30.789,1.55309,1.55326,1.56,1.00
2017.12.12 16:08:31.306,1.55309,1.55326,2.44,1.00
2017.12.12 16:08:32.077,1.5531,1.55325,1.00,1.00
2017.12.12 16:08:32.130,1.5531,1.55325,1.19,1.00
2017.12.12 16:08:32.854,1.5531,1.55326,1.19,1.00
2017.12.12 16:08:34.030,1.55309,1.55323,1.31,1.00
2017.12.12 16:08:34.623,1.55308,1.55324,2.44,1.00
2017.12.12 16:08:37.612,1.5531,1.55324,1.19,1.00
2017.12.12 16:08:39.166,1.55311,1.55327,2.00,1.00
2017.12.12 16:08:39.218,1.55313,1.55329,1.00,1.00
2017.12.12 16:08:39.270,1.55312,1.55329,3.00,1.00
2017.12.12 16:08:39.773,1.55313,1.5533,1.69,1.00
2017.12.12 16:08:45.297,1.55314,1.55331,1.37,1.00
2017.12.12 16:08:45.883,1.55314,1.55331,2.00,1.00
2017.12.12 16:08:46.439,1.55314,1.55332,2.00,1.00
2017.12.12 16:08:47.011,1.55314,1.55331,2.47,1.00
2017.12.12 16:08:47.324,1.55321,1.55338,3.00,1.00
2017.12.12 16:08:47.843,1.55321,1.55339,3.00,1.00
2017.12.12 16:08:49.495,1.55324,1.5534,1.69,1.00
2017.12.12 16:08:49.547,1.55325,1.55342,2.62,1.00
2017.12.12 16:08:50.173,1.55326,1.55341,2.62,1.00
2017.12.12 16:08:50.398,1.55326,1.55343,1.87,1.00
2017.12.12 16:08:50.912,1.55328,1.55343,1.44,1.00
2017.12.12 16:08:51.500,1.55329,1.55343,1.44,1.00
2017.12.12 16:08:52.635,1.55329,1.55343,1.12,1.00
2017.12.12 16:08:53.151,1.55329,1.55344,1.87,1.00
2017.12.12 16:08:54.898,1.55329,1.55346,1.69,1.00
2017.12.12 16:08:55.054,1.55332,1.55349,2.06,1.00
2017.12.12 16:08:57.434,1.55332,1.55349,2.62,1.00
2017.12.12 16:08:58.479,1.55332,1.55346,1.44,1.00
2017.12.12 16:08:58.583,1.5533,1.55346,1.44,1.00
2017.12.12 16:08:59.216,1.55329,1.55345,1.50,1.00
2017.12.12 16:08:59.478,1.55329,1.55344,1.50,1.00
2017.12.12 16:08:59.990,1.55329,1.55343,1.50,1.00
2017.12.12 16:09:00.144,1.55326,1.55343,2.06,1.00
2017.12.12 16:09:00.684,1.55326,1.55343,2.44,1.00
2017.12.12 16:09:01.205,1.55327,1.55344,1.50,1.00
2017.12.12 16:09:02.926,1.55329,1.55343,1.00,1.00
2017.12.12 16:09:03.029,1.55326,1.55342,2.81,1.00
2017.12.12 16:09:03.134,1.55324,1.5534,2.10,1.00
2017.12.12 16:09:03.342,1.5533,1.55345,1.25,1.00
2017.12.12 16:09:03.922,1.55329,1.55344,1.44,1.00
2017.12.12 16:09:04.306,1.55329,1.55344,1.62,1.00
2017.12.12 16:09:05.088,1.55329,1.55344,1.19,1.00
2017.12.12 16:09:06.069,1.55329,1.55344,1.00,1.00
2017.12.12 16:09:06.224,1.55328,1.55342,1.25,1.00
2017.12.12 16:09:06.775,1.55329,1.55342,1.00,1.00
2017.12.12 16:09:07.278,1.55328,1.55342,1.25,1.00
2017.12.12 16:09:08.908,1.55327,1.55343,1.19,1.00
2017.12.12 16:09:10.208,1.55325,1.55342,1.37,1.50
2017.12.12 16:09:10.742,1.55325,1.55341,1.37,1.00
2017.12.12 16:09:13.087,1.55325,1.55341,1.00,1.00
2017.12.12 16:09:13.516,1.55321,1.55339,1.44,1.00
2017.12.12 16:09:14.092,1.55321,1.5534,2.06,1.00
2017.12.12 16:09:14.613,1.55324,1.5534,1.00,1.00
2017.12.12 16:09:14.922,1.55323,1.5534,2.44,1.00
2017.12.12 16:09:15.453,1.55324,1.55341,1.37,1.50
2017.12.12 16:09:15.662,1.55328,1.55343,1.00,1.00
2017.12.12 16:09:15.867,1.55326,1.55344,1.12,1.00
2017.12.12 16:09:16.728,1.55326,1.55343,1.12,1.00
2017.12.12 16:09:17.806,1.55326,1.55342,1.31,1.00
2017.12.12 16:09:21.572,1.55326,1.55343,1.12,1.00
2017.12.12 16:09:21.985,1.55326,1.55343,2.06,1.00
2017.12.12 16:09:22.088,1.55326,1.55343,1.31,1.00
2017.12.12 16:09:23.765,1.55326,1.55343,1.31,1.00
2017.12.12 16:09:24.647,1.55328,1.55343,1.19,1.00
2017.12.12 16:09:29.864,1.55328,1.55343,1.19,1.00
2017.12.12 16:09:30.397,1.55326,1.55342,1.87,1.00
2017.12.12 16:09:30.603,1.55323,1.55339,1.25,1.00
2017.12.12 16:09:32.041,1.55323,1.55339,2.06,1.00
2017.12.12 16:09:32.592,1.55324,1.5534,1.50,1.00
2017.12.12 16:09:34.948,1.55324,1.5534,1.12,1.00
2017.12.12 16:09:37.553,1.55323,1.5534,1.00,1.00
2017.12.12 16:09:37.685,1.55326,1.55342,1.00,1.00
2017.12.12 16:09:38.306,1.55325,1.55342,1.00,1.00
2017.12.12 16:09:40.162,1.55325,1.55344,1.12,1.50
2017.12.12 16:09:40.214,1.55327,1.55344,1.19,1.50
2017.12.12 16:09:40.679,1.55328,1.55344,1.37,1.50
2017.12.12 16:09:40.783,1.55328,1.55344,1.37,1.00
2017.12.12 16:09:41.218,1.55328,1.55346,1.37,1.00
2017.12.12 16:09:43.435,1.55328,1.55345,1.19,1.00
2017.12.12 16:09:43.939,1.55328,1.55344,1.19,1.00
2017.12.12 16:09:44.485,1.55328,1.55345,1.19,1.50
2017.12.12 16:09:44.870,1.55328,1.55342,1.19,1.00
2017.12.12 16:09:45.406,1.55328,1.55343,1.19,1.00
2017.12.12 16:09:45.866,1.55328,1.55341,1.19,1.00
2017.12.12 16:09:45.918,1.55325,1.55341,1.19,1.00
2017.12.12 16:09:46.781,1.55325,1.5534,1.19,1.00
2017.12.12 16:09:47.287,1.55325,1.55341,1.19,1.00
2017.12.12 16:09:47.874,1.55325,1.55342,1.19,1.00
2017.12.12 16:09:49.054,1.55325,1.55343,1.19,1.69
2017.12.12 16:09:49.207,1.55325,1.55341,1.19,1.00
2017.12.12 16:09:49.713,1.55325,1.55342,1.19,1.00
2017.12.12 16:09:50.281,1.55325,1.55343,1.19,1.25
2017.12.12 16:09:51.121,1.55324,1.55341,1.19,1.19
2017.12.12 16:09:51.174,1.55324,1.55341,1.25,1.19
2017.12.12 16:09:51.281,1.55322,1.55338,1.19,2.25
2017.12.12 16:09:51.782,1.55321,1.55337,1.19,1.00
2017.12.12 16:09:51.932,1.55319,1.55337,1.19,1.00
2017.12.12 16:09:53.793,1.55319,1.55336,1.31,1.00
2017.12.12 16:09:54.610,1.55317,1.55336,1.19,1.00
2017.12.12 16:09:55.125,1.55318,1.55337,3.56,1.69
2017.12.12 16:09:56.951,1.55318,1.55337,3.19,1.00
2017.12.12 16:09:57.582,1.55319,1.55338,1.62,3.00
2017.12.12 16:09:57.855,1.55321,1.55338,1.44,1.00
2017.12.12 16:09:58.515,1.55321,1.5534,1.62,1.00
2017.12.12 16:09:58.781,1.55321,1.55338,1.37,1.00
2017.12.12 16:09:59.371,1.55321,1.55339,1.37,1.00
2017.12.12 16:10:00.395,1.55321,1.55338,1.19,1.00
2017.12.12 16:10:00.915,1.55321,1.55339,1.19,1.25
2017.12.12 16:10:02.708,1.55321,1.55338,1.19,1.00
2017.12.12 16:10:03.228,1.55321,1.55339,1.19,1.25
2017.12.12 16:10:03.745,1.55321,1.55338,1.19,1.00
2017.12.12 16:10:04.548,1.55318,1.55332,1.00,1.00
2017.12.12 16:10:04.600,1.55317,1.55336,2.06,1.00
2017.12.12 16:10:04.655,1.55317,1.55333,1.62,1.00
2017.12.12 16:10:05.191,1.55317,1.55332,1.62,1.00
2017.12.12 16:10:05.702,1.55317,1.55333,1.62,3.00
2017.12.12 16:10:06.256,1.55317,1.55332,1.62,1.00
2017.12.12 16:10:06.789,1.55317,1.55333,1.56,1.50
2017.12.12 16:10:07.301,1.55317,1.55333,1.62,1.50
2017.12.12 16:10:07.827,1.55317,1.55332,1.62,1.00
2017.12.12 16:10:07.984,1.55316,1.55331,1.19,1.00
2017.12.12 16:10:08.089,1.55315,1.55332,2.06,1.50
2017.12.12 16:10:08.621,1.55316,1.55331,1.56,1.00
2017.12.12 16:10:09.147,1.55316,1.55332,1.56,1.50
2017.12.12 16:10:09.692,1.55316,1.55331,1.56,1.00
2017.12.12 16:10:10.407,1.55316,1.55332,1.56,1.00
2017.12.12 16:10:10.460,1.55313,1.55329,1.87,1.00
2017.12.12 16:10:10.565,1.55308,1.55328,3.94,1.00
2017.12.12 16:10:10.617,1.55309,1.55328,1.44,1.00
2017.12.12 16:10:10.927,1.55309,1.55326,1.44,1.00
2017.12.12 16:10:11.151,1.5531,1.5533,1.19,3.00
2017.12.12 16:10:11.299,1.55309,1.55327,1.87,1.00
2017.12.12 16:10:11.839,1.55309,1.55325,1.19,1.00
2017.12.12 16:10:12.742,1.55309,1.55323,1.19,1.00
2017.12.12 16:10:12.794,1.55308,1.55325,1.00,1.19
2017.12.12 16:10:13.307,1.55308,1.55325,1.50,1.25
2017.12.12 16:10:13.949,1.55308,1.55326,1.25,1.50
2017.12.12 16:10:14.412,1.55311,1.55326,1.37,1.00
2017.12.12 16:10:14.464,1.5531,1.55329,1.37,1.39
2017.12.12 16:10:14.970,1.5531,1.5533,2.81,1.50
2017.12.12 16:10:16.400,1.55311,1.5533,2.81,1.69
2017.12.12 16:10:17.002,1.55311,1.55329,2.06,1.00
2017.12.12 16:10:17.516,1.55312,1.55329,1.19,1.00
2017.12.12 16:10:17.647,1.55312,1.55326,1.19,1.00
2017.12.12 16:10:18.215,1.55312,1.55327,1.19,1.00
2017.12.12 16:10:18.267,1.55312,1.55329,1.19,1.50
2017.12.12 16:10:18.477,1.55315,1.5533,1.19,1.50
2017.12.12 16:10:18.996,1.55315,1.55331,1.19,1.00
2017.12.12 16:10:19.558,1.55315,1.55333,1.19,1.69
2017.12.12 16:10:20.040,1.55315,1.55329,1.19,1.00
2017.12.12 16:10:20.380,1.55303,1.55319,1.62,1.00
2017.12.12 16:10:20.433,1.55303,1.55321,1.62,1.12
2017.12.12 16:10:20.642,1.5531,1.55325,1.62,1.69
2017.12.12 16:10:21.093,1.55307,1.55319,1.19,1.00
2017.12.12 16:10:21.205,1.55301,1.55319,2.44,1.00
2017.12.12 16:10:21.264,1.55302,1.55321,1.69,2.44
2017.12.12 16:10:21.317,1.55302,1.55321,2.62,1.62
2017.12.12 16:10:21.370,1.55303,1.55321,1.62,1.37
2017.12.12 16:10:21.557,1.55304,1.55319,1.69,1.00
2017.12.12 16:10:21.610,1.55304,1.55321,1.69,1.50
2017.12.12 16:10:21.816,1.55303,1.55319,1.44,1.00
2017.12.12 16:10:21.869,1.553,1.55318,2.44,1.00
2017.12.12 16:10:22.580,1.55299,1.55319,1.37,3.00
2017.12.12 16:10:22.838,1.553,1.55317,1.12,1.00
2017.12.12 16:10:23.255,1.553,1.55319,1.44,1.00
2017.12.12 16:10:23.567,1.553,1.55315,1.19,1.00
2017.12.12 16:10:23.619,1.55298,1.55315,1.69,1.00
2017.12.12 16:10:25.254,1.55297,1.55313,1.19,1.25
2017.12.12 16:10:25.362,1.55294,1.55312,1.87,1.00
2017.12.12 16:10:25.415,1.55297,1.55312,1.00,1.00
2017.12.12 16:10:25.601,1.55291,1.5531,1.25,1.81
2017.12.12 16:10:26.117,1.55291,1.5531,1.19,3.37
2017.12.12 16:10:26.258,1.55291,1.5531,1.19,1.00
2017.12.12 16:10:27.388,1.55292,1.5531,1.69,1.00
2017.12.12 16:10:27.491,1.55295,1.5531,1.19,1.00
2017.12.12 16:10:29.209,1.55292,1.55309,1.44,1.37
2017.12.12 16:10:29.261,1.5529,1.55308,2.06,1.12
2017.12.12 16:10:30.435,1.55289,1.55308,2.06,1.12
2017.12.12 16:10:30.883,1.55288,1.55306,1.19,1.50
2017.12.12 16:10:31.422,1.55288,1.55305,1.56,1.00
2017.12.12 16:10:32.994,1.55288,1.55305,1.44,1.50
2017.12.12 16:10:33.047,1.55285,1.55305,1.19,2.81
2017.12.12 16:10:34.357,1.55285,1.55305,1.62,1.87
2017.12.12 16:10:34.721,1.55285,1.55304,1.19,1.44
2017.12.12 16:10:36.208,1.55285,1.55303,1.44,1.00
2017.12.12 16:10:37.054,1.55289,1.55303,1.69,1.00
2017.12.12 16:10:37.158,1.55289,1.55305,1.19,1.00
2017.12.12 16:10:37.659,1.55289,1.55303,2.44,1.00
2017.12.12 16:10:37.711,1.55289,1.55306,2.44,1.00
2017.12.12 16:10:39.215,1.55289,1.55306,1.19,1.44
2017.12.12 16:10:39.268,1.55289,1.55303,1.19,1.19
2017.12.12 16:10:39.368,1.55288,1.55302,1.00,1.25
2017.12.12 16:10:39.424,1.55283,1.553,1.19,1.25
2017.12.12 16:10:39.477,1.55283,1.55298,1.19,1.00
2017.12.12 16:10:39.581,1.55281,1.55298,1.19,1.00
2017.12.12 16:10:40.095,1.55281,1.55298,1.19,1.95
2017.12.12 16:10:40.264,1.55281,1.55295,1.19,1.00
2017.12.12 16:10:41.477,1.5528,1.55295,1.19,1.00
2017.12.12 16:10:43.142,1.55281,1.55298,1.44,1.00
2017.12.12 16:10:43.195,1.55285,1.55299,1.19,1.00
2017.12.12 16:10:43.247,1.55285,1.55302,1.19,1.44
2017.12.12 16:10:43.869,1.55285,1.55302,1.19,1.50
2017.12.12 16:10:45.401,1.55288,1.55303,1.19,1.00
2017.12.12 16:10:46.128,1.5529,1.55303,1.19,1.00
2017.12.12 16:10:47.435,1.55289,1.55306,1.19,1.00
2017.12.12 16:10:47.487,1.55289,1.55304,1.19,1.00
2017.12.12 16:10:47.540,1.55287,1.55304,1.19,1.00
2017.12.12 16:10:48.059,1.55287,1.55304,1.19,1.69
2017.12.12 16:10:48.473,1.55285,1.553,1.19,1.44
2017.12.12 16:10:48.527,1.55282,1.55297,1.19,1.19
2017.12.12 16:10:48.579,1.55278,1.55297,1.19,1.19
2017.12.12 16:10:49.412,1.55279,1.55297,1.44,1.00
2017.12.12 16:10:49.465,1.55281,1.55299,1.50,1.00
2017.12.12 16:10:49.788,1.55284,1.55299,1.19,1.00
2017.12.12 16:10:50.957,1.55284,1.55301,1.19,1.00
2017.12.12 16:10:51.513,1.55284,1.55302,1.19,1.00
2017.12.12 16:10:52.061,1.55284,1.55301,1.19,1.00
2017.12.12 16:10:53.299,1.55284,1.553,1.19,1.00
2017.12.12 16:10:53.462,1.55284,1.55302,1.19,1.69
2017.12.12 16:10:54.012,1.55286,1.55301,1.19,1.00
2017.12.12 16:10:54.666,1.55286,1.55302,1.19,1.25
2017.12.12 16:10:55.390,1.55286,1.55301,1.19,1.00
2017.12.12 16:10:56.381,1.55286,1.55302,1.19,1.50
2017.12.12 16:10:57.370,1.55286,1.55301,1.19,1.00
2017.12.12 16:10:58.141,1.55286,1.55302,1.19,1.50
2017.12.12 16:10:58.651,1.55286,1.55301,1.19,1.00
2017.12.12 16:10:59.484,1.55286,1.55302,1.19,1.50
2017.12.12 16:11:00.115,1.55286,1.55301,1.19,1.00
2017.12.12 16:11:00.657,1.55286,1.55302,1.19,1.50
2017.12.12 16:11:01.040,1.55286,1.55304,1.44,1.00
2017.12.12 16:11:01.094,1.55289,1.55304,1.19,1.00
2017.12.12 16:11:01.456,1.55288,1.55304,1.19,1.25
2017.12.12 16:11:04.126,1.55288,1.55302,1.19,1.00
2017.12.12 16:11:08.637,1.55288,1.55305,1.19,1.25
2017.12.12 16:11:09.584,1.55288,1.55303,1.62,1.50
2017.12.12 16:11:09.689,1.55292,1.55306,1.50,1.50
2017.12.12 16:11:09.741,1.55293,1.55306,1.19,1.50
2017.12.12 16:11:09.881,1.55295,1.55309,1.00,1.12
2017.12.12 16:11:09.936,1.55289,1.55305,2.44,1.00
2017.12.12 16:11:10.248,1.55287,1.55305,1.00,1.00
2017.12.12 16:11:10.780,1.55286,1.55305,1.69,1.50
2017.12.12 16:11:11.290,1.55288,1.55305,1.25,1.00
2017.12.12 16:11:11.803,1.55287,1.55305,1.00,3.64
2017.12.12 16:11:12.349,1.55286,1.55303,1.69,1.00
2017.12.12 16:11:14.073,1.55287,1.55305,1.00,1.44
2017.12.12 16:11:15.149,1.55285,1.55302,1.69,1.00
2017.12.12 16:11:15.732,1.55285,1.55301,1.19,1.00
2017.12.12 16:11:16.237,1.55285,1.55302,1.19,1.50
2017.12.12 16:11:17.228,1.55285,1.55301,1.19,1.00
2017.12.12 16:11:17.487,1.55287,1.55305,1.19,1.25
2017.12.12 16:11:17.539,1.55288,1.55305,1.19,1.25
2017.12.12 16:11:18.135,1.55289,1.55305,1.19,1.44
2017.12.12 16:11:18.494,1.55289,1.55305,1.69,1.00
2017.12.12 16:11:19.694,1.55288,1.55305,1.19,1.25
2017.12.12 16:11:20.187,1.55286,1.55303,1.69,1.00
2017.12.12 16:11:26.987,1.55285,1.55303,1.19,1.50
2017.12.12 16:11:28.029,1.55285,1.55302,1.19,1.00
2017.12.12 16:11:28.081,1.55283,1.55301,1.19,1.00
2017.12.12 16:11:28.630,1.55283,1.55302,1.19,1.00
2017.12.12 16:11:29.441,1.55283,1.55301,1.44,1.00
2017.12.12 16:11:30.052,1.55283,1.553,1.44,1.00
2017.12.12 16:11:30.574,1.55283,1.55301,1.19,1.69
2017.12.12 16:11:32.386,1.55283,1.553,1.19,1.00
2017.12.12 16:11:32.541,1.55281,1.55297,1.19,1.00
2017.12.12 16:11:32.749,1.55276,1.55296,2.44,1.00
2017.12.12 16:11:32.906,1.55283,1.55295,1.00,1.57
2017.12.12 16:11:32.960,1.55283,1.55295,1.00,1.10
2017.12.12 16:11:33.064,1.55283,1.55297,1.00,2.06
2017.12.12 16:11:33.349,1.55282,1.55294,1.00,1.00
2017.12.12 16:11:33.506,1.5528,1.55298,1.12,1.19
2017.12.12 16:11:33.558,1.55279,1.55298,1.25,1.75
2017.12.12 16:11:33.869,1.55273,1.55293,2.06,1.37
2017.12.12 16:11:34.915,1.55274,1.55293,1.69,1.37
2017.12.12 16:11:35.424,1.55274,1.55293,1.69,1.37
2017.12.12 16:11:36.165,1.55272,1.55293,4.31,1.19
2017.12.12 16:11:38.126,1.55274,1.5529,1.19,1.19
2017.12.12 16:11:39.700,1.55272,1.5529,2.81,1.19
2017.12.12 16:11:41.172,1.5527,1.55289,1.56,1.44
2017.12.12 16:11:41.685,1.55269,1.55288,1.69,1.44
2017.12.12 16:11:42.521,1.55268,1.55285,1.25,1.00
2017.12.12 16:11:43.026,1.55269,1.55285,1.00,1.00
2017.12.12 16:11:44.232,1.55269,1.55285,1.00,1.44
2017.12.12 16:11:45.030,1.55268,1.55286,1.25,1.37
2017.12.12 16:11:48.147,1.55263,1.55281,3.19,1.44
2017.12.12 16:11:49.223,1.55263,1.5528,1.25,1.37
2017.12.12 16:11:49.796,1.55262,1.5528,1.00,1.37
2017.12.12 16:11:50.316,1.55261,1.5528,3.79,1.37
2017.12.12 16:11:50.970,1.55262,1.5528,1.00,1.37
2017.12.12 16:11:51.306,1.55259,1.55277,1.00,1.87
2017.12.12 16:11:51.611,1.55261,1.55279,1.00,1.87
2017.12.12 16:11:52.599,1.55261,1.55279,1.00,1.87
2017.12.12 16:11:54.943,1.55262,1.55278,1.00,1.19
2017.12.12 16:11:56.208,1.55261,1.55278,1.50,1.19
2017.12.12 16:11:56.801,1.55261,1.55279,1.00,1.87
2017.12.12 16:11:57.625,1.5526,1.55279,2.62,1.87
2017.12.12 16:11:58.156,1.55261,1.55278,1.00,1.44
2017.12.12 16:11:59.160,1.55261,1.55278,2.06,1.44
2017.12.12 16:12:00.655,1.5526,1.55278,3.19,1.44
2017.12.12 16:12:00.860,1.55262,1.55278,1.00,1.37
2017.12.12 16:12:01.443,1.55261,1.55279,1.50,1.87
2017.12.12 16:12:01.775,1.5525,1.55267,4.12,1.19
2017.12.12 16:12:01.831,1.55248,1.55264,1.19,1.44
2017.12.12 16:12:02.582,1.55247,1.55264,1.19,1.19
2017.12.12 16:12:03.622,1.55247,1.55264,1.19,1.44
2017.12.12 16:12:03.674,1.55247,1.55263,1.50,1.19
2017.12.12 16:12:03.931,1.55251,1.55263,1.00,1.00
2017.12.12 16:12:04.448,1.5525,1.55263,1.00,1.00
2017.12.12 16:12:04.931,1.55253,1.55263,1.00,1.00
2017.12.12 16:12:05.089,1.55248,1.55263,1.00,1.25
2017.12.12 16:12:05.631,1.55249,1.55263,1.00,1.25
2017.12.12 16:12:06.155,1.55248,1.55263,1.00,1.25
2017.12.12 16:12:06.716,1.55249,1.55263,1.00,1.25
2017.12.12 16:12:07.235,1.55248,1.55263,1.00,1.25
2017.12.12 16:12:07.288,1.5525,1.55263,1.00,1.25
2017.12.12 16:12:07.600,1.55254,1.55266,1.00,1.19
2017.12.12 16:12:08.022,1.5525,1.55266,1.00,1.50
2017.12.12 16:12:08.450,1.55248,1.55263,1.00,1.19
2017.12.12 16:12:08.910,1.55244,1.55262,2.81,1.37
2017.12.12 16:12:09.136,1.55243,1.55261,1.12,2.06
2017.12.12 16:12:09.443,1.55244,1.5526,1.00,1.37
2017.12.12 16:12:09.994,1.55242,1.55259,1.00,1.37
2017.12.12 16:12:10.046,1.55242,1.55259,1.00,1.37
2017.12.12 16:12:10.715,1.55244,1.55262,1.50,1.82
2017.12.12 16:12:10.824,1.55243,1.55262,1.69,1.19
2017.12.12 16:12:10.928,1.55241,1.5526,1.69,1.44
2017.12.12 16:12:10.982,1.55241,1.5526,1.50,1.44
2017.12.12 16:12:11.487,1.55242,1.5526,1.00,1.44
2017.12.12 16:12:12.030,1.55242,1.5526,1.00,1.87
2017.12.12 16:12:12.872,1.55243,1.5526,1.00,1.19
2017.12.12 16:12:13.027,1.55245,1.55262,1.37,1.00
2017.12.12 16:12:13.556,1.55247,1.55262,1.87,1.00
2017.12.12 16:12:14.364,1.55247,1.55265,1.87,1.44
2017.12.12 16:12:14.871,1.55247,1.55265,1.12,1.19
2017.12.12 16:12:15.626,1.55246,1.55265,1.00,1.87
2017.12.12 16:12:16.141,1.55246,1.55262,1.50,1.00
2017.12.12 16:12:17.038,1.55246,1.55262,1.00,1.19
2017.12.12 16:12:17.090,1.55244,1.55262,2.44,1.44
2017.12.12 16:12:17.297,1.55242,1.55258,1.25,1.44
2017.12.12 16:12:17.835,1.55241,1.55258,1.87,1.44
2017.12.12 16:12:18.870,1.5524,1.55258,1.87,1.44
2017.12.12 16:12:19.184,1.55241,1.55259,1.00,1.62
2017.12.12 16:12:19.685,1.55241,1.55259,3.37,1.37
2017.12.12 16:12:19.788,1.5524,1.55259,2.06,1.37
2017.12.12 16:12:19.891,1.5524,1.55259,2.06,1.25
2017.12.12 16:12:20.148,1.55239,1.55259,1.00,1.87
2017.12.12 16:12:21.927,1.55236,1.55253,2.62,1.85
2017.12.12 16:12:22.241,1.55232,1.55249,1.00,1.44
2017.12.12 16:12:22.542,1.55233,1.55248,1.00,1.37
2017.12.12 16:12:22.799,1.55231,1.55249,1.00,2.32
2017.12.12 16:12:22.851,1.55228,1.55247,1.87,1.62
2017.12.12 16:12:23.368,1.55228,1.55247,1.37,1.37
2017.12.12 16:12:23.524,1.55227,1.55247,1.12,1.87
2017.12.12 16:12:24.028,1.55226,1.55243,1.87,1.00
2017.12.12 16:12:24.080,1.55225,1.55243,2.06,1.00
2017.12.12 16:12:24.284,1.55224,1.55241,1.12,1.00
2017.12.12 16:12:25.200,1.55226,1.55241,1.00,1.00
2017.12.12 16:12:25.879,1.55226,1.55241,1.00,1.19
2017.12.12 16:12:26.697,1.55226,1.55241,1.00,1.44
2017.12.12 16:12:26.948,1.55224,1.55241,1.87,1.44
2017.12.12 16:12:28.168,1.55225,1.55239,1.00,1.25
2017.12.12 16:12:28.681,1.55225,1.55242,1.00,1.62
2017.12.12 16:12:29.212,1.55226,1.55241,1.00,1.37
2017.12.12 16:12:29.663,1.55224,1.55242,1.50,2.06
2017.12.12 16:12:29.813,1.55224,1.55241,1.62,1.00
2017.12.12 16:12:30.024,1.55236,1.55251,1.00,1.25
2017.12.12 16:12:30.076,1.55236,1.55254,1.00,1.87
2017.12.12 16:12:30.569,1.55235,1.55252,1.00,1.00
2017.12.12 16:12:31.084,1.55235,1.55251,1.00,1.00
2017.12.12 16:12:32.810,1.55236,1.55251,1.00,1.00
2017.12.12 16:12:32.967,1.55237,1.55253,1.00,1.00
2017.12.12 16:12:33.478,1.55238,1.55253,1.00,1.00
2017.12.12 16:12:34.096,1.5524,1.55253,1.00,1.00
2017.12.12 16:12:35.466,1.55238,1.55253,1.00,1.00
2017.12.12 16:12:35.967,1.55239,1.55253,1.00,1.00
2017.12.12 16:12:36.128,1.55236,1.55252,1.25,1.25
2017.12.12 16:12:36.181,1.55234,1.55251,1.19,1.37
2017.12.12 16:12:36.302,1.55234,1.55251,1.00,1.37
2017.12.12 16:12:36.772,1.55234,1.55251,1.00,1.19
2017.12.12 16:12:37.568,1.55236,1.55251,1.00,1.19
2017.12.12 16:12:38.100,1.55236,1.55251,1.00,1.25
2017.12.12 16:12:38.255,1.55234,1.55251,1.00,1.25
2017.12.12 16:12:39.038,1.55233,1.55251,1.25,1.00
2017.12.12 16:12:39.356,1.55234,1.55251,1.19,1.00
2017.12.12 16:12:39.900,1.55234,1.55251,1.00,1.00
2017.12.12 16:12:41.698,1.55236,1.55251,1.00,1.50
2017.12.12 16:12:42.255,1.55235,1.55251,1.00,1.00
2017.12.12 16:12:42.949,1.55236,1.55251,1.00,1.50
2017.12.12 16:12:43.638,1.55234,1.55251,1.87,1.00
2017.12.12 16:12:44.231,1.55236,1.55251,1.00,1.50
2017.12.12 16:12:44.543,1.55237,1.55251,1.19,1.00
2017.12.12 16:12:44.921,1.55237,1.55254,1.19,1.00
2017.12.12 16:12:46.430,1.5524,1.55257,1.37,1.00
2017.12.12 16:12:47.958,1.55241,1.55257,1.44,1.00
2017.12.12 16:12:48.011,1.55242,1.55259,1.25,1.00
2017.12.12 16:12:48.064,1.55242,1.55259,1.31,1.00
2017.12.12 16:12:48.303,1.55243,1.55262,1.69,1.25
2017.12.12 16:12:48.356,1.55245,1.55262,1.19,1.25
2017.12.12 16:12:50.189,1.55245,1.55262,1.44,1.37
2017.12.12 16:12:50.596,1.55245,1.55262,1.25,1.37
2017.12.12 16:12:51.108,1.55243,1.55262,1.44,1.37
2017.12.12 16:12:51.870,1.55241,1.55257,1.00,1.37
2017.12.12 16:12:52.186,1.55244,1.5526,1.25,1.12
2017.12.12 16:12:52.602,1.55244,1.5526,1.19,1.12
2017.12.12 16:12:56.017,1.55245,1.5526,1.56,1.00
2017.12.12 16:12:57.118,1.55247,1.55263,1.37,1.00
2017.12.12 16:12:57.222,1.5525,1.55265,1.87,1.00
2017.12.12 16:12:57.378,1.55248,1.55265,1.44,1.37
2017.12.12 16:12:57.533,1.55246,1.55263,2.06,1.37
2017.12.12 16:12:59.660,1.55248,1.55263,1.44,1.12
2017.12.12 16:12:59.712,1.55251,1.55266,1.00,1.37
2017.12.12 16:12:59.765,1.5525,1.55266,1.62,1.37
2017.12.12 16:13:00.309,1.55251,1.55266,1.62,1.00
2017.12.12 16:13:00.903,1.55251,1.55266,1.56,1.00
2017.12.12 16:13:01.212,1.5525,1.55266,1.19,1.37
2017.12.12 16:13:01.369,1.55252,1.55266,1.25,1.00
2017.12.12 16:13:01.421,1.55252,1.55268,1.25,1.00
2017.12.12 16:13:01.589,1.5525,1.55268,2.62,1.37
2017.12.12 16:13:01.902,1.55257,1.5527,1.00,1.37
2017.12.12 16:13:01.955,1.55255,1.55273,2.81,1.00
2017.12.12 16:13:02.490,1.55258,1.55277,1.69,1.37
2017.12.12 16:13:03.032,1.55258,1.55277,1.69,1.37
2017.12.12 16:13:03.236,1.55258,1.55277,2.06,1.00
2017.12.12 16:13:03.290,1.55263,1.5528,2.44,1.00
2017.12.12 16:13:03.604,1.55265,1.55283,1.00,1.37
2017.12.12 16:13:05.116,1.55264,1.55283,1.19,1.31
2017.12.12 16:13:05.617,1.55267,1.55283,1.00,1.00
2017.12.12 16:13:06.159,1.55268,1.55283,1.00,1.00
2017.12.12 16:13:07.775,1.55269,1.55286,1.19,1.00
2017.12.12 16:13:08.861,1.5527,1.55286,1.19,1.00
2017.12.12 16:13:08.914,1.55271,1.5529,1.44,1.56
2017.12.12 16:13:09.052,1.55271,1.5529,1.00,2.29
2017.12.12 16:13:09.488,1.55271,1.5529,1.19,1.37
2017.12.12 16:13:10.853,1.55269,1.5529,2.44,2.06
2017.12.12 16:13:11.388,1.5527,1.55289,1.00,1.56
2017.12.12 16:13:11.799,1.5527,1.55289,1.50,1.19
2017.12.12 16:13:12.308,1.55271,1.5529,1.25,1.19
2017.12.12 16:13:12.818,1.55272,1.5529,1.00,1.19
2017.12.12 16:13:13.426,1.55272,1.5529,1.00,1.00
2017.12.12 16:13:13.973,1.55272,1.5529,1.19,1.00
2017.12.12 16:13:14.611,1.55271,1.55289,1.31,1.00
2017.12.12 16:13:14.664,1.5527,1.55289,1.25,1.00
2017.12.12 16:13:15.200,1.5527,1.55288,1.25,1.00
2017.12.12 16:13:15.777,1.5527,1.55288,1.19,1.00
2017.12.12 16:13:16.346,1.5527,1.55289,1.00,1.19
2017.12.12 16:13:16.932,1.55269,1.55289,1.25,1.19
2017.12.12 16:13:19.609,1.55268,1.55288,3.75,1.00
2017.12.12 16:13:19.865,1.55269,1.5529,1.19,2.44
2017.12.12 16:13:20.398,1.55271,1.5529,1.00,1.69
2017.12.12 16:13:20.831,1.55271,1.5529,1.44,1.69
2017.12.12 16:13:21.580,1.55271,1.55289,1.44,1.00
2017.12.12 16:13:21.632,1.55269,1.55289,1.62,3.37
2017.12.12 16:13:22.153,1.55267,1.55287,2.44,1.50
2017.12.12 16:13:22.667,1.55266,1.55286,2.06,1.69
2017.12.12 16:13:23.531,1.55266,1.55286,2.81,2.06
2017.12.12 16:13:25.819,1.55267,1.55286,1.31,1.87
2017.12.12 16:13:30.167,1.55267,1.55286,1.25,3.00
2017.12.12 16:13:30.219,1.55262,1.55279,1.25,1.00
2017.12.12 16:13:30.888,1.55259,1.55279,1.87,1.69
2017.12.12 16:13:31.898,1.55258,1.55277,1.37,1.00
2017.12.12 16:13:32.003,1.55259,1.55279,1.62,1.00
2017.12.12 16:13:32.573,1.55259,1.55279,2.06,1.50
2017.12.12 16:13:32.883,1.55261,1.55279,1.87,1.00
2017.12.12 16:13:34.436,1.55261,1.55281,1.87,1.50
2017.12.12 16:13:34.937,1.55262,1.55281,1.44,1.00
2017.12.12 16:13:35.731,1.55262,1.55281,1.44,1.00
2017.12.12 16:13:36.273,1.55262,1.55281,1.44,1.00
2017.12.12 16:13:39.019,1.55262,1.55281,1.44,1.50
2017.12.12 16:13:39.350,1.55262,1.55279,1.44,1.00
2017.12.12 16:13:39.505,1.55259,1.55279,3.56,1.50
2017.12.12 16:13:39.609,1.55261,1.55279,1.37,1.00
2017.12.12 16:13:39.713,1.5526,1.55279,3.56,1.00
2017.12.12 16:13:45.313,1.55259,1.55279,2.62,1.00
2017.12.12 16:13:46.245,1.55258,1.55279,3.37,1.50
2017.12.12 16:13:46.773,1.5526,1.55279,1.25,1.69
2017.12.12 16:13:47.313,1.55259,1.55278,1.44,1.00
2017.12.12 16:13:47.882,1.55259,1.55278,1.12,1.25
2017.12.12 16:13:50.917,1.55258,1.55276,1.87,1.00
2017.12.12 16:13:52.885,1.55259,1.55277,1.12,1.50
2017.12.12 16:13:58.456,1.5526,1.55277,1.00,1.00
2017.12.12 16:13:59.415,1.55262,1.55279,1.50,1.69
2017.12.12 16:13:59.724,1.5526,1.55279,1.87,1.25
2017.12.12 16:14:00.128,1.5526,1.55279,2.06,1.00
2017.12.12 16:14:00.668,1.55261,1.55279,1.37,1.00
2017.12.12 16:14:03.388,1.55263,1.55279,1.44,1.00
2017.12.12 16:14:03.440,1.55265,1.55282,1.00,1.50
2017.12.12 16:14:03.956,1.55262,1.55282,1.62,2.25
2017.12.12 16:14:05.610,1.55262,1.55282,1.37,1.69
2017.12.12 16:14:06.340,1.55261,1.55281,1.87,2.10
2017.12.12 16:14:06.457,1.55261,1.5528,1.62,1.19
2017.12.12 16:14:06.510,1.55266,1.55285,2.44,1.00
2017.12.12 16:14:06.615,1.55264,1.55281,1.19,1.00
2017.12.12 16:14:06.720,1.55262,1.55279,1.87,1.00
2017.12.12 16:14:07.261,1.55266,1.55279,1.19,1.12
2017.12.12 16:14:07.425,1.55269,1.55284,1.00,1.00
2017.12.12 16:14:07.940,1.55268,1.55284,1.00,1.00
2017.12.12 16:14:08.466,1.55267,1.55284,1.00,1.00
2017.12.12 16:14:08.846,1.55267,1.55284,1.87,1.00
2017.12.12 16:14:09.119,1.55267,1.55286,1.44,1.25
2017.12.12 16:14:09.537,1.55266,1.55284,1.00,1.25
2017.12.12 16:14:09.590,1.55266,1.55282,1.00,1.00
2017.12.12 16:14:09.769,1.55268,1.55287,1.19,2.25
2017.12.12 16:14:10.288,1.55268,1.55286,1.00,1.00
2017.12.12 16:14:11.015,1.55269,1.55287,1.00,2.44
2017.12.12 16:14:11.724,1.55266,1.55282,2.06,1.00
2017.12.12 16:14:12.249,1.55266,1.55283,1.19,1.00
2017.12.12 16:14:12.454,1.55266,1.55285,1.19,3.19
2017.12.12 16:14:13.087,1.55266,1.55284,1.19,1.00
2017.12.12 16:14:13.190,1.55266,1.55286,1.69,1.25
2017.12.12 16:14:13.293,1.55269,1.55286,1.19,1.25
2017.12.12 16:14:13.644,1.55264,1.5528,1.87,1.00
2017.12.12 16:14:14.192,1.55263,1.55281,1.87,1.00
2017.12.12 16:14:14.577,1.55264,1.55281,1.62,1.00
2017.12.12 16:14:15.108,1.55264,1.55281,1.25,1.00
2017.12.12 16:14:20.144,1.55265,1.55281,1.19,1.00
2017.12.12 16:14:24.778,1.55264,1.55281,1.69,1.00
2017.12.12 16:14:26.244,1.55264,1.55281,1.94,1.00
2017.12.12 16:14:26.388,1.55269,1.55283,1.44,1.00
2017.12.12 16:14:26.440,1.55265,1.55282,1.62,2.25
2017.12.12 16:14:27.231,1.55264,1.55281,1.56,1.12
2017.12.12 16:14:27.615,1.55264,1.55281,1.44,1.50
2017.12.12 16:14:28.572,1.55265,1.5528,1.25,1.00
2017.12.12 16:14:29.131,1.55265,1.55281,1.25,1.00
2017.12.12 16:14:30.132,1.55261,1.55281,2.44,1.50
2017.12.12 16:14:31.392,1.55261,1.55278,1.69,1.37
2017.12.12 16:14:31.444,1.55261,1.55278,1.00,1.37
2017.12.12 16:14:31.547,1.55259,1.55278,1.00,1.37
2017.12.12 16:14:32.187,1.5526,1.55274,1.00,1.25
2017.12.12 16:14:35.363,1.55259,1.55274,1.00,1.00
2017.12.12 16:14:36.298,1.55257,1.55274,1.19,1.00
2017.12.12 16:14:36.812,1.55259,1.55274,1.00,1.50
2017.12.12 16:14:37.347,1.55258,1.55274,1.25,1.00
2017.12.12 16:14:39.145,1.55257,1.55275,3.56,1.00
2017.12.12 16:14:39.658,1.55258,1.55276,1.25,1.69
2017.12.12 16:14:40.521,1.55258,1.55276,1.25,1.69
2017.12.12 16:14:42.829,1.55257,1.55276,1.69,1.25
2017.12.12 16:14:44.295,1.55257,1.55276,1.69,1.37
2017.12.12 16:14:44.347,1.55256,1.55274,1.00,1.37
2017.12.12 16:14:44.867,1.55255,1.55273,1.31,1.44
2017.12.12 16:14:45.460,1.55254,1.55273,1.56,1.37
2017.12.12 16:14:45.959,1.55254,1.55274,3.56,1.44
2017.12.12 16:14:46.084,1.55256,1.55274,1.19,1.44
2017.12.12 16:14:47.381,1.55254,1.55274,3.94,1.69
2017.12.12 16:14:48.188,1.55255,1.55274,1.56,1.69
2017.12.12 16:14:50.280,1.55255,1.55271,1.19,1.44
2017.12.12 16:14:50.333,1.55254,1.55271,1.69,1.44
2017.12.12 16:14:50.590,1.55257,1.55272,1.25,1.00
2017.12.12 16:14:50.642,1.55256,1.55274,1.31,1.25
2017.12.12 16:14:50.798,1.55258,1.55277,1.31,1.25
2017.12.12 16:14:51.346,1.55258,1.55278,1.31,2.62
2017.12.12 16:14:52.381,1.55258,1.55277,1.31,1.25
2017.12.12 16:14:52.433,1.55258,1.55275,1.31,1.00
2017.12.12 16:14:54.203,1.55256,1.55276,2.44,1.50
2017.12.12 16:14:54.585,1.55256,1.55275,1.69,1.44
2017.12.12 16:14:56.041,1.55253,1.55275,2.06,1.37
2017.12.12 16:14:57.205,1.55253,1.55272,2.81,1.00
2017.12.12 16:14:58.635,1.5525,1.55268,1.25,1.87
2017.12.12 16:14:58.687,1.55248,1.55264,1.00,1.50
2017.12.12 16:14:59.000,1.5525,1.55267,1.19,1.50
2017.12.12 16:14:59.154,1.55251,1.55268,1.25,1.00
2017.12.12 16:14:59.642,1.55249,1.55266,1.37,2.25
2017.12.12 16:14:59.849,1.55247,1.55266,1.25,1.37
2017.12.12 16:15:00.271,1.55248,1.55266,1.50,1.00
2017.12.12 16:15:00.638,1.55248,1.55267,3.19,1.00
2017.12.12 16:15:00.691,1.55248,1.55269,1.69,1.12
2017.12.12 16:15:01.853,1.55251,1.5527,1.25,1.25
2017.12.12 16:15:01.956,1.5525,1.55268,2.25,1.00
2017.12.12 16:15:02.693,1.5525,1.55268,1.87,1.25
2017.12.12 16:15:03.618,1.55252,1.55268,1.00,1.00
2017.12.12 16:15:06.133,1.55251,1.55268,1.00,1.00
2017.12.12 16:15:08.371,1.55251,1.55268,1.19,1.00
2017.12.12 16:15:08.962,1.55252,1.55269,1.25,1.00
2017.12.12 16:15:10.877,1.55252,1.55268,1.25,1.00
2017.12.12 16:15:19.517,1.55254,1.55269,1.00,1.00
2017.12.12 16:15:19.569,1.55253,1.55272,2.62,1.25
2017.12.12 16:15:19.672,1.55254,1.55272,1.31,1.25
2017.12.12 16:15:21.168,1.55254,1.55273,2.81,1.00
2017.12.12 16:15:23.896,1.55254,1.55272,1.87,1.00
2017.12.12 16:15:24.429,1.55254,1.55272,1.87,1.00
2017.12.12 16:15:24.774,1.55249,1.55265,1.81,1.00
2017.12.12 16:15:24.826,1.55248,1.55264,1.87,1.00
2017.12.12 16:15:24.982,1.55248,1.55266,1.56,1.00
2017.12.12 16:15:27.085,1.55252,1.55268,1.56,1.00
2017.12.12 16:15:27.293,1.55256,1.55272,1.62,1.50
2017.12.12 16:15:27.874,1.55256,1.55272,1.56,1.00
2017.12.12 16:15:29.074,1.55257,1.5527,1.56,1.00
2017.12.12 16:15:29.519,1.5526,1.55273,1.44,1.50
2017.12.12 16:15:30.036,1.55262,1.55274,1.00,1.50
2017.12.12 16:15:30.267,1.5526,1.55274,1.25,1.50
2017.12.12 16:15:30.785,1.55261,1.55274,1.00,1.50
2017.12.12 16:15:31.359,1.55258,1.55274,1.44,1.50
2017.12.12 16:15:33.883,1.55258,1.55271,1.00,1.00
2017.12.12 16:15:34.397,1.55255,1.55271,2.62,1.00
2017.12.12 16:15:35.199,1.55255,1.55271,2.25,1.00
2017.12.12 16:15:35.785,1.55255,1.55271,2.62,1.00
2017.12.12 16:15:36.328,1.55254,1.5527,1.37,1.00
2017.12.12 16:15:36.760,1.55254,1.5527,1.44,1.00
2017.12.12 16:15:37.018,1.55253,1.5527,3.19,1.25
2017.12.12 16:15:37.176,1.55257,1.55271,1.37,1.50
2017.12.12 16:15:37.229,1.55257,1.55273,1.50,1.00
2017.12.12 16:15:37.282,1.55258,1.55274,1.00,1.00
2017.12.12 16:15:37.853,1.55257,1.55274,2.62,1.00
2017.12.12 16:15:38.149,1.55257,1.55274,1.50,1.00
2017.12.12 16:15:38.357,1.5526,1.55276,1.00,1.00
2017.12.12 16:15:38.461,1.55263,1.55278,1.00,1.00
2017.12.12 16:15:38.783,1.55267,1.55282,1.44,1.00
2017.12.12 16:15:39.197,1.55267,1.55282,1.00,1.00
2017.12.12 16:15:39.250,1.55264,1.55282,1.19,1.00
2017.12.12 16:15:39.303,1.55262,1.55279,3.56,1.00
2017.12.12 16:15:39.356,1.55261,1.55278,1.50,1.00
2017.12.12 16:15:39.878,1.55261,1.55277,1.25,1.00
2017.12.12 16:15:40.401,1.5526,1.55278,1.87,1.00
2017.12.12 16:15:40.608,1.5526,1.55276,1.25,1.00
2017.12.12 16:15:40.763,1.5526,1.55278,1.25,1.00
2017.12.12 16:15:42.456,1.5526,1.55276,1.25,1.00
2017.12.12 16:15:42.981,1.5526,1.55278,1.00,1.19
2017.12.12 16:15:43.588,1.5526,1.55278,1.44,1.00
2017.12.12 16:15:43.761,1.5526,1.55278,1.00,1.00
2017.12.12 16:15:44.306,1.5526,1.55279,1.00,1.87
2017.12.12 16:15:44.583,1.55262,1.55279,1.00,1.25
2017.12.12 16:15:44.635,1.5526,1.55279,1.25,1.25
2017.12.12 16:15:44.737,1.55263,1.55279,1.00,1.25
2017.12.12 16:15:45.038,1.55257,1.55275,1.69,1.00
2017.12.12 16:15:45.520,1.55257,1.55275,2.81,1.00
2017.12.12 16:15:46.112,1.55257,1.55275,1.69,1.00
2017.12.12 16:15:49.535,1.55259,1.55275,1.00,1.00
2017.12.12 16:15:49.639,1.55261,1.55275,1.00,1.00
2017.12.12 16:15:50.844,1.55259,1.55273,1.50,1.00
2017.12.12 16:15:51.361,1.5526,1.55273,1.00,1.00
2017.12.12 16:15:51.872,1.5526,1.55272,1.00,1.00
2017.12.12 16:15:53.112,1.5526,1.55274,1.00,1.00
2017.12.12 16:15:53.809,1.55259,1.55275,1.00,1.25
2017.12.12 16:15:54.389,1.55259,1.55274,1.44,1.00
2017.12.12 16:15:54.492,1.55257,1.55273,1.00,1.19
2017.12.12 16:15:55.008,1.55258,1.55274,1.00,1.12
2017.12.12 16:15:55.512,1.55257,1.55274,1.00,1.12
2017.12.12 16:15:57.609,1.55258,1.55274,1.00,1.12
2017.12.12 16:15:58.109,1.55255,1.55271,2.62,1.00
2017.12.12 16:15:58.420,1.55257,1.55271,1.00,1.00
2017.12.12 16:15:59.095,1.55256,1.55271,1.00,1.00
2017.12.12 16:15:59.394,1.55253,1.55271,1.50,1.00
2017.12.12 16:16:00.827,1.55254,1.55271,1.00,1.25
2017.12.12 16:16:01.398,1.55253,1.55271,1.50,1.44
2017.12.12 16:16:01.916,1.55254,1.55271,1.00,1.44
2017.12.12 16:16:01.968,1.55254,1.55271,1.00,1.25
2017.12.12 16:16:02.475,1.55254,1.5527,1.00,1.00
2017.12.12 16:16:03.089,1.55253,1.5527,1.50,1.00
2017.12.12 16:16:03.671,1.55253,1.55271,1.87,1.00
2017.12.12 16:16:06.310,1.55253,1.55272,2.25,1.00
2017.12.12 16:16:10.146,1.55256,1.55272,1.00,1.00
2017.12.12 16:16:10.683,1.55253,1.55271,2.62,1.00
2017.12.12 16:16:12.679,1.55253,1.55271,1.50,1.00
2017.12.12 16:16:13.222,1.55253,1.5527,1.50,1.00
2017.12.12 16:16:15.408,1.55253,1.55271,1.87,1.00
2017.12.12 16:16:20.452,1.55254,1.55271,1.00,1.12
2017.12.12 16:16:20.987,1.55253,1.55268,1.00,1.16
2017.12.12 16:16:21.295,1.5525,1.55265,1.00,1.00
2017.12.12 16:16:23.393,1.5525,1.55264,1.00,1.00
2017.12.12 16:16:23.925,1.5525,1.55265,1.00,1.00
2017.12.12 16:16:24.527,1.5525,1.55266,1.00,1.50
2017.12.12 16:16:25.069,1.5525,1.55265,1.00,1.00
2017.12.12 16:16:25.674,1.5525,1.55266,1.00,1.69
2017.12.12 16:16:26.632,1.5525,1.55266,1.00,2.62
2017.12.12 16:16:26.906,1.55245,1.55261,1.00,1.25
2017.12.12 16:16:27.450,1.55245,1.55264,1.00,2.62
2017.12.12 16:16:28.000,1.55246,1.55264,1.37,2.62
2017.12.12 16:16:28.053,1.55246,1.55264,1.37,1.50
2017.12.12 16:16:28.105,1.55249,1.55263,1.00,1.00
2017.12.12 16:16:28.158,1.55249,1.55265,1.00,1.87
2017.12.12 16:16:28.414,1.55246,1.55265,4.12,1.69
2017.12.12 16:16:28.960,1.55249,1.55266,1.00,1.69
2017.12.12 16:16:29.442,1.55249,1.55266,1.00,1.57
2017.12.12 16:16:29.985,1.55248,1.55266,1.00,2.51
2017.12.12 16:16:30.498,1.55248,1.55266,1.00,1.57
2017.12.12 16:16:32.239,1.55248,1.55266,1.00,1.95
2017.12.12 16:16:32.446,1.55245,1.55264,1.87,1.44
2017.12.12 16:16:32.874,1.55248,1.55265,1.00,2.06
2017.12.12 16:16:33.145,1.55245,1.55265,1.87,2.06
2017.12.12 16:16:33.716,1.55246,1.55265,1.00,2.07
2017.12.12 16:16:34.259,1.55245,1.55264,1.44,1.39
2017.12.12 16:16:34.414,1.55246,1.55264,1.00,1.89
2017.12.12 16:16:34.777,1.55248,1.55264,1.00,1.57
2017.12.12 16:16:35.328,1.55249,1.55264,1.00,1.57
2017.12.12 16:16:35.893,1.55248,1.55264,1.00,1.57
2017.12.12 16:16:36.202,1.55244,1.55262,1.50,1.39
2017.12.12 16:16:36.254,1.55244,1.55259,1.00,1.25
2017.12.12 16:16:36.563,1.55248,1.55262,1.00,1.95
2017.12.12 16:16:36.719,1.55249,1.55264,1.12,2.32
2017.12.12 16:16:36.936,1.5525,1.55269,1.87,1.20
2017.12.12 16:16:37.487,1.55251,1.5527,1.50,1.56
2017.12.12 16:16:38.019,1.5525,1.5527,2.62,1.56
2017.12.12 16:16:38.574,1.5525,1.5527,1.87,1.62
2017.12.12 16:16:38.782,1.55252,1.5527,1.00,1.62
2017.12.12 16:16:39.081,1.55248,1.55265,1.50,1.00
2017.12.12 16:16:39.256,1.55246,1.55263,2.06,1.00
2017.12.12 16:16:39.615,1.55249,1.55263,1.00,1.00
2017.12.12 16:16:39.770,1.55247,1.55266,1.25,1.87
2017.12.12 16:16:39.822,1.55247,1.55266,1.37,1.76
2017.12.12 16:16:40.139,1.55246,1.55262,2.25,1.00
2017.12.12 16:16:40.193,1.55246,1.55265,2.25,1.76
2017.12.12 16:16:40.846,1.55246,1.55263,3.00,1.00
2017.12.12 16:16:41.134,1.5525,1.55268,1.12,1.57
2017.12.12 16:16:41.263,1.55252,1.5527,1.00,1.95
2017.12.12 16:16:41.776,1.55251,1.5527,1.00,1.01
2017.12.12 16:16:42.333,1.55252,1.5527,1.00,1.76
2017.12.12 16:16:42.837,1.55252,1.5527,1.00,1.57
2017.12.12 16:16:43.388,1.55251,1.5527,1.50,1.76
2017.12.12 16:16:43.696,1.5525,1.55264,1.00,1.00
2017.12.12 16:16:43.931,1.55247,1.55264,1.19,1.00
2017.12.12 16:16:44.188,1.55246,1.55264,1.50,1.37
2017.12.12 16:16:44.496,1.55248,1.55264,1.00,1.37
2017.12.12 16:16:45.004,1.55251,1.55264,1.00,1.44
2017.12.12 16:16:45.556,1.5525,1.55264,1.00,1.44
2017.12.12 16:16:45.710,1.5525,1.55267,1.00,2.62
2017.12.12 16:16:45.815,1.55253,1.5527,1.00,1.76
2017.12.12 16:16:46.356,1.55254,1.55271,1.12,1.62
