2017.12.29 06:00:00.188,1.53121,1.53141,1.00,1.00
2017.12.29 06:00:00.398,1.53123,1.53142,1.00,1.00
2017.12.29 06:00:00.559,1.53128,1.53148,1.00,1.50
2017.12.29 06:00:00.721,1.53125,1.53146,2.62,1.00
2017.12.29 06:00:01.113,1.53129,1.53148,1.00,1.50
2017.12.29 06:00:01.640,1.53128,1.53149,1.00,1.25
2017.12.29 06:00:02.049,1.53134,1.53152,1.50,1.25
2017.12.29 06:00:02.578,1.53135,1.53151,1.00,1.00
2017.12.29 06:00:03.102,1.53134,1.53151,1.00,1.00
2017.12.29 06:00:03.373,1.5313,1.53148,1.00,1.25
2017.12.29 06:00:03.539,1.5313,1.5315,1.12,2.25
2017.12.29 06:00:03.592,1.53129,1.5315,2.62,1.19
2017.12.29 06:00:04.116,1.53129,1.53149,1.87,1.25
2017.12.29 06:00:04.618,1.53129,1.53149,1.87,1.69
2017.12.29 06:00:04.827,1.53128,1.53148,1.00,1.12
2017.12.29 06:00:04.880,1.53127,1.53148,1.69,1.12
2017.12.29 06:00:04.932,1.53127,1.53147,2.44,1.00
2017.12.29 06:00:05.449,1.53127,1.53146,2.44,1.00
2017.12.29 06:00:06.061,1.53127,1.53147,1.25,1.00
2017.12.29 06:00:06.167,1.53129,1.53145,1.00,1.00
2017.12.29 06:00:06.220,1.53129,1.53148,2.44,1.00
2017.12.29 06:00:06.274,1.53133,1.5315,1.00,1.00
2017.12.29 06:00:06.531,1.53128,1.53146,1.50,1.50
2017.12.29 06:00:07.381,1.53128,1.53145,1.50,1.00
2017.12.29 06:00:07.743,1.53125,1.53143,1.25,1.00
2017.12.29 06:00:07.799,1.53124,1.5314,1.87,1.00
2017.12.29 06:00:07.903,1.53126,1.53143,1.00,1.00
2017.12.29 06:00:08.112,1.53125,1.53141,1.00,1.00
2017.12.29 06:00:08.426,1.5313,1.53143,1.00,1.50
2017.12.29 06:00:08.479,1.5313,1.53145,1.00,1.00
2017.12.29 06:00:08.532,1.5313,1.53147,1.00,1.00
2017.12.29 06:00:08.864,1.53132,1.53146,1.00,1.00
2017.12.29 06:00:09.885,1.53132,1.53145,1.00,1.00
2017.12.29 06:00:10.497,1.53132,1.53142,1.00,1.00
2017.12.29 06:00:10.760,1.53128,1.53142,1.00,1.35
2017.12.29 06:00:10.864,1.53127,1.53139,1.00,1.00
2017.12.29 06:00:11.227,1.53127,1.53141,1.00,1.00
2017.12.29 06:00:12.026,1.53125,1.53139,1.00,1.00
2017.12.29 06:00:12.131,1.53126,1.53141,1.00,1.00
2017.12.29 06:00:12.184,1.53126,1.53143,1.50,1.00
2017.12.29 06:00:12.236,1.53128,1.53143,1.00,1.00
2017.12.29 06:00:12.586,1.53127,1.53141,1.00,1.50
2017.12.29 06:00:14.027,1.53126,1.53141,1.25,1.00
2017.12.29 06:00:15.829,1.53126,1.53143,1.25,1.00
2017.12.29 06:00:16.858,1.53125,1.5314,1.19,1.00
2017.12.29 06:00:16.910,1.53125,1.53142,1.19,2.25
2017.12.29 06:00:17.807,1.53126,1.53141,1.25,1.00
2017.12.29 06:00:17.859,1.53128,1.53142,1.00,1.00
2017.12.29 06:00:18.016,1.53129,1.53146,1.19,1.00
2017.12.29 06:00:18.068,1.53129,1.53144,1.19,1.00
2017.12.29 06:00:18.225,1.53127,1.53142,1.69,1.50
2017.12.29 06:00:18.330,1.53126,1.53144,1.00,2.25
2017.12.29 06:00:19.015,1.53127,1.53146,1.31,1.00
2017.12.29 06:00:19.329,1.53126,1.53143,1.19,1.00
2017.12.29 06:00:19.433,1.53126,1.53143,1.00,1.00
2017.12.29 06:00:19.753,1.53125,1.53141,1.25,1.00
2017.12.29 06:00:19.984,1.53125,1.53143,1.00,1.00
2017.12.29 06:00:20.476,1.53132,1.53149,1.31,1.50
2017.12.29 06:00:20.586,1.53137,1.53156,1.50,1.56
2017.12.29 06:00:21.104,1.53138,1.53155,1.00,1.25
2017.12.29 06:00:21.811,1.53137,1.53155,1.00,1.25
2017.12.29 06:00:23.716,1.53142,1.5316,1.60,1.50
2017.12.29 06:00:23.994,1.53149,1.53168,1.69,2.25
2017.12.29 06:00:24.098,1.53147,1.53165,2.47,1.00
2017.12.29 06:00:24.151,1.53146,1.53163,1.19,1.00
2017.12.29 06:00:24.204,1.53145,1.53162,1.12,1.00
2017.12.29 06:00:24.742,1.53142,1.53161,3.41,1.00
2017.12.29 06:00:25.230,1.53142,1.53161,3.41,1.50
2017.12.29 06:00:25.810,1.53142,1.53157,1.16,1.00
2017.12.29 06:00:26.350,1.53141,1.53158,1.56,1.00
2017.12.29 06:00:26.625,1.53143,1.5316,1.25,1.50
2017.12.29 06:00:26.678,1.53143,1.53159,1.19,1.00
2017.12.29 06:00:27.940,1.53142,1.5316,1.54,1.50
2017.12.29 06:00:30.503,1.53141,1.53154,1.97,1.00
2017.12.29 06:00:30.555,1.5314,1.53156,1.25,1.00
2017.12.29 06:00:30.661,1.53137,1.53153,1.44,1.00
2017.12.29 06:00:31.828,1.53135,1.53153,1.87,1.00
2017.12.29 06:00:31.964,1.53135,1.53155,1.87,1.50
2017.12.29 06:00:32.121,1.53138,1.53156,1.31,1.00
2017.12.29 06:00:32.174,1.53139,1.53158,1.94,1.50
2017.12.29 06:00:32.922,1.53139,1.5316,1.94,1.50
2017.12.29 06:00:34.411,1.53141,1.53158,1.00,1.00
2017.12.29 06:00:34.464,1.53141,1.5316,1.00,1.00
2017.12.29 06:00:34.718,1.53142,1.5316,1.44,1.00
2017.12.29 06:00:35.031,1.5315,1.53166,1.24,1.00
2017.12.29 06:00:35.240,1.5315,1.53168,2.47,1.00
2017.12.29 06:00:36.097,1.5315,1.53168,1.00,1.00
2017.12.29 06:00:36.253,1.53148,1.53166,1.25,1.00
2017.12.29 06:00:36.565,1.53152,1.53167,1.00,1.00
2017.12.29 06:00:37.071,1.53152,1.53168,1.00,1.00
2017.12.29 06:00:37.574,1.53151,1.53168,1.00,1.00
2017.12.29 06:00:38.083,1.53148,1.53168,1.75,1.00
2017.12.29 06:00:40.604,1.53148,1.53168,2.81,1.00
2017.12.29 06:00:40.923,1.53153,1.53168,1.00,1.00
2017.12.29 06:00:42.021,1.53152,1.53168,1.00,1.00
2017.12.29 06:00:45.548,1.53152,1.53168,1.19,1.00
2017.12.29 06:00:50.157,1.53154,1.53174,1.87,1.00
2017.12.29 06:00:50.215,1.53158,1.53177,1.00,1.00
2017.12.29 06:00:50.267,1.53158,1.53177,1.19,1.00
2017.12.29 06:00:50.321,1.53159,1.53176,1.25,1.00
2017.12.29 06:00:50.374,1.53159,1.53181,2.06,2.06
2017.12.29 06:00:50.860,1.53162,1.53183,1.87,1.87
2017.12.29 06:00:52.663,1.53162,1.53183,1.12,2.25
2017.12.29 06:00:53.477,1.53162,1.53182,1.12,1.00
2017.12.29 06:00:54.031,1.53162,1.53183,1.00,2.25
2017.12.29 06:00:54.653,1.53162,1.53182,1.19,1.00
2017.12.29 06:00:54.855,1.53169,1.53186,1.30,1.00
2017.12.29 06:00:54.909,1.53171,1.53192,2.62,1.50
2017.12.29 06:00:55.014,1.53173,1.53194,1.31,1.00
2017.12.29 06:00:55.518,1.53173,1.53195,1.31,1.00
2017.12.29 06:00:56.919,1.53173,1.53195,1.31,1.25
2017.12.29 06:00:57.150,1.53172,1.53193,1.56,1.00
2017.12.29 06:00:57.464,1.5317,1.53183,1.00,1.37
2017.12.29 06:00:57.516,1.53161,1.53183,1.25,1.37
2017.12.29 06:00:58.308,1.53161,1.53182,1.19,1.12
2017.12.29 06:00:58.799,1.53161,1.53182,1.19,1.00
2017.12.29 06:00:58.852,1.53163,1.53184,1.87,1.00
2017.12.29 06:00:58.905,1.53169,1.53185,1.05,1.00
2017.12.29 06:00:59.301,1.53174,1.53192,1.00,1.60
2017.12.29 06:00:59.354,1.53169,1.53187,1.00,1.12
2017.12.29 06:00:59.920,1.53165,1.53188,4.12,1.87
2017.12.29 06:01:05.234,1.53167,1.53186,1.19,1.00
2017.12.29 06:01:05.756,1.53166,1.53188,1.19,1.37
2017.12.29 06:01:11.989,1.53165,1.53188,2.81,1.87
2017.12.29 06:01:14.839,1.53165,1.53186,1.69,1.00
2017.12.29 06:01:15.158,1.53169,1.53187,1.00,1.37
2017.12.29 06:01:15.277,1.5317,1.53188,1.25,1.87
2017.12.29 06:01:15.330,1.53168,1.53188,1.00,1.62
2017.12.29 06:01:15.436,1.53166,1.53188,1.31,1.62
2017.12.29 06:01:15.695,1.53166,1.53188,1.12,2.06
2017.12.29 06:01:17.198,1.53166,1.53187,1.69,1.37
2017.12.29 06:01:17.251,1.53167,1.53188,1.00,1.62
2017.12.29 06:01:17.409,1.53166,1.53189,1.69,1.67
2017.12.29 06:01:17.572,1.53166,1.53187,1.00,1.87
2017.12.29 06:01:17.676,1.53166,1.53187,2.06,1.87
2017.12.29 06:01:17.829,1.53166,1.53187,2.06,1.87
2017.12.29 06:01:18.439,1.53166,1.53187,1.31,1.87
2017.12.29 06:01:18.491,1.53166,1.53187,1.31,1.87
2017.12.29 06:01:29.096,1.53166,1.53187,1.19,1.37
2017.12.29 06:01:32.573,1.53166,1.53187,1.19,1.12
2017.12.29 06:01:36.299,1.53166,1.53187,1.31,1.12
2017.12.29 06:01:36.811,1.53166,1.53187,1.31,1.12
2017.12.29 06:01:40.300,1.53166,1.53188,1.31,1.37
2017.12.29 06:01:44.626,1.53166,1.53189,2.25,1.50
2017.12.29 06:01:44.733,1.5317,1.5319,1.19,1.00
2017.12.29 06:01:44.942,1.5317,1.53192,1.69,3.22
2017.12.29 06:01:45.150,1.5317,1.5319,1.19,1.00
2017.12.29 06:01:45.652,1.5317,1.5319,1.19,1.00
2017.12.29 06:01:46.419,1.5317,1.53189,1.87,1.00
2017.12.29 06:01:48.682,1.53171,1.5319,1.44,1.00
2017.12.29 06:01:50.500,1.53172,1.53192,1.19,2.25
2017.12.29 06:01:50.553,1.53172,1.53194,1.69,1.12
2017.12.29 06:01:51.033,1.5317,1.53191,3.37,1.00
2017.12.29 06:01:52.876,1.53172,1.5319,1.69,1.00
2017.12.29 06:01:53.301,1.53172,1.5319,1.69,1.00
2017.12.29 06:01:54.939,1.53172,1.53191,1.50,1.00
2017.12.29 06:02:00.750,1.53172,1.53191,1.00,1.00
2017.12.29 06:02:00.857,1.53169,1.53187,2.81,1.00
2017.12.29 06:02:01.833,1.53169,1.53187,2.62,1.00
2017.12.29 06:02:03.194,1.53169,1.53187,2.44,1.00
2017.12.29 06:02:03.758,1.53169,1.53186,1.69,1.00
2017.12.29 06:02:04.989,1.53169,1.53186,1.87,1.00
2017.12.29 06:02:06.555,1.53169,1.53186,1.50,1.00
2017.12.29 06:02:07.077,1.53169,1.53187,1.69,1.00
2017.12.29 06:02:07.590,1.53169,1.53187,1.50,1.00
2017.12.29 06:02:15.762,1.53169,1.53186,1.50,1.00
2017.12.29 06:02:19.671,1.53169,1.53187,1.50,1.00
2017.12.29 06:02:23.838,1.53169,1.53186,1.50,1.00
2017.12.29 06:02:24.828,1.53169,1.53187,2.25,1.00
2017.12.29 06:02:25.830,1.53169,1.53188,2.25,1.00
2017.12.29 06:02:26.806,1.53169,1.53191,2.44,2.44
2017.12.29 06:02:30.459,1.53169,1.5319,2.44,1.00
2017.12.29 06:02:31.558,1.53169,1.53191,2.44,1.69
2017.12.29 06:02:32.104,1.53169,1.5319,2.44,1.00
2017.12.29 06:02:35.092,1.53169,1.53191,2.62,1.50
2017.12.29 06:02:35.688,1.53169,1.5319,2.62,1.00
2017.12.29 06:02:35.818,1.53169,1.53192,3.37,2.25
2017.12.29 06:02:35.922,1.5317,1.53192,1.87,3.00
2017.12.29 06:02:39.912,1.5317,1.53192,1.37,1.69
2017.12.29 06:02:40.398,1.5317,1.53192,1.37,1.19
2017.12.29 06:02:41.859,1.5317,1.53192,1.37,1.19
2017.12.29 06:02:42.652,1.5317,1.53192,1.37,1.69
2017.12.29 06:02:43.175,1.5317,1.53192,1.37,1.19
2017.12.29 06:02:43.866,1.5317,1.53192,1.37,1.69
2017.12.29 06:02:44.532,1.5317,1.53192,1.37,1.69
2017.12.29 06:02:45.058,1.53169,1.53192,3.19,1.69
2017.12.29 06:02:50.498,1.53169,1.53189,2.25,1.00
2017.12.29 06:02:51.104,1.53169,1.53188,1.50,1.00
2017.12.29 06:02:51.641,1.53169,1.53189,1.50,1.00
2017.12.29 06:02:54.792,1.53169,1.53189,1.12,1.00
2017.12.29 06:02:59.389,1.53168,1.53183,1.19,1.87
2017.12.29 06:02:59.719,1.53149,1.53162,1.00,1.50
2017.12.29 06:03:00.077,1.53142,1.53163,1.00,1.25
2017.12.29 06:03:00.611,1.53141,1.53164,1.00,1.19
2017.12.29 06:03:01.237,1.53142,1.53164,1.00,1.69
2017.12.29 06:03:01.908,1.53141,1.53164,1.00,1.19
2017.12.29 06:03:02.633,1.53142,1.53164,1.00,1.69
2017.12.29 06:03:02.738,1.53139,1.53159,1.12,1.00
2017.12.29 06:03:02.887,1.53137,1.53158,1.50,1.00
2017.12.29 06:03:03.545,1.53136,1.53158,1.87,1.25
2017.12.29 06:03:04.224,1.53135,1.53154,1.87,1.00
2017.12.29 06:03:04.328,1.53134,1.53153,1.50,1.00
2017.12.29 06:03:04.845,1.53134,1.53152,1.50,1.00
2017.12.29 06:03:05.608,1.53134,1.53153,1.12,1.00
2017.12.29 06:03:06.726,1.53135,1.53155,1.00,1.00
2017.12.29 06:03:06.780,1.53135,1.53156,1.12,2.81
2017.12.29 06:03:06.886,1.53136,1.53158,1.50,1.00
2017.12.29 06:03:07.413,1.53137,1.53157,1.87,1.00
2017.12.29 06:03:08.042,1.53137,1.53158,1.87,1.00
2017.12.29 06:03:08.682,1.53137,1.53157,2.06,1.00
2017.12.29 06:03:09.859,1.53138,1.53159,2.62,1.00
2017.12.29 06:03:10.444,1.5314,1.5316,1.97,1.00
2017.12.29 06:03:10.602,1.53144,1.53165,1.37,1.50
2017.12.29 06:03:11.128,1.53147,1.53166,1.00,1.00
2017.12.29 06:03:11.963,1.53147,1.53167,1.87,1.00
2017.12.29 06:03:12.172,1.53149,1.5317,1.87,1.50
2017.12.29 06:03:12.768,1.53149,1.53171,1.37,1.50
2017.12.29 06:03:12.821,1.53148,1.53168,1.25,1.00
2017.12.29 06:03:13.127,1.53147,1.53165,1.00,1.00
2017.12.29 06:03:13.783,1.53147,1.53166,1.00,1.00
2017.12.29 06:03:17.150,1.53147,1.53165,1.00,1.00
2017.12.29 06:03:17.913,1.53147,1.53166,1.00,1.00
2017.12.29 06:03:18.503,1.53147,1.53165,1.00,1.00
2017.12.29 06:03:19.161,1.53146,1.53165,1.00,1.00
2017.12.29 06:03:19.758,1.53146,1.53164,1.00,1.00
2017.12.29 06:03:19.956,1.53144,1.53164,1.12,1.00
2017.12.29 06:03:20.530,1.53144,1.53165,1.87,1.00
2017.12.29 06:03:21.084,1.53144,1.53166,2.44,1.00
2017.12.29 06:03:21.136,1.53146,1.53166,1.00,1.00
2017.12.29 06:03:21.548,1.53146,1.53168,1.00,2.25
2017.12.29 06:03:22.054,1.53146,1.53167,1.00,1.50
2017.12.29 06:03:23.633,1.53146,1.53168,1.00,1.50
2017.12.29 06:03:24.435,1.53146,1.53167,1.00,1.00
2017.12.29 06:03:25.026,1.53146,1.53168,1.00,1.50
2017.12.29 06:03:25.658,1.53145,1.53168,1.00,2.25
2017.12.29 06:03:26.246,1.53145,1.53167,1.50,1.00
2017.12.29 06:03:27.118,1.53145,1.53168,1.00,2.25
2017.12.29 06:03:27.666,1.53144,1.53168,1.69,2.25
2017.12.29 06:03:28.718,1.53145,1.53167,3.00,1.00
2017.12.29 06:03:29.694,1.53146,1.53168,1.37,1.50
2017.12.29 06:03:30.705,1.53146,1.53167,1.37,1.00
2017.12.29 06:03:31.746,1.53145,1.53168,2.25,1.50
2017.12.29 06:03:32.084,1.53145,1.53166,1.62,1.50
2017.12.29 06:03:32.638,1.53146,1.53165,1.87,1.00
2017.12.29 06:03:33.500,1.53145,1.53166,2.81,1.50
2017.12.29 06:03:34.340,1.53145,1.53165,2.44,1.00
2017.12.29 06:03:34.845,1.53145,1.53166,2.44,1.50
2017.12.29 06:03:35.382,1.53147,1.53166,1.50,1.50
2017.12.29 06:03:36.151,1.53147,1.53165,1.50,1.00
2017.12.29 06:03:37.130,1.53147,1.53166,1.50,1.50
2017.12.29 06:03:37.234,1.53145,1.53165,3.41,1.00
2017.12.29 06:03:37.441,1.53147,1.53166,1.00,1.50
2017.12.29 06:03:38.468,1.53147,1.53165,1.00,1.00
2017.12.29 06:03:39.338,1.53147,1.53166,1.00,1.50
2017.12.29 06:03:39.877,1.53146,1.53166,1.50,1.50
2017.12.29 06:03:40.715,1.53146,1.53165,1.50,1.00
2017.12.29 06:03:41.580,1.53146,1.53166,1.87,1.00
2017.12.29 06:03:43.619,1.53146,1.53165,2.25,1.00
2017.12.29 06:03:44.141,1.53146,1.53166,1.87,1.50
2017.12.29 06:03:44.898,1.53145,1.53165,2.47,1.12
2017.12.29 06:03:45.427,1.53145,1.53165,2.10,1.12
2017.12.29 06:03:45.996,1.53145,1.53166,2.10,1.00
2017.12.29 06:03:46.551,1.53145,1.53165,1.72,1.00
2017.12.29 06:03:47.163,1.53147,1.53166,1.00,1.50
2017.12.29 06:03:48.282,1.53147,1.53165,1.00,1.00
2017.12.29 06:03:48.781,1.53147,1.53168,1.12,1.00
2017.12.29 06:03:48.885,1.53147,1.53166,1.00,1.00
2017.12.29 06:03:49.390,1.53147,1.53165,1.00,1.00
2017.12.29 06:03:49.920,1.53147,1.53166,1.00,1.00
2017.12.29 06:03:50.723,1.53147,1.53165,1.00,1.00
2017.12.29 06:03:51.178,1.53147,1.53167,1.00,1.00
2017.12.29 06:03:51.284,1.53149,1.5317,2.25,1.87
2017.12.29 06:03:51.597,1.53153,1.5317,1.00,1.00
2017.12.29 06:03:51.969,1.53153,1.53172,1.00,1.00
2017.12.29 06:03:52.537,1.53153,1.53173,1.00,1.50
2017.12.29 06:03:53.128,1.53153,1.53172,1.00,1.00
2017.12.29 06:03:54.620,1.53153,1.53173,1.00,1.50
2017.12.29 06:03:55.642,1.53153,1.53172,1.00,1.00
2017.12.29 06:03:56.387,1.53153,1.53173,1.00,2.25
2017.12.29 06:03:56.493,1.53153,1.53171,1.25,1.00
2017.12.29 06:03:57.113,1.53153,1.5317,1.25,1.00
2017.12.29 06:03:58.731,1.53153,1.53171,1.25,1.00
2017.12.29 06:03:59.381,1.53153,1.5317,1.25,1.00
2017.12.29 06:03:59.799,1.53153,1.5317,1.19,1.00
2017.12.29 06:04:00.415,1.53153,1.53171,1.19,1.00
2017.12.29 06:04:01.178,1.53153,1.53173,1.19,1.37
2017.12.29 06:04:02.500,1.53153,1.53173,1.00,1.37
2017.12.29 06:04:03.364,1.53153,1.53171,1.00,1.12
2017.12.29 06:04:03.671,1.5315,1.53168,1.00,1.00
2017.12.29 06:04:03.723,1.5315,1.53171,1.00,1.87
2017.12.29 06:04:04.436,1.5315,1.53171,1.00,1.87
2017.12.29 06:04:07.774,1.5315,1.5317,1.00,1.50
2017.12.29 06:04:15.497,1.5315,1.53171,1.00,3.19
2017.12.29 06:04:18.625,1.5315,1.53168,1.00,1.00
2017.12.29 06:04:18.781,1.53148,1.53169,1.00,2.06
2017.12.29 06:04:20.597,1.53147,1.53169,1.69,2.06
2017.12.29 06:04:23.720,1.53144,1.53164,1.25,1.12
2017.12.29 06:04:24.033,1.53139,1.5316,1.31,1.00
2017.12.29 06:04:25.014,1.53139,1.53159,1.31,1.00
2017.12.29 06:04:25.708,1.53139,1.53158,1.25,1.00
2017.12.29 06:04:26.310,1.53138,1.53159,2.81,2.25
2017.12.29 06:04:26.860,1.53138,1.53158,2.81,1.00
2017.12.29 06:04:31.570,1.53139,1.53158,1.19,1.00
2017.12.29 06:04:32.345,1.53138,1.53159,2.44,1.00
2017.12.29 06:04:32.875,1.53139,1.53158,1.69,1.00
2017.12.29 06:04:33.428,1.53139,1.53159,1.19,1.00
2017.12.29 06:04:33.977,1.53139,1.53158,1.19,1.00
2017.12.29 06:04:36.998,1.53137,1.53158,4.16,1.00
2017.12.29 06:04:37.550,1.53138,1.53158,1.00,1.00
2017.12.29 06:04:40.561,1.53137,1.53158,1.91,1.00
2017.12.29 06:04:41.107,1.53138,1.53159,1.00,1.25
2017.12.29 06:04:41.674,1.53138,1.53158,1.00,1.00
2017.12.29 06:04:44.064,1.53138,1.53156,1.00,1.00
2017.12.29 06:04:44.638,1.53138,1.53157,1.00,1.00
2017.12.29 06:04:46.542,1.53138,1.53156,1.00,1.00
2017.12.29 06:04:50.588,1.53138,1.53157,1.00,1.00
2017.12.29 06:04:51.778,1.53138,1.53156,1.00,1.00
2017.12.29 06:04:52.354,1.53138,1.53157,1.50,1.00
2017.12.29 06:04:53.067,1.53138,1.53156,1.00,1.00
2017.12.29 06:04:54.484,1.53138,1.53157,1.00,1.00
2017.12.29 06:04:55.402,1.53138,1.53156,1.35,1.00
2017.12.29 06:04:56.080,1.53138,1.53157,1.35,1.00
2017.12.29 06:04:56.629,1.53137,1.53156,2.10,1.00
2017.12.29 06:04:57.146,1.53137,1.53157,3.60,1.00
2017.12.29 06:04:57.732,1.53137,1.53156,3.60,1.00
2017.12.29 06:04:59.053,1.53139,1.53156,1.00,1.00
2017.12.29 06:04:59.709,1.53138,1.53157,1.35,1.00
2017.12.29 06:05:00.249,1.53138,1.53156,1.35,1.00
2017.12.29 06:05:00.506,1.53138,1.5316,2.10,1.50
2017.12.29 06:05:00.558,1.5314,1.5316,1.00,1.50
2017.12.29 06:05:00.748,1.53137,1.5316,4.72,1.00
2017.12.29 06:05:00.800,1.5314,1.5316,1.00,1.00
2017.12.29 06:05:08.903,1.53139,1.5316,1.00,1.00
2017.12.29 06:05:09.418,1.5314,1.5316,1.00,1.50
2017.12.29 06:05:11.353,1.53141,1.53158,1.00,1.00
2017.12.29 06:05:11.406,1.53137,1.53158,1.00,1.37
2017.12.29 06:05:12.028,1.53136,1.53156,1.25,1.12
2017.12.29 06:05:18.410,1.53133,1.53153,1.19,1.00
2017.12.29 06:05:18.925,1.53133,1.53154,1.69,1.50
2017.12.29 06:05:22.254,1.53133,1.53154,2.44,1.87
2017.12.29 06:05:23.451,1.53136,1.53157,2.06,1.00
2017.12.29 06:05:23.504,1.53138,1.5316,1.25,2.81
2017.12.29 06:05:23.609,1.53137,1.53158,2.44,1.00
2017.12.29 06:05:24.117,1.53138,1.53159,1.19,1.12
2017.12.29 06:05:25.928,1.53137,1.53158,2.06,1.00
2017.12.29 06:05:27.348,1.5314,1.5316,1.56,1.00
2017.12.29 06:05:37.120,1.53141,1.53162,1.31,2.62
2017.12.29 06:05:42.242,1.53142,1.5316,1.69,2.47
2017.12.29 06:05:42.570,1.53118,1.53132,1.20,1.50
2017.12.29 06:05:42.815,1.53114,1.53132,1.50,1.87
2017.12.29 06:05:42.972,1.53116,1.53133,1.00,1.12
2017.12.29 06:05:43.076,1.53117,1.53135,1.00,1.50
2017.12.29 06:05:44.864,1.53115,1.53134,1.12,1.62
2017.12.29 06:05:44.969,1.53112,1.53132,2.44,1.37
2017.12.29 06:05:45.022,1.53112,1.53134,4.31,1.00
2017.12.29 06:05:45.281,1.53116,1.53137,1.00,1.69
2017.12.29 06:05:45.713,1.5312,1.53137,1.12,1.87
2017.12.29 06:05:46.036,1.53107,1.53126,1.69,1.62
2017.12.29 06:05:46.398,1.53104,1.53127,2.06,2.06
2017.12.29 06:05:46.968,1.53107,1.53127,1.00,1.56
2017.12.29 06:05:47.747,1.53107,1.53128,1.87,1.69
2017.12.29 06:05:47.955,1.53106,1.53128,1.12,3.19
2017.12.29 06:05:48.927,1.53107,1.53128,1.69,2.25
2017.12.29 06:05:49.447,1.53107,1.53126,1.19,1.16
2017.12.29 06:05:50.042,1.5311,1.53129,1.19,4.35
2017.12.29 06:05:50.096,1.53112,1.53132,1.69,1.00
2017.12.29 06:05:50.149,1.53114,1.53129,1.00,1.81
2017.12.29 06:05:50.201,1.53108,1.53126,1.69,1.56
2017.12.29 06:05:50.254,1.53108,1.53128,1.00,1.69
2017.12.29 06:05:50.306,1.53103,1.53126,3.94,1.56
2017.12.29 06:05:51.644,1.53103,1.53127,1.56,2.06
2017.12.29 06:05:51.943,1.53103,1.53127,1.56,2.06
2017.12.29 06:05:52.471,1.53107,1.53127,1.00,1.56
2017.12.29 06:05:53.017,1.53108,1.53127,1.00,1.56
2017.12.29 06:05:53.531,1.53109,1.53129,1.00,2.62
2017.12.29 06:05:53.663,1.53113,1.53131,1.50,1.19
2017.12.29 06:05:53.925,1.53116,1.53135,1.25,2.06
2017.12.29 06:05:54.133,1.53118,1.53138,1.00,2.25
2017.12.29 06:05:54.400,1.53117,1.53137,1.00,1.00
2017.12.29 06:05:55.432,1.53118,1.53138,1.19,2.06
2017.12.29 06:05:56.577,1.53117,1.53138,1.19,2.25
2017.12.29 06:05:56.683,1.53114,1.53134,1.50,1.56
2017.12.29 06:05:56.829,1.53112,1.53129,1.00,1.87
2017.12.29 06:05:56.882,1.53108,1.53129,1.25,1.87
2017.12.29 06:05:57.093,1.53105,1.53126,1.69,1.72
2017.12.29 06:05:57.639,1.53105,1.53125,1.19,1.37
2017.12.29 06:05:57.991,1.53105,1.53123,1.00,1.69
2017.12.29 06:05:58.045,1.531,1.53121,1.69,2.85
2017.12.29 06:05:58.098,1.531,1.53121,1.25,2.85
2017.12.29 06:05:58.235,1.53103,1.53122,1.00,1.00
2017.12.29 06:05:58.289,1.53105,1.53123,1.00,1.12
2017.12.29 06:05:58.727,1.53105,1.53125,1.69,1.37
2017.12.29 06:05:58.833,1.53107,1.53129,2.44,3.19
2017.12.29 06:05:58.886,1.53108,1.53129,1.56,1.12
2017.12.29 06:05:59.407,1.5311,1.5313,1.19,1.12
2017.12.29 06:06:00.029,1.53109,1.53132,2.06,1.72
2017.12.29 06:06:00.132,1.53109,1.53132,2.06,1.72
2017.12.29 06:06:00.240,1.53109,1.53131,1.50,1.50
2017.12.29 06:06:00.294,1.53108,1.5313,1.31,2.62
2017.12.29 06:06:00.346,1.5311,1.53131,1.00,2.47
2017.12.29 06:06:00.715,1.53109,1.53128,1.25,1.37
2017.12.29 06:06:01.158,1.53106,1.53126,1.19,2.47
2017.12.29 06:06:02.928,1.53104,1.53126,2.06,1.35
2017.12.29 06:06:09.448,1.53108,1.53126,1.00,1.35
2017.12.29 06:06:10.065,1.53108,1.53127,1.19,1.00
2017.12.29 06:06:10.172,1.53115,1.53135,1.69,1.69
2017.12.29 06:06:10.374,1.53118,1.53136,1.31,1.00
2017.12.29 06:06:10.427,1.5312,1.53138,1.31,1.00
2017.12.29 06:06:10.585,1.53122,1.53141,1.69,1.00
2017.12.29 06:06:10.794,1.53123,1.53143,1.31,1.12
2017.12.29 06:06:11.469,1.53124,1.53145,1.69,3.00
2017.12.29 06:06:11.521,1.53125,1.53145,1.31,3.00
2017.12.29 06:06:12.091,1.53126,1.53147,1.69,2.25
2017.12.29 06:06:12.458,1.53127,1.53147,1.19,1.87
2017.12.29 06:06:13.218,1.53127,1.53144,1.19,2.10
2017.12.29 06:06:13.431,1.53108,1.53127,1.19,2.47
2017.12.29 06:06:13.536,1.53108,1.53128,1.19,1.12
2017.12.29 06:06:13.719,1.53109,1.5313,1.31,1.12
2017.12.29 06:06:16.782,1.53109,1.53129,1.31,2.10
2017.12.29 06:06:17.096,1.53104,1.53126,1.19,1.91
2017.12.29 06:06:19.714,1.53103,1.53124,2.44,1.37
2017.12.29 06:06:20.370,1.53103,1.53124,1.19,1.37
2017.12.29 06:06:23.693,1.53103,1.53124,1.69,1.00
2017.12.29 06:06:23.755,1.53106,1.53124,1.19,1.35
2017.12.29 06:06:23.807,1.53104,1.53124,1.69,2.85
2017.12.29 06:06:25.105,1.53103,1.53121,1.19,1.50
2017.12.29 06:06:25.157,1.53103,1.53121,1.00,1.00
2017.12.29 06:06:25.658,1.531,1.53121,1.69,1.50
2017.12.29 06:06:26.458,1.531,1.53122,1.69,3.22
2017.12.29 06:06:26.513,1.53104,1.53122,1.25,1.50
2017.12.29 06:06:26.828,1.53108,1.53126,1.25,1.87
2017.12.29 06:06:27.382,1.53107,1.53125,1.19,1.00
2017.12.29 06:06:27.909,1.53108,1.53124,1.25,1.00
2017.12.29 06:06:28.502,1.53108,1.53122,1.25,1.00
2017.12.29 06:06:29.450,1.53107,1.53123,1.19,1.00
2017.12.29 06:06:30.078,1.53104,1.53123,1.25,1.25
2017.12.29 06:06:32.343,1.53104,1.53122,1.25,1.69
2017.12.29 06:06:34.893,1.53106,1.53122,1.00,1.00
2017.12.29 06:06:36.948,1.53105,1.53122,1.00,1.00
2017.12.29 06:06:37.876,1.53105,1.53121,1.50,1.00
2017.12.29 06:06:38.507,1.53106,1.53123,1.00,1.87
2017.12.29 06:06:38.925,1.53105,1.53121,1.50,1.00
2017.12.29 06:06:39.463,1.53106,1.53121,1.00,1.50
2017.12.29 06:06:40.075,1.53105,1.53121,1.00,1.00
2017.12.29 06:06:40.619,1.53106,1.53121,1.00,1.00
2017.12.29 06:06:40.736,1.53106,1.53123,1.00,1.00
2017.12.29 06:06:41.309,1.53105,1.53122,1.00,1.00
2017.12.29 06:06:41.713,1.53105,1.53122,1.19,1.00
2017.12.29 06:06:41.768,1.5311,1.53125,1.00,1.00
2017.12.29 06:06:41.873,1.53112,1.53126,1.00,1.00
2017.12.29 06:06:41.926,1.53114,1.53131,1.50,1.00
2017.12.29 06:06:42.030,1.53114,1.53131,1.69,1.00
2017.12.29 06:06:42.622,1.53117,1.53131,1.00,1.69
2017.12.29 06:06:42.936,1.53116,1.53133,1.25,1.12
2017.12.29 06:06:43.235,1.53116,1.5313,1.25,1.00
2017.12.29 06:06:44.029,1.53117,1.53132,1.00,1.00
2017.12.29 06:06:44.429,1.53117,1.5313,1.00,1.00
2017.12.29 06:06:44.585,1.53117,1.53132,1.00,1.50
2017.12.29 06:06:44.895,1.53117,1.5313,1.00,1.00
2017.12.29 06:06:45.438,1.53116,1.53131,1.25,1.69
2017.12.29 06:06:45.625,1.53116,1.53133,1.25,1.87
2017.12.29 06:06:45.886,1.53116,1.53131,1.25,1.00
2017.12.29 06:06:46.042,1.53116,1.53133,1.25,2.47
2017.12.29 06:06:46.351,1.53117,1.53131,1.00,1.50
2017.12.29 06:06:46.830,1.53117,1.53134,1.00,1.50
2017.12.29 06:06:46.985,1.53116,1.53131,1.25,1.00
2017.12.29 06:06:47.501,1.53117,1.5313,1.00,1.00
2017.12.29 06:06:47.904,1.53119,1.53134,1.00,1.00
2017.12.29 06:06:47.956,1.53117,1.53134,1.00,1.00
2017.12.29 06:06:48.163,1.53118,1.53134,1.00,1.72
2017.12.29 06:06:48.216,1.53121,1.53136,1.00,1.50
2017.12.29 06:06:48.579,1.53123,1.53136,1.00,1.00
2017.12.29 06:06:48.632,1.53118,1.53136,1.69,1.00
2017.12.29 06:06:48.684,1.53118,1.53136,1.50,1.00
2017.12.29 06:06:49.202,1.53119,1.53136,1.00,1.50
2017.12.29 06:06:49.409,1.53121,1.53136,1.00,1.50
2017.12.29 06:06:54.074,1.5312,1.53136,1.00,1.00
2017.12.29 06:06:55.062,1.53121,1.53136,1.00,1.00
2017.12.29 06:06:55.410,1.53117,1.53132,1.00,1.00
2017.12.29 06:06:55.464,1.53118,1.53135,1.00,1.00
2017.12.29 06:06:55.518,1.53122,1.53135,1.00,1.00
2017.12.29 06:06:55.675,1.53122,1.53138,1.00,1.87
2017.12.29 06:06:56.255,1.53121,1.53138,1.00,1.87
2017.12.29 06:06:56.806,1.53122,1.53138,1.00,1.50
2017.12.29 06:06:57.325,1.53121,1.53138,1.00,1.50
2017.12.29 06:06:58.671,1.53121,1.53136,1.00,1.00
2017.12.29 06:06:58.724,1.53119,1.53136,1.00,2.25
2017.12.29 06:06:58.777,1.53116,1.53134,3.00,1.60
2017.12.29 06:06:58.829,1.53116,1.53134,1.00,2.10
2017.12.29 06:06:58.985,1.53114,1.53131,1.00,1.00
2017.12.29 06:06:59.089,1.53114,1.53129,1.00,1.00
2017.12.29 06:06:59.516,1.53116,1.53129,1.00,1.00
2017.12.29 06:07:00.397,1.53116,1.5313,1.00,1.69
2017.12.29 06:07:01.771,1.53116,1.53129,1.00,1.00
2017.12.29 06:07:02.307,1.53117,1.53128,1.00,1.00
2017.12.29 06:07:03.182,1.53107,1.53116,2.62,2.47
2017.12.29 06:07:03.240,1.53107,1.53124,1.00,1.00
2017.12.29 06:07:03.292,1.53109,1.53126,1.00,1.00
2017.12.29 06:07:03.812,1.53109,1.53127,1.00,1.12
2017.12.29 06:07:04.317,1.53109,1.53126,1.00,1.00
2017.12.29 06:07:04.845,1.53108,1.53126,1.25,1.00
2017.12.29 06:07:05.927,1.53108,1.53124,1.25,1.00
2017.12.29 06:07:07.173,1.53108,1.53126,1.25,1.00
2017.12.29 06:07:07.436,1.53108,1.53124,1.19,1.00
2017.12.29 06:07:07.540,1.53108,1.53126,1.19,1.00
2017.12.29 06:07:07.748,1.53111,1.53128,1.00,1.00
2017.12.29 06:07:07.800,1.53111,1.53129,1.19,1.00
2017.12.29 06:07:08.332,1.53109,1.53125,2.44,1.00
2017.12.29 06:07:08.391,1.53109,1.53128,1.19,1.50
2017.12.29 06:07:08.704,1.53109,1.53129,1.25,1.00
2017.12.29 06:07:08.758,1.53113,1.53127,1.25,1.00
2017.12.29 06:07:08.811,1.53111,1.53129,1.19,1.00
2017.12.29 06:07:09.271,1.53111,1.53129,1.19,1.25
2017.12.29 06:07:09.781,1.53111,1.53129,1.19,1.50
2017.12.29 06:07:10.195,1.53118,1.53132,1.00,1.50
2017.12.29 06:07:12.060,1.53117,1.53132,1.00,1.50
2017.12.29 06:07:12.593,1.53118,1.53133,1.00,1.50
2017.12.29 06:07:12.854,1.53108,1.53125,1.00,1.60
2017.12.29 06:07:13.066,1.53112,1.53127,1.00,1.60
2017.12.29 06:07:13.121,1.53113,1.53128,1.00,1.12
2017.12.29 06:07:13.548,1.53115,1.53132,1.00,1.12
2017.12.29 06:07:13.608,1.5312,1.53134,1.00,1.50
2017.12.29 06:07:13.661,1.53119,1.53137,1.19,1.87
2017.12.29 06:07:14.213,1.53119,1.53137,1.69,1.12
2017.12.29 06:07:14.562,1.53119,1.53137,1.00,1.12
2017.12.29 06:07:14.614,1.53121,1.53138,1.00,1.87
2017.12.29 06:07:15.122,1.53121,1.53135,1.00,1.00
2017.12.29 06:07:17.849,1.5312,1.53135,1.00,1.00
2017.12.29 06:07:18.373,1.53121,1.53135,1.00,1.00
2017.12.29 06:07:18.884,1.5312,1.53136,1.00,1.00
2017.12.29 06:07:21.340,1.5312,1.53135,1.00,2.10
2017.12.29 06:07:21.393,1.53118,1.53133,1.00,1.00
2017.12.29 06:07:21.446,1.53115,1.53133,1.50,1.35
2017.12.29 06:07:21.604,1.53115,1.53131,1.00,1.00
2017.12.29 06:07:22.993,1.53115,1.53133,1.25,1.87
2017.12.29 06:07:23.307,1.53132,1.53146,1.00,1.00
2017.12.29 06:07:23.879,1.53133,1.53146,1.00,1.00
2017.12.29 06:07:23.932,1.5313,1.53146,1.00,1.00
2017.12.29 06:07:25.421,1.53129,1.53147,1.12,1.12
2017.12.29 06:07:25.475,1.53132,1.53148,1.00,1.87
2017.12.29 06:07:25.789,1.53132,1.53141,1.50,1.50
2017.12.29 06:07:25.992,1.53132,1.53143,1.50,1.00
2017.12.29 06:07:26.044,1.53132,1.5315,1.00,1.87
2017.12.29 06:07:26.096,1.53132,1.5315,1.50,1.50
2017.12.29 06:07:26.148,1.53132,1.53143,1.50,1.00
2017.12.29 06:07:26.252,1.53133,1.5315,1.00,1.50
2017.12.29 06:07:26.802,1.53132,1.53149,1.00,1.50
2017.12.29 06:07:27.627,1.53133,1.53149,1.00,1.50
2017.12.29 06:07:34.139,1.53131,1.53143,1.00,1.19
2017.12.29 06:07:34.192,1.53129,1.53137,1.00,1.35
2017.12.29 06:07:34.289,1.53126,1.5314,1.00,2.85
2017.12.29 06:07:34.344,1.53121,1.53139,1.19,1.60
2017.12.29 06:07:35.100,1.5312,1.5314,1.69,1.00
2017.12.29 06:07:35.206,1.53124,1.53141,1.19,1.00
2017.12.29 06:07:35.390,1.53125,1.53143,1.25,1.00
2017.12.29 06:07:35.833,1.53125,1.53141,1.00,1.12
2017.12.29 06:07:35.887,1.53123,1.53141,1.50,1.87
2017.12.29 06:07:36.487,1.53122,1.53141,1.00,2.62
2017.12.29 06:07:37.761,1.53126,1.5314,1.00,1.00
2017.12.29 06:07:37.818,1.53126,1.53142,1.00,1.00
2017.12.29 06:07:37.961,1.53128,1.53144,1.00,1.50
2017.12.29 06:07:38.475,1.53127,1.53145,1.00,1.00
2017.12.29 06:07:39.440,1.53128,1.53145,1.00,1.00
2017.12.29 06:07:39.992,1.53126,1.53145,1.19,1.00
2017.12.29 06:07:43.618,1.53125,1.53144,1.69,1.60
2017.12.29 06:07:43.673,1.53123,1.53143,1.00,1.60
2017.12.29 06:07:43.778,1.5312,1.5314,1.19,1.00
2017.12.29 06:07:44.140,1.5312,1.5314,1.69,1.00
2017.12.29 06:07:44.802,1.5312,1.53139,1.69,1.00
2017.12.29 06:07:50.698,1.5312,1.5314,1.50,1.00
2017.12.29 06:07:59.738,1.5312,1.53141,1.00,1.87
2017.12.29 06:08:00.281,1.5312,1.53141,1.00,2.25
2017.12.29 06:08:05.661,1.53121,1.5314,1.00,1.00
2017.12.29 06:08:06.670,1.5312,1.5314,1.50,1.00
2017.12.29 06:08:07.310,1.53121,1.5314,1.00,1.00
2017.12.29 06:08:07.850,1.53121,1.53141,1.00,2.25
2017.12.29 06:08:09.926,1.5312,1.53141,1.50,2.44
2017.12.29 06:08:10.484,1.53121,1.53141,1.00,2.44
2017.12.29 06:08:11.189,1.5312,1.53141,1.50,2.06
2017.12.29 06:08:11.460,1.53121,1.53138,1.00,1.00
2017.12.29 06:08:11.618,1.53104,1.53124,2.44,1.00
2017.12.29 06:08:11.722,1.53106,1.53124,1.00,1.00
2017.12.29 06:08:12.036,1.53102,1.53121,1.00,1.25
2017.12.29 06:08:14.620,1.53102,1.5312,1.00,1.00
2017.12.29 06:08:15.501,1.53102,1.53121,1.50,1.25
2017.12.29 06:08:16.131,1.53104,1.53122,1.00,1.25
2017.12.29 06:08:16.445,1.53114,1.53133,1.00,1.37
2017.12.29 06:08:16.989,1.53115,1.53133,1.00,1.00
2017.12.29 06:08:17.922,1.53114,1.53133,1.00,1.19
2017.12.29 06:08:18.287,1.53112,1.53133,1.69,1.69
2017.12.29 06:08:21.501,1.53112,1.53133,1.69,1.00
2017.12.29 06:08:22.439,1.53113,1.53133,1.31,1.00
2017.12.29 06:08:22.492,1.53117,1.53133,1.69,1.00
2017.12.29 06:08:22.700,1.53119,1.53139,1.69,1.00
2017.12.29 06:08:23.500,1.5312,1.53139,1.69,1.00
2017.12.29 06:08:24.537,1.53118,1.53137,2.44,1.12
2017.12.29 06:08:24.592,1.53116,1.53136,5.06,1.50
2017.12.29 06:08:24.645,1.53114,1.53135,1.50,1.12
2017.12.29 06:08:25.165,1.53113,1.53135,1.25,1.12
2017.12.29 06:08:25.669,1.53114,1.53135,1.00,1.12
2017.12.29 06:08:30.502,1.53114,1.53135,1.00,2.06
2017.12.29 06:08:31.067,1.53114,1.53135,1.00,1.31
2017.12.29 06:08:34.451,1.53115,1.53135,1.00,1.00
2017.12.29 06:08:41.771,1.53114,1.53135,1.50,1.00
2017.12.29 06:08:42.520,1.53116,1.53135,1.00,1.25
2017.12.29 06:08:43.274,1.53115,1.53135,1.00,1.25
2017.12.29 06:08:44.050,1.53115,1.53135,1.50,1.62
2017.12.29 06:08:45.684,1.53116,1.53135,1.00,1.62
2017.12.29 06:08:47.794,1.53115,1.53135,2.25,1.62
2017.12.29 06:08:49.252,1.53118,1.53138,1.00,1.31
2017.12.29 06:08:49.306,1.53116,1.53138,1.50,2.06
2017.12.29 06:08:49.950,1.53115,1.53137,2.25,3.19
2017.12.29 06:08:52.127,1.53115,1.53134,1.00,2.29
2017.12.29 06:08:52.262,1.53112,1.53131,1.50,1.31
2017.12.29 06:08:52.369,1.5311,1.53131,2.25,1.87
2017.12.29 06:08:53.768,1.5311,1.5313,1.50,2.47
2017.12.29 06:08:53.873,1.53108,1.53126,1.00,1.50
2017.12.29 06:08:54.486,1.53105,1.53126,1.50,1.00
2017.12.29 06:08:58.741,1.53105,1.53126,1.50,1.50
2017.12.29 06:08:59.796,1.53105,1.53126,1.50,1.00
2017.12.29 06:09:00.065,1.53107,1.53126,1.00,1.00
2017.12.29 06:09:00.119,1.53107,1.53129,1.50,1.69
2017.12.29 06:09:00.222,1.53109,1.53129,1.00,1.00
2017.12.29 06:09:03.981,1.53103,1.53117,1.00,1.25
2017.12.29 06:09:04.086,1.53096,1.53112,1.00,1.00
2017.12.29 06:09:04.139,1.53093,1.53112,2.25,1.00
2017.12.29 06:09:05.205,1.53093,1.53113,1.00,1.25
2017.12.29 06:09:07.739,1.53092,1.53111,2.62,1.00
2017.12.29 06:09:08.580,1.53092,1.53112,1.87,1.00
2017.12.29 06:09:09.167,1.53092,1.53113,2.62,1.69
2017.12.29 06:09:10.043,1.53093,1.53113,1.00,1.69
2017.12.29 06:09:11.107,1.53093,1.53112,1.00,1.00
2017.12.29 06:09:12.304,1.53093,1.53113,1.00,1.25
2017.12.29 06:09:17.447,1.53094,1.53113,1.00,1.25
2017.12.29 06:09:22.300,1.53094,1.53113,1.00,1.69
2017.12.29 06:09:23.239,1.53093,1.53113,1.00,1.69
2017.12.29 06:09:25.352,1.53093,1.53113,1.00,1.25
2017.12.29 06:09:25.664,1.53102,1.5312,1.00,1.25
2017.12.29 06:09:25.976,1.53106,1.53124,1.00,1.37
2017.12.29 06:09:28.508,1.53103,1.53121,1.00,1.19
2017.12.29 06:09:28.562,1.53103,1.53122,1.00,1.69
2017.12.29 06:09:29.084,1.53102,1.53122,1.50,1.25
2017.12.29 06:09:30.121,1.53102,1.53121,1.00,1.00
2017.12.29 06:09:30.655,1.53101,1.53122,1.50,1.87
2017.12.29 06:09:31.218,1.53101,1.53121,1.50,1.00
2017.12.29 06:09:31.542,1.53103,1.53122,1.00,1.25
2017.12.29 06:09:31.890,1.53105,1.53124,1.00,1.12
2017.12.29 06:09:34.679,1.53104,1.53124,1.50,1.00
2017.12.29 06:09:35.048,1.53106,1.53124,1.00,1.00
2017.12.29 06:09:35.986,1.53104,1.53124,1.50,1.00
2017.12.29 06:09:36.567,1.53105,1.53124,1.00,1.50
2017.12.29 06:09:37.201,1.53105,1.53123,1.00,1.00
2017.12.29 06:09:37.721,1.53105,1.53124,1.00,2.44
2017.12.29 06:09:38.362,1.53105,1.53123,1.00,1.00
2017.12.29 06:09:38.745,1.53105,1.53123,1.00,1.19
2017.12.29 06:09:39.113,1.53103,1.53122,1.00,1.25
2017.12.29 06:09:39.218,1.53105,1.53121,1.00,1.00
2017.12.29 06:09:39.270,1.53106,1.53124,1.00,1.69
2017.12.29 06:09:40.167,1.53106,1.53123,1.00,1.00
2017.12.29 06:09:40.799,1.53106,1.53125,1.00,1.25
2017.12.29 06:09:41.826,1.53107,1.53126,1.00,2.62
2017.12.29 06:09:42.054,1.53109,1.53127,1.50,1.12
2017.12.29 06:09:42.262,1.53111,1.53132,2.25,1.56
2017.12.29 06:09:44.321,1.53112,1.53132,1.00,1.19
2017.12.29 06:09:48.428,1.53111,1.53131,1.00,1.19
2017.12.29 06:09:50.445,1.53112,1.53132,1.00,1.19
2017.12.29 06:09:51.346,1.53111,1.53132,2.25,1.19
2017.12.29 06:09:51.955,1.53112,1.53132,1.00,1.19
2017.12.29 06:09:52.499,1.53113,1.53132,1.00,1.19
2017.12.29 06:09:53.383,1.53114,1.53132,1.00,1.19
2017.12.29 06:09:53.563,1.53111,1.53131,1.50,1.69
2017.12.29 06:09:53.670,1.53111,1.53129,1.00,1.69
2017.12.29 06:09:53.828,1.53108,1.53127,1.00,1.25
2017.12.29 06:09:55.055,1.53108,1.53126,1.00,1.00
2017.12.29 06:09:55.235,1.53112,1.53129,1.00,1.25
2017.12.29 06:09:55.655,1.5311,1.53129,1.00,1.25
2017.12.29 06:09:56.721,1.5311,1.53128,1.00,1.00
2017.12.29 06:09:56.773,1.53108,1.53126,1.00,1.25
2017.12.29 06:09:58.466,1.53108,1.53127,1.00,1.19
2017.12.29 06:10:00.169,1.53109,1.53129,1.00,2.25
2017.12.29 06:10:01.468,1.5311,1.53129,1.00,1.69
2017.12.29 06:10:01.936,1.5311,1.53131,2.44,1.00
2017.12.29 06:10:06.214,1.53114,1.53131,1.00,1.19
2017.12.29 06:10:06.577,1.53116,1.53134,1.00,1.12
2017.12.29 06:10:07.119,1.53115,1.53134,1.00,1.12
2017.12.29 06:10:07.598,1.53117,1.53137,1.00,1.31
2017.12.29 06:10:08.129,1.53117,1.53137,1.00,1.19
2017.12.29 06:10:08.287,1.5312,1.53137,1.00,1.00
2017.12.29 06:10:08.339,1.53118,1.53137,1.00,1.00
2017.12.29 06:10:08.863,1.53117,1.53137,1.00,1.25
2017.12.29 06:10:12.237,1.53117,1.53137,1.00,1.69
2017.12.29 06:10:14.993,1.53119,1.53137,1.00,1.25
2017.12.29 06:10:19.020,1.53129,1.53143,1.00,2.81
2017.12.29 06:10:19.126,1.53128,1.53145,1.50,1.25
2017.12.29 06:10:19.676,1.53129,1.53145,1.00,1.00
2017.12.29 06:10:19.909,1.5313,1.53147,1.00,1.00
2017.12.29 06:10:20.116,1.53127,1.53149,3.19,1.19
2017.12.29 06:10:20.764,1.53128,1.53147,1.25,1.00
2017.12.29 06:10:21.284,1.53127,1.53148,1.31,1.25
2017.12.29 06:10:22.332,1.53127,1.53148,1.50,1.00
2017.12.29 06:10:22.387,1.53131,1.53151,1.00,1.25
2017.12.29 06:10:23.223,1.53132,1.53151,1.00,1.25
2017.12.29 06:10:23.739,1.53133,1.53152,1.00,1.69
2017.12.29 06:10:24.855,1.53132,1.53152,1.00,1.19
2017.12.29 06:10:25.383,1.53131,1.53152,1.50,1.19
2017.12.29 06:10:34.303,1.5313,1.53152,2.25,1.19
2017.12.29 06:10:35.945,1.53131,1.53152,1.00,1.19
2017.12.29 06:10:38.767,1.53129,1.5315,1.19,1.12
2017.12.29 06:10:39.889,1.53128,1.53148,1.44,1.00
2017.12.29 06:10:44.045,1.53127,1.53148,1.87,2.44
2017.12.29 06:10:44.100,1.53127,1.53145,1.00,1.50
2017.12.29 06:10:44.204,1.53123,1.53145,1.31,2.25
2017.12.29 06:10:45.629,1.53123,1.53142,1.31,1.00
2017.12.29 06:10:45.959,1.53122,1.53141,1.00,1.31
2017.12.29 06:10:46.012,1.53119,1.53138,2.44,1.00
2017.12.29 06:10:46.559,1.53118,1.53139,1.19,1.50
2017.12.29 06:10:47.033,1.53122,1.53142,1.31,1.50
2017.12.29 06:10:47.086,1.53125,1.53143,1.00,1.00
2017.12.29 06:10:47.190,1.53126,1.53145,1.00,1.00
2017.12.29 06:10:47.847,1.53125,1.53146,1.00,1.69
2017.12.29 06:10:48.378,1.53126,1.53146,1.19,1.69
2017.12.29 06:10:48.838,1.53123,1.53142,1.00,1.00
2017.12.29 06:10:49.344,1.53123,1.53143,1.00,1.00
2017.12.29 06:10:54.919,1.53122,1.53143,1.69,1.00
2017.12.29 06:11:05.255,1.53119,1.5314,1.00,2.06
2017.12.29 06:11:05.572,1.53117,1.53137,1.00,1.87
2017.12.29 06:11:06.236,1.53117,1.53136,1.50,1.00
2017.12.29 06:11:06.969,1.53116,1.53136,1.69,1.00
2017.12.29 06:11:10.581,1.53117,1.53136,1.00,1.50
2017.12.29 06:11:12.982,1.53116,1.53136,1.69,1.50
2017.12.29 06:11:14.050,1.53117,1.53136,1.00,1.50
2017.12.29 06:11:14.598,1.53116,1.53136,1.69,1.00
2017.12.29 06:11:16.602,1.53119,1.53134,1.00,1.00
2017.12.29 06:11:16.654,1.53118,1.53137,1.00,1.00
2017.12.29 06:11:17.503,1.53121,1.53137,1.00,1.00
2017.12.29 06:11:17.557,1.53118,1.53137,1.31,1.25
2017.12.29 06:11:18.058,1.53116,1.53137,2.25,1.25
2017.12.29 06:11:20.636,1.53119,1.53139,1.00,1.19
2017.12.29 06:11:20.689,1.53121,1.53141,1.00,2.44
2017.12.29 06:11:21.192,1.53122,1.53143,1.00,2.62
2017.12.29 06:11:22.271,1.53122,1.53143,1.00,1.69
2017.12.29 06:11:25.640,1.53121,1.53139,1.00,1.35
2017.12.29 06:11:25.797,1.53112,1.53131,1.00,1.00
2017.12.29 06:11:26.316,1.53112,1.53132,1.00,1.00
2017.12.29 06:11:29.791,1.53114,1.53132,1.00,1.00
2017.12.29 06:11:30.153,1.53118,1.53135,1.00,1.19
2017.12.29 06:11:30.206,1.53118,1.53137,1.00,1.19
2017.12.29 06:11:30.258,1.53119,1.53137,1.00,1.25
2017.12.29 06:11:31.878,1.5312,1.53137,1.00,1.25
2017.12.29 06:11:32.298,1.53118,1.53139,1.50,1.19
2017.12.29 06:11:33.719,1.53118,1.53137,1.50,1.85
2017.12.29 06:11:33.777,1.53116,1.53135,2.25,1.25
2017.12.29 06:11:34.276,1.53115,1.53133,3.75,1.00
2017.12.29 06:11:34.588,1.53118,1.53138,1.00,2.29
2017.12.29 06:11:37.256,1.53118,1.53136,2.25,1.00
2017.12.29 06:11:37.793,1.53118,1.53138,2.25,2.29
2017.12.29 06:11:41.585,1.5312,1.53138,1.00,1.54
2017.12.29 06:11:42.193,1.53119,1.53138,1.50,1.54
2017.12.29 06:11:46.160,1.53117,1.53138,3.00,2.10
2017.12.29 06:11:46.828,1.53116,1.53135,1.00,1.19
2017.12.29 06:11:51.461,1.53116,1.53131,1.00,1.00
2017.12.29 06:11:51.565,1.53112,1.5313,2.62,1.00
2017.12.29 06:11:51.995,1.5311,1.53125,1.00,1.00
2017.12.29 06:11:52.047,1.53108,1.53124,1.00,1.00
2017.12.29 06:11:52.441,1.53108,1.53128,1.00,1.00
2017.12.29 06:11:52.991,1.53108,1.53125,1.00,1.00
2017.12.29 06:11:53.471,1.53108,1.53128,1.00,1.00
2017.12.29 06:11:53.880,1.53106,1.53128,1.50,1.00
2017.12.29 06:11:53.985,1.53106,1.53125,1.50,1.00
2017.12.29 06:11:54.446,1.53106,1.53128,2.25,1.00
2017.12.29 06:11:56.544,1.53106,1.53126,1.00,1.00
2017.12.29 06:11:57.064,1.53105,1.53125,1.25,1.25
2017.12.29 06:11:58.742,1.53104,1.53121,3.19,1.00
2017.12.29 06:11:59.933,1.53104,1.53121,3.00,1.00
2017.12.29 06:12:00.449,1.53104,1.53122,3.00,1.00
2017.12.29 06:12:01.084,1.53104,1.53124,3.00,1.00
2017.12.29 06:12:01.595,1.53104,1.53125,2.25,1.69
2017.12.29 06:12:02.413,1.53104,1.53124,1.50,1.00
2017.12.29 06:12:03.070,1.53104,1.53125,1.12,2.62
2017.12.29 06:12:03.261,1.53104,1.53121,1.00,1.00
2017.12.29 06:12:03.508,1.53102,1.53123,1.19,1.00
2017.12.29 06:12:04.339,1.53102,1.53122,1.00,1.00
2017.12.29 06:12:04.392,1.53102,1.53121,1.00,1.37
2017.12.29 06:12:04.710,1.531,1.53119,1.19,1.19
2017.12.29 06:12:05.978,1.531,1.53118,1.19,1.19
2017.12.29 06:12:06.811,1.531,1.53117,1.19,1.19
2017.12.29 06:12:07.508,1.531,1.53117,1.19,1.25
2017.12.29 06:12:09.059,1.531,1.53117,1.19,1.25
2017.12.29 06:12:11.769,1.531,1.5312,1.19,1.50
2017.12.29 06:12:12.381,1.531,1.5312,1.25,1.00
2017.12.29 06:12:13.483,1.531,1.53118,1.19,1.00
2017.12.29 06:12:14.124,1.531,1.53119,1.19,1.00
2017.12.29 06:12:14.510,1.531,1.53118,1.19,1.19
2017.12.29 06:12:15.077,1.531,1.53119,1.25,1.19
2017.12.29 06:12:15.128,1.531,1.53119,1.19,1.19
2017.12.29 06:12:20.349,1.531,1.5312,1.19,1.19
2017.12.29 06:12:33.670,1.531,1.53121,1.69,2.44
2017.12.29 06:12:35.819,1.531,1.5312,1.19,1.69
2017.12.29 06:12:36.879,1.531,1.5312,1.12,1.87
2017.12.29 06:12:39.913,1.53101,1.5312,1.00,1.44
2017.12.29 06:12:40.514,1.531,1.53121,1.00,2.62
2017.12.29 06:12:41.051,1.531,1.53118,1.00,1.00
2017.12.29 06:12:42.171,1.531,1.53117,1.00,1.00
2017.12.29 06:12:42.326,1.531,1.53119,1.00,1.25
2017.12.29 06:12:45.765,1.531,1.5312,1.00,1.19
2017.12.29 06:12:46.193,1.53097,1.53118,1.12,2.44
2017.12.29 06:12:46.721,1.53098,1.53118,1.00,1.69
2017.12.29 06:12:47.243,1.53097,1.53118,1.00,2.44
2017.12.29 06:12:51.472,1.53097,1.53117,1.50,1.19
2017.12.29 06:12:53.332,1.53095,1.53116,1.00,2.62
2017.12.29 06:12:53.933,1.53095,1.53116,1.00,1.87
2017.12.29 06:12:55.665,1.53095,1.53116,1.00,1.69
2017.12.29 06:13:03.447,1.53096,1.53116,1.87,1.19
2017.12.29 06:13:04.048,1.53097,1.53116,1.00,1.19
2017.12.29 06:13:08.780,1.53096,1.53116,1.31,1.19
2017.12.29 06:13:09.351,1.53098,1.53119,2.06,1.25
2017.12.29 06:13:09.455,1.531,1.53119,1.00,1.69
2017.12.29 06:13:09.802,1.53098,1.53117,2.25,1.25
2017.12.29 06:13:13.697,1.53098,1.53118,1.00,3.19
2017.12.29 06:13:13.955,1.53096,1.53117,1.00,1.44
2017.12.29 06:13:16.381,1.53096,1.53117,1.00,1.44
2017.12.29 06:13:23.188,1.53096,1.53115,1.00,1.00
2017.12.29 06:13:24.234,1.53096,1.53114,1.00,1.00
2017.12.29 06:13:24.769,1.53096,1.53116,1.00,1.37
2017.12.29 06:13:26.529,1.53097,1.53117,1.00,1.87
2017.12.29 06:13:27.034,1.53096,1.53117,1.50,3.00
2017.12.29 06:13:30.107,1.53097,1.53117,1.00,2.25
2017.12.29 06:13:30.618,1.53096,1.53117,1.50,2.25
2017.12.29 06:13:31.554,1.53097,1.53117,1.00,2.25
2017.12.29 06:13:33.676,1.53096,1.53117,1.50,2.25
2017.12.29 06:13:34.355,1.53097,1.53116,1.00,1.37
2017.12.29 06:13:35.683,1.53097,1.53115,1.00,1.44
2017.12.29 06:13:36.151,1.531,1.53117,1.00,4.12
2017.12.29 06:13:36.208,1.531,1.53118,1.00,1.81
2017.12.29 06:13:36.261,1.53101,1.53119,1.50,1.44
2017.12.29 06:13:37.043,1.53102,1.53118,1.00,1.12
2017.12.29 06:13:37.730,1.53101,1.53119,1.50,1.37
2017.12.29 06:13:37.942,1.53098,1.5312,1.00,3.37
2017.12.29 06:13:38.285,1.53096,1.53116,2.25,1.69
2017.12.29 06:13:40.001,1.53096,1.53115,1.00,1.87
2017.12.29 06:13:42.695,1.53094,1.53114,1.19,3.00
2017.12.29 06:13:42.841,1.53092,1.53111,1.19,1.19
2017.12.29 06:13:43.387,1.53092,1.5311,1.25,1.19
2017.12.29 06:13:44.239,1.53092,1.53111,1.25,1.00
2017.12.29 06:13:45.722,1.53092,1.5311,1.25,1.00
2017.12.29 06:13:46.742,1.53092,1.53111,1.25,1.50
2017.12.29 06:13:48.957,1.53092,1.53111,1.25,1.69
2017.12.29 06:13:51.226,1.53092,1.5311,1.25,1.50
2017.12.29 06:13:51.776,1.53092,1.5311,2.06,1.00
2017.12.29 06:13:52.122,1.53093,1.53113,1.19,1.25
2017.12.29 06:13:55.000,1.53092,1.53113,1.19,2.44
2017.12.29 06:14:00.442,1.53092,1.53112,1.19,3.79
2017.12.29 06:14:00.547,1.5309,1.53109,1.00,1.25
2017.12.29 06:14:01.456,1.53089,1.53109,1.00,1.69
2017.12.29 06:14:01.508,1.53087,1.53109,2.25,2.62
2017.12.29 06:14:02.998,1.53087,1.53106,1.00,1.00
2017.12.29 06:14:03.986,1.53087,1.53106,1.25,1.19
2017.12.29 06:14:13.615,1.53087,1.53107,1.25,1.69
2017.12.29 06:14:20.985,1.53087,1.53108,1.69,1.00
2017.12.29 06:14:21.039,1.53087,1.53108,1.69,1.00
2017.12.29 06:14:21.091,1.53088,1.53109,1.25,1.12
2017.12.29 06:14:21.619,1.53088,1.53109,1.19,1.12
2017.12.29 06:14:22.546,1.53087,1.53109,1.69,1.31
2017.12.29 06:14:23.299,1.53088,1.53109,1.25,1.62
2017.12.29 06:14:23.847,1.53088,1.53109,1.25,1.31
2017.12.29 06:14:24.352,1.53088,1.53109,1.19,1.31
2017.12.29 06:14:27.697,1.53087,1.53108,1.69,1.50
2017.12.29 06:14:29.208,1.53087,1.53107,1.69,1.00
2017.12.29 06:14:29.928,1.53087,1.53108,1.69,1.50
2017.12.29 06:14:30.881,1.53087,1.53108,1.69,1.69
2017.12.29 06:14:49.308,1.53087,1.53107,1.69,1.25
2017.12.29 06:14:49.832,1.53084,1.53107,3.41,1.69
2017.12.29 06:14:49.884,1.53085,1.53104,1.19,1.00
2017.12.29 06:14:50.897,1.53084,1.53107,3.04,1.69
2017.12.29 06:14:53.075,1.53084,1.53105,2.44,1.19
2017.12.29 06:14:53.191,1.53085,1.53105,1.25,1.00
2017.12.29 06:14:53.247,1.53084,1.53102,1.19,1.19
2017.12.29 06:14:53.404,1.53082,1.53101,1.19,1.00
2017.12.29 06:14:56.124,1.5308,1.531,2.06,1.00
2017.12.29 06:14:57.237,1.5308,1.53101,2.06,2.44
2017.12.29 06:14:57.750,1.5308,1.531,2.06,1.00
2017.12.29 06:14:58.638,1.5308,1.53101,2.06,2.06
2017.12.29 06:15:00.607,1.5308,1.53101,1.31,3.00
2017.12.29 06:15:01.299,1.5308,1.531,1.31,1.50
2017.12.29 06:15:03.149,1.5308,1.53101,1.31,2.25
2017.12.29 06:15:03.881,1.5308,1.53101,3.41,1.19
2017.12.29 06:15:04.404,1.5308,1.53101,2.06,1.00
2017.12.29 06:15:04.947,1.5308,1.531,2.06,1.00
2017.12.29 06:15:09.366,1.5308,1.53101,1.31,1.31
2017.12.29 06:15:22.523,1.53081,1.53101,1.00,1.25
2017.12.29 06:15:24.058,1.5308,1.53101,2.06,1.25
2017.12.29 06:15:28.339,1.53081,1.53101,1.00,1.25
2017.12.29 06:15:29.443,1.5308,1.53101,1.25,1.25
2017.12.29 06:15:30.002,1.5308,1.531,1.69,1.00
2017.12.29 06:15:30.637,1.5308,1.53101,1.25,1.69
2017.12.29 06:15:31.517,1.5308,1.531,1.69,1.00
2017.12.29 06:15:33.679,1.5308,1.53099,1.25,1.00
2017.12.29 06:15:34.929,1.5308,1.531,1.25,1.00
2017.12.29 06:15:36.926,1.5308,1.53101,1.25,1.69
2017.12.29 06:15:37.477,1.5308,1.531,2.06,1.00
2017.12.29 06:15:38.434,1.5308,1.53101,1.31,3.19
2017.12.29 06:15:39.346,1.5308,1.531,1.31,1.19
2017.12.29 06:15:53.211,1.5308,1.531,1.25,1.00
2017.12.29 06:15:53.518,1.53081,1.53101,1.91,1.00
2017.12.29 06:15:54.247,1.5308,1.53103,1.87,1.50
2017.12.29 06:16:00.581,1.5308,1.53102,1.12,1.00
2017.12.29 06:16:01.491,1.5308,1.53098,1.12,1.00
2017.12.29 06:16:01.543,1.53079,1.53099,1.69,1.00
2017.12.29 06:16:02.645,1.53079,1.53098,1.25,1.00
2017.12.29 06:16:03.667,1.5308,1.53099,1.12,1.00
2017.12.29 06:16:03.722,1.53079,1.53098,1.69,1.00
2017.12.29 06:16:03.774,1.53079,1.531,1.69,1.00
2017.12.29 06:16:04.383,1.53079,1.53101,1.25,3.00
2017.12.29 06:16:05.042,1.53079,1.531,1.25,1.00
2017.12.29 06:16:06.055,1.53081,1.53101,1.00,1.50
2017.12.29 06:16:06.365,1.53084,1.53103,1.00,1.00
2017.12.29 06:16:07.088,1.53082,1.53102,1.12,1.00
2017.12.29 06:16:21.669,1.53083,1.53103,1.00,1.69
2017.12.29 06:16:22.315,1.53082,1.53103,1.50,1.69
2017.12.29 06:16:23.930,1.53083,1.53103,1.00,1.69
2017.12.29 06:16:24.448,1.53082,1.53102,1.00,1.50
2017.12.29 06:16:25.670,1.53082,1.53101,1.00,1.00
2017.12.29 06:16:29.632,1.53079,1.53101,2.62,1.00
2017.12.29 06:16:30.154,1.53079,1.53102,4.12,1.00
2017.12.29 06:16:30.856,1.53081,1.53102,1.00,1.00
2017.12.29 06:16:31.209,1.53084,1.53102,1.00,1.00
2017.12.29 06:16:32.564,1.53086,1.53102,1.00,1.00
2017.12.29 06:16:32.819,1.53083,1.53102,1.00,1.00
2017.12.29 06:16:34.483,1.53082,1.53102,1.50,1.00
2017.12.29 06:16:35.190,1.53083,1.53102,1.00,1.00
2017.12.29 06:16:36.104,1.5308,1.53101,1.69,1.00
2017.12.29 06:16:37.069,1.5308,1.531,1.69,1.00
2017.12.29 06:16:37.122,1.53083,1.531,1.00,1.00
2017.12.29 06:16:37.279,1.5308,1.53102,1.87,1.50
2017.12.29 06:16:37.331,1.53083,1.53102,1.50,2.25
2017.12.29 06:16:37.904,1.53082,1.53101,1.00,1.50
2017.12.29 06:16:37.958,1.53079,1.53101,5.44,1.50
2017.12.29 06:16:38.012,1.5308,1.53097,1.00,1.00
2017.12.29 06:16:38.066,1.53077,1.53097,2.44,1.19
2017.12.29 06:16:38.617,1.5308,1.53096,1.00,1.00
2017.12.29 06:16:39.039,1.5308,1.53098,1.00,1.00
2017.12.29 06:16:39.556,1.5308,1.53099,1.00,1.00
2017.12.29 06:16:39.609,1.5308,1.53101,1.00,5.25
2017.12.29 06:16:40.143,1.5308,1.531,3.00,1.00
2017.12.29 06:16:40.648,1.5308,1.53101,1.00,2.25
2017.12.29 06:16:42.137,1.5308,1.531,1.50,1.00
2017.12.29 06:16:42.756,1.5308,1.53099,1.00,1.00
2017.12.29 06:16:43.281,1.5308,1.531,1.00,2.25
2017.12.29 06:16:46.964,1.5308,1.53099,1.00,1.00
2017.12.29 06:16:47.960,1.5308,1.53098,1.00,1.50
2017.12.29 06:16:48.492,1.5308,1.53099,1.00,1.00
2017.12.29 06:16:53.269,1.5308,1.531,1.19,1.00
2017.12.29 06:16:53.574,1.53083,1.53103,1.19,1.00
2017.12.29 06:16:53.886,1.53083,1.53102,1.19,1.50
2017.12.29 06:16:54.439,1.53083,1.53101,1.19,1.00
2017.12.29 06:16:54.759,1.53083,1.53103,1.19,1.00
2017.12.29 06:16:55.318,1.53083,1.53103,1.69,1.00
2017.12.29 06:16:56.079,1.53082,1.53103,4.69,1.00
2017.12.29 06:16:56.503,1.53083,1.53103,1.19,1.00
2017.12.29 06:17:01.119,1.53085,1.53104,1.19,1.00
2017.12.29 06:17:01.900,1.53084,1.53105,2.44,1.00
2017.12.29 06:17:14.426,1.53089,1.53108,1.00,1.00
2017.12.29 06:17:14.953,1.5309,1.53109,1.25,1.00
2017.12.29 06:17:15.587,1.5309,1.5311,1.25,1.50
2017.12.29 06:17:16.128,1.5309,1.53109,1.25,1.00
2017.12.29 06:17:16.719,1.5309,1.5311,1.25,1.50
2017.12.29 06:17:17.082,1.53086,1.53109,1.69,1.50
2017.12.29 06:17:17.653,1.53087,1.53108,1.19,1.50
2017.12.29 06:17:22.092,1.53086,1.53107,1.19,1.00
2017.12.29 06:17:23.582,1.53086,1.53106,1.19,1.00
2017.12.29 06:17:24.128,1.53086,1.53107,1.19,1.50
2017.12.29 06:17:25.450,1.53086,1.53107,1.19,2.44
2017.12.29 06:17:25.954,1.53086,1.53107,1.19,1.50
2017.12.29 06:17:27.242,1.53084,1.53105,1.69,1.50
2017.12.29 06:17:27.546,1.53082,1.53101,2.25,1.00
2017.12.29 06:17:28.554,1.53082,1.53102,3.37,1.00
2017.12.29 06:17:28.658,1.53084,1.53104,1.31,1.00
2017.12.29 06:17:29.183,1.53083,1.53105,2.44,1.00
2017.12.29 06:17:29.611,1.53084,1.53107,1.31,2.25
2017.12.29 06:17:31.455,1.53084,1.53104,1.31,1.00
2017.12.29 06:17:32.174,1.53084,1.53103,1.31,1.00
2017.12.29 06:17:33.069,1.53084,1.53105,2.06,1.00
2017.12.29 06:17:34.116,1.53084,1.53106,1.31,3.00
2017.12.29 06:17:35.350,1.53084,1.53106,1.31,3.00
2017.12.29 06:17:35.888,1.53084,1.53105,1.31,1.50
2017.12.29 06:17:36.438,1.53084,1.53106,1.31,3.00
2017.12.29 06:17:36.948,1.53084,1.53103,1.31,1.00
2017.12.29 06:17:37.454,1.53084,1.53104,1.31,1.00
2017.12.29 06:17:38.000,1.53084,1.53103,1.31,1.00
2017.12.29 06:17:41.076,1.53084,1.53105,1.31,1.00
2017.12.29 06:17:41.577,1.53084,1.53104,1.31,1.00
2017.12.29 06:17:42.740,1.53084,1.53105,1.31,1.00
2017.12.29 06:17:43.366,1.53084,1.53104,1.31,1.00
2017.12.29 06:17:43.905,1.53084,1.53105,1.19,1.50
2017.12.29 06:17:46.072,1.53084,1.53104,1.37,1.00
2017.12.29 06:17:46.130,1.53085,1.53107,1.87,2.25
2017.12.29 06:17:46.721,1.53085,1.53107,1.87,2.25
2017.12.29 06:17:48.721,1.53085,1.53106,2.81,1.00
2017.12.29 06:17:48.773,1.53085,1.53106,2.44,1.00
2017.12.29 06:17:48.981,1.53085,1.53104,2.06,1.00
2017.12.29 06:17:49.695,1.53085,1.53105,2.81,1.00
2017.12.29 06:17:50.902,1.53085,1.53106,1.31,1.50
2017.12.29 06:17:52.619,1.53089,1.53106,1.00,1.50
2017.12.29 06:17:53.166,1.53089,1.53105,1.00,1.00
2017.12.29 06:17:53.710,1.53089,1.53104,1.00,1.00
2017.12.29 06:17:54.941,1.53089,1.53106,1.00,1.50
2017.12.29 06:17:55.251,1.53089,1.53104,1.00,1.00
2017.12.29 06:17:55.651,1.53089,1.53103,1.00,1.19
2017.12.29 06:17:55.863,1.53086,1.53101,1.00,1.50
2017.12.29 06:17:55.970,1.53084,1.53099,1.00,1.50
2017.12.29 06:17:56.023,1.53081,1.53097,1.00,1.50
2017.12.29 06:17:56.184,1.53081,1.531,1.25,1.12
2017.12.29 06:17:56.416,1.53084,1.53099,1.00,1.00
2017.12.29 06:17:56.935,1.53084,1.531,1.00,1.00
2017.12.29 06:17:57.262,1.5308,1.531,1.25,2.10
2017.12.29 06:17:58.025,1.5308,1.53097,1.25,1.00
2017.12.29 06:18:01.450,1.5308,1.53097,1.19,1.00
2017.12.29 06:18:01.759,1.53076,1.53092,1.00,1.19
2017.12.29 06:18:02.056,1.53073,1.53089,1.00,1.00
2017.12.29 06:18:04.649,1.53073,1.53087,1.00,1.00
2017.12.29 06:18:05.183,1.53073,1.53088,1.00,1.50
2017.12.29 06:18:06.323,1.53073,1.5309,1.00,1.50
2017.12.29 06:18:06.375,1.53077,1.5309,1.12,1.00
2017.12.29 06:18:06.429,1.53079,1.53093,1.00,1.00
2017.12.29 06:18:06.481,1.53083,1.53093,1.37,1.00
2017.12.29 06:18:06.535,1.53082,1.53098,1.50,1.00
2017.12.29 06:18:06.592,1.53085,1.531,1.00,1.00
2017.12.29 06:18:06.701,1.53086,1.53105,1.00,3.00
2017.12.29 06:18:06.755,1.53087,1.53105,1.00,2.06
2017.12.29 06:18:06.965,1.53083,1.53101,1.19,1.19
2017.12.29 06:18:07.402,1.53087,1.531,1.00,1.00
2017.12.29 06:18:07.507,1.53093,1.53111,1.75,1.50
2017.12.29 06:18:07.922,1.53097,1.53113,1.00,1.87
2017.12.29 06:18:08.316,1.53099,1.53113,1.00,1.50
2017.12.29 06:18:11.178,1.53099,1.53112,1.00,1.00
2017.12.29 06:18:12.767,1.53099,1.53113,1.00,1.50
2017.12.29 06:18:20.723,1.53099,1.53114,1.00,1.50
2017.12.29 06:18:20.778,1.53099,1.53117,1.00,1.00
2017.12.29 06:18:20.834,1.53102,1.53114,1.00,1.00
2017.12.29 06:18:20.954,1.53098,1.53115,1.00,1.87
2017.12.29 06:18:21.006,1.53096,1.53112,1.00,1.50
2017.12.29 06:18:21.525,1.53096,1.53115,1.00,1.37
2017.12.29 06:18:22.386,1.53096,1.53115,1.00,1.25
2017.12.29 06:18:26.235,1.531,1.53116,1.00,1.00
2017.12.29 06:18:29.484,1.531,1.53115,1.00,1.00
2017.12.29 06:18:30.299,1.531,1.53116,1.00,1.50
2017.12.29 06:18:32.122,1.531,1.53115,1.00,1.00
2017.12.29 06:18:32.654,1.531,1.53116,1.00,1.00
2017.12.29 06:18:32.999,1.531,1.53118,1.00,2.10
2017.12.29 06:18:33.532,1.531,1.53117,1.00,1.00
2017.12.29 06:18:34.219,1.531,1.53118,1.00,2.10
2017.12.29 06:18:36.291,1.531,1.53117,1.00,1.00
2017.12.29 06:18:39.053,1.531,1.53118,1.00,1.35
2017.12.29 06:18:46.236,1.531,1.53117,1.25,1.00
2017.12.29 06:18:46.946,1.531,1.53118,1.25,1.35
2017.12.29 06:18:51.559,1.531,1.53118,1.25,1.60
2017.12.29 06:18:52.649,1.53102,1.5312,1.00,3.60
2017.12.29 06:19:05.820,1.53102,1.5312,1.00,1.50
2017.12.29 06:19:06.046,1.53104,1.53121,1.31,1.00
2017.12.29 06:19:06.099,1.53106,1.53126,1.19,1.69
2017.12.29 06:19:06.152,1.53108,1.53126,1.69,1.19
2017.12.29 06:19:06.960,1.53108,1.53126,1.19,1.19
2017.12.29 06:19:09.416,1.53108,1.53124,1.19,1.00
2017.12.29 06:19:09.973,1.53108,1.53125,1.19,1.69
2017.12.29 06:19:10.325,1.53108,1.53125,1.69,1.00
2017.12.29 06:19:10.430,1.53109,1.53128,2.44,1.00
2017.12.29 06:19:15.429,1.53109,1.5313,2.44,1.25
2017.12.29 06:19:16.475,1.53109,1.53129,4.12,1.00
2017.12.29 06:19:16.708,1.53109,1.5313,3.19,1.69
2017.12.29 06:19:17.238,1.53109,1.53129,2.44,1.00
2017.12.29 06:19:17.762,1.53109,1.5313,2.44,2.06
2017.12.29 06:19:18.299,1.53109,1.53129,2.44,1.00
2017.12.29 06:19:18.807,1.53109,1.5313,1.69,2.06
2017.12.29 06:19:19.670,1.53109,1.53129,2.44,1.00
2017.12.29 06:19:19.722,1.53109,1.53127,1.25,1.00
2017.12.29 06:19:20.568,1.53109,1.53128,1.25,1.50
2017.12.29 06:19:21.224,1.53105,1.53124,1.87,1.25
2017.12.29 06:19:21.537,1.53102,1.53121,1.19,1.00
2017.12.29 06:19:21.590,1.53103,1.53123,1.19,1.00
2017.12.29 06:19:21.694,1.53105,1.53125,2.62,1.00
2017.12.29 06:19:21.850,1.53106,1.53128,1.00,3.00
2017.12.29 06:19:22.438,1.53107,1.53128,1.00,2.25
2017.12.29 06:19:23.757,1.53107,1.53127,1.00,1.00
2017.12.29 06:19:24.375,1.53107,1.53128,1.50,2.25
2017.12.29 06:19:24.531,1.53109,1.53128,1.00,1.00
2017.12.29 06:19:30.385,1.53109,1.53129,1.00,2.25
2017.12.29 06:19:31.480,1.53109,1.53128,1.00,1.00
2017.12.29 06:19:32.008,1.53109,1.53129,1.00,2.25
2017.12.29 06:19:33.756,1.53108,1.53129,1.31,3.00
2017.12.29 06:19:37.020,1.53108,1.53128,1.25,1.00
2017.12.29 06:19:38.007,1.53108,1.53129,1.69,1.50
2017.12.29 06:19:38.527,1.5311,1.5313,1.00,1.50
2017.12.29 06:19:39.091,1.5311,1.53131,1.50,3.19
2017.12.29 06:19:41.124,1.5311,1.53129,1.50,1.00
2017.12.29 06:19:41.458,1.5311,1.53129,1.00,1.69
2017.12.29 06:19:41.987,1.53109,1.53127,1.00,1.19
2017.12.29 06:19:43.532,1.5311,1.53127,1.00,1.19
2017.12.29 06:19:44.099,1.53109,1.53127,1.69,1.19
2017.12.29 06:19:45.902,1.5311,1.53127,1.00,1.19
2017.12.29 06:19:46.158,1.53109,1.53129,1.69,1.87
2017.12.29 06:19:46.686,1.5311,1.53128,1.00,1.00
2017.12.29 06:19:46.820,1.53113,1.53128,1.00,1.00
2017.12.29 06:19:47.183,1.53109,1.53129,1.69,1.00
2017.12.29 06:19:47.235,1.53109,1.53131,1.69,2.62
2017.12.29 06:19:47.390,1.53114,1.53131,1.00,3.37
2017.12.29 06:19:47.883,1.53112,1.53131,1.00,2.62
2017.12.29 06:19:48.362,1.53109,1.53131,1.25,1.87
2017.12.29 06:19:48.691,1.53112,1.53131,1.00,2.62
2017.12.29 06:19:49.129,1.53109,1.53131,1.69,3.37
2017.12.29 06:19:49.387,1.53113,1.53131,1.00,3.37
2017.12.29 06:19:49.915,1.53114,1.53131,1.00,3.37
2017.12.29 06:19:50.443,1.53113,1.53131,1.00,1.50
2017.12.29 06:19:50.638,1.53109,1.53131,1.87,2.25
2017.12.29 06:19:50.947,1.53112,1.53131,1.00,1.50
2017.12.29 06:19:51.568,1.53113,1.53131,1.00,2.25
2017.12.29 06:19:52.113,1.53112,1.53131,1.00,1.50
2017.12.29 06:19:53.566,1.53113,1.53131,1.00,3.00
2017.12.29 06:19:54.371,1.53112,1.53131,1.00,1.00
2017.12.29 06:19:54.919,1.53113,1.53132,1.00,2.06
2017.12.29 06:19:55.457,1.5311,1.53132,1.00,2.06
2017.12.29 06:19:55.663,1.53114,1.53132,1.00,2.06
2017.12.29 06:19:56.142,1.53109,1.53132,3.00,2.44
2017.12.29 06:19:56.245,1.53109,1.5313,3.56,1.00
2017.12.29 06:19:56.562,1.53111,1.5313,1.19,1.00
2017.12.29 06:19:57.116,1.53111,1.53131,1.19,1.00
2017.12.29 06:20:01.084,1.53112,1.53132,1.19,2.44
2017.12.29 06:20:01.964,1.53111,1.53131,1.69,1.00
2017.12.29 06:20:02.511,1.53112,1.53132,1.19,2.44
2017.12.29 06:20:03.018,1.53111,1.53131,1.19,1.00
2017.12.29 06:20:05.724,1.5311,1.53132,2.81,2.44
2017.12.29 06:20:06.337,1.53111,1.53131,1.19,1.00
2017.12.29 06:20:06.861,1.53112,1.53133,1.44,2.25
2017.12.29 06:20:07.659,1.53112,1.53133,1.69,1.50
2017.12.29 06:20:07.892,1.53114,1.53133,1.50,1.00
2017.12.29 06:20:07.997,1.53112,1.53133,3.19,1.00
2017.12.29 06:20:12.576,1.53113,1.53133,1.00,1.50
2017.12.29 06:20:13.471,1.53114,1.53133,1.00,1.50
2017.12.29 06:20:14.068,1.53112,1.53133,3.56,1.00
2017.12.29 06:20:14.172,1.53115,1.53133,1.00,1.50
2017.12.29 06:20:14.712,1.53114,1.53133,2.25,1.50
2017.12.29 06:20:15.067,1.53115,1.53133,1.19,1.00
2017.12.29 06:20:19.169,1.53114,1.53134,2.81,1.00
2017.12.29 06:20:24.815,1.53114,1.53133,2.81,1.00
2017.12.29 06:20:25.544,1.53114,1.53134,1.19,1.50
2017.12.29 06:20:26.067,1.53114,1.53133,1.69,1.00
2017.12.29 06:20:27.162,1.53114,1.53133,1.19,1.00
2017.12.29 06:20:27.670,1.53114,1.53132,1.19,1.00
2017.12.29 06:20:28.205,1.53114,1.53133,1.69,1.87
2017.12.29 06:20:28.687,1.53114,1.53131,1.19,1.50
2017.12.29 06:20:29.206,1.53114,1.5313,1.19,1.00
2017.12.29 06:20:30.476,1.53114,1.53131,1.19,1.50
2017.12.29 06:20:31.006,1.53114,1.5313,1.69,1.00
2017.12.29 06:20:32.154,1.53114,1.53131,1.19,1.00
2017.12.29 06:20:33.095,1.53114,1.53133,1.69,1.50
2017.12.29 06:20:34.576,1.53114,1.53134,1.19,1.00
2017.12.29 06:20:35.122,1.53114,1.53133,1.19,1.00
2017.12.29 06:20:35.667,1.53114,1.53134,1.19,1.00
2017.12.29 06:20:36.378,1.53114,1.53133,1.19,1.00
2017.12.29 06:20:37.129,1.53114,1.53134,1.19,1.00
2017.12.29 06:20:40.012,1.53114,1.53133,1.44,1.00
2017.12.29 06:20:41.513,1.53112,1.53131,1.00,1.00
2017.12.29 06:20:41.775,1.53112,1.5313,1.00,1.19
2017.12.29 06:20:42.285,1.53112,1.53128,1.00,1.00
2017.12.29 06:20:45.439,1.53112,1.53129,1.00,1.25
2017.12.29 06:20:52.593,1.53112,1.5313,1.19,1.19
2017.12.29 06:20:53.121,1.53112,1.53131,1.19,2.81
2017.12.29 06:20:53.574,1.53112,1.53131,1.19,2.06
2017.12.29 06:20:55.392,1.53112,1.53131,1.19,2.81
2017.12.29 06:21:01.795,1.53105,1.53127,4.50,1.69
2017.12.29 06:21:01.902,1.53106,1.53125,1.19,1.50
2017.12.29 06:21:02.011,1.53104,1.53125,2.44,3.00
2017.12.29 06:21:02.222,1.53105,1.53125,1.69,1.12
2017.12.29 06:21:02.746,1.53107,1.53125,1.25,1.12
2017.12.29 06:21:03.864,1.53107,1.53128,1.25,1.87
2017.12.29 06:21:04.175,1.53106,1.53126,1.19,1.00
2017.12.29 06:21:04.799,1.53106,1.53125,1.19,1.00
2017.12.29 06:21:05.634,1.53106,1.53126,1.19,1.00
2017.12.29 06:21:15.628,1.53106,1.53125,1.19,1.00
2017.12.29 06:21:15.945,1.531,1.5312,1.19,1.00
2017.12.29 06:21:16.499,1.531,1.53121,1.19,1.87
2017.12.29 06:21:17.013,1.531,1.5312,1.19,1.00
2017.12.29 06:21:18.060,1.531,1.53121,2.62,1.12
2017.12.29 06:21:18.585,1.53101,1.5312,1.19,1.00
2017.12.29 06:21:19.528,1.531,1.53121,1.19,2.62
2017.12.29 06:21:20.277,1.531,1.5312,1.19,1.00
2017.12.29 06:21:22.591,1.53102,1.5312,1.19,1.00
2017.12.29 06:21:22.645,1.53103,1.53123,1.19,2.25
2017.12.29 06:21:22.905,1.53101,1.5312,1.31,1.00
2017.12.29 06:21:23.166,1.531,1.5312,1.69,1.00
2017.12.29 06:21:23.684,1.531,1.53121,1.25,2.44
2017.12.29 06:21:24.294,1.531,1.53121,1.25,3.19
2017.12.29 06:21:29.040,1.531,1.53119,1.25,1.00
2017.12.29 06:21:36.177,1.53101,1.53119,1.00,1.00
2017.12.29 06:21:37.058,1.531,1.53119,1.25,1.00
2017.12.29 06:21:37.584,1.53101,1.53119,1.00,1.00
2017.12.29 06:21:39.009,1.531,1.53119,1.25,1.00
2017.12.29 06:21:40.339,1.53101,1.53119,1.00,1.00
2017.12.29 06:21:46.139,1.531,1.53119,1.25,1.50
2017.12.29 06:21:50.804,1.53101,1.53119,1.00,1.50
2017.12.29 06:21:51.318,1.531,1.53119,1.25,1.50
2017.12.29 06:21:51.846,1.53101,1.53119,1.00,1.50
2017.12.29 06:21:56.487,1.53101,1.53116,1.25,1.00
2017.12.29 06:22:06.498,1.53102,1.53116,1.00,1.00
2017.12.29 06:22:07.230,1.531,1.53116,1.19,1.00
2017.12.29 06:22:25.301,1.53099,1.53116,1.19,1.00
2017.12.29 06:22:25.894,1.53099,1.53116,1.19,1.00
2017.12.29 06:22:34.716,1.53098,1.53115,1.00,1.00
2017.12.29 06:22:34.864,1.53097,1.53112,1.00,1.00
2017.12.29 06:22:34.917,1.53094,1.5311,1.25,1.00
2017.12.29 06:22:35.022,1.53095,1.5311,1.19,1.00
2017.12.29 06:22:35.075,1.53097,1.53112,1.00,1.50
2017.12.29 06:22:35.600,1.53096,1.53112,1.25,1.50
2017.12.29 06:22:44.360,1.53094,1.5311,1.00,1.00
2017.12.29 06:22:44.728,1.53096,1.5311,1.00,1.00
2017.12.29 06:22:48.944,1.53095,1.5311,1.25,1.00
2017.12.29 06:22:49.424,1.53093,1.53107,1.00,1.00
2017.12.29 06:22:49.582,1.5309,1.53107,1.00,1.00
2017.12.29 06:22:49.687,1.53089,1.53105,1.25,1.00
2017.12.29 06:22:50.171,1.53085,1.53103,1.44,1.50
2017.12.29 06:22:50.713,1.53083,1.53103,2.06,1.00
2017.12.29 06:22:51.489,1.53083,1.53101,1.56,1.00
2017.12.29 06:22:51.884,1.53086,1.53101,1.69,1.00
2017.12.29 06:22:54.767,1.53088,1.53104,1.19,1.00
2017.12.29 06:22:54.873,1.53086,1.53104,1.19,1.50
2017.12.29 06:22:55.418,1.53086,1.53104,1.25,2.25
2017.12.29 06:22:56.601,1.53086,1.53102,1.25,1.00
2017.12.29 06:22:59.813,1.53086,1.531,1.25,1.00
2017.12.29 06:23:00.365,1.53082,1.53098,1.00,1.00
2017.12.29 06:23:00.781,1.53083,1.53096,1.00,1.00
2017.12.29 06:23:01.329,1.53082,1.53097,1.00,1.00
2017.12.29 06:23:04.306,1.53082,1.53096,1.44,1.00
2017.12.29 06:23:04.358,1.53083,1.53101,1.19,1.00
2017.12.29 06:23:04.775,1.53084,1.53103,1.25,1.00
2017.12.29 06:23:07.609,1.53085,1.53103,1.05,1.00
2017.12.29 06:23:07.716,1.53088,1.53105,1.00,1.00
2017.12.29 06:23:07.969,1.53086,1.53105,1.00,1.50
2017.12.29 06:23:08.501,1.53085,1.53105,1.00,1.50
2017.12.29 06:23:09.276,1.53085,1.53104,1.00,1.00
2017.12.29 06:23:09.561,1.53087,1.53104,1.25,1.00
2017.12.29 06:23:10.098,1.53087,1.53105,1.25,1.00
2017.12.29 06:23:13.060,1.53087,1.53104,1.25,1.00
2017.12.29 06:23:15.755,1.53087,1.53103,1.25,1.00
2017.12.29 06:23:16.503,1.53087,1.53104,1.25,1.00
2017.12.29 06:23:17.913,1.53086,1.53101,1.00,1.00
2017.12.29 06:23:18.018,1.53085,1.53103,1.25,2.25
2017.12.29 06:23:19.378,1.53085,1.53102,1.25,1.00
2017.12.29 06:23:19.879,1.53085,1.53103,1.25,2.25
2017.12.29 06:23:22.337,1.53085,1.53102,1.25,1.00
2017.12.29 06:23:24.275,1.53086,1.53103,1.37,1.50
2017.12.29 06:23:24.433,1.53087,1.53105,1.44,1.00
2017.12.29 06:23:24.538,1.53088,1.53107,1.25,2.25
2017.12.29 06:23:24.591,1.5309,1.53107,1.00,2.25
2017.12.29 06:23:25.668,1.5309,1.53106,1.00,1.00
2017.12.29 06:23:29.900,1.53089,1.53105,1.25,1.00
2017.12.29 06:23:30.440,1.53089,1.53104,1.25,1.00
2017.12.29 06:23:32.771,1.53089,1.53105,1.00,1.00
2017.12.29 06:23:33.563,1.53089,1.53104,1.00,1.00
2017.12.29 06:23:34.160,1.5309,1.53104,1.00,1.00
2017.12.29 06:23:35.418,1.5309,1.53105,1.00,1.00
2017.12.29 06:23:36.507,1.53089,1.53106,1.50,1.50
2017.12.29 06:23:40.721,1.53089,1.53107,1.25,1.87
2017.12.29 06:23:42.567,1.53089,1.53106,1.25,1.00
2017.12.29 06:23:43.117,1.53089,1.53107,1.25,1.87
2017.12.29 06:23:44.338,1.53089,1.53106,1.25,1.00
2017.12.29 06:23:44.853,1.53089,1.53107,1.25,2.62
2017.12.29 06:23:45.366,1.53089,1.53106,1.25,1.00
2017.12.29 06:23:45.928,1.5309,1.53107,1.00,1.12
2017.12.29 06:23:46.459,1.5309,1.53104,1.00,1.00
2017.12.29 06:23:47.082,1.5309,1.53105,1.00,1.00
2017.12.29 06:23:47.395,1.53087,1.53101,1.00,1.00
2017.12.29 06:23:47.707,1.53085,1.53098,1.19,1.00
2017.12.29 06:23:48.344,1.53084,1.53099,1.69,1.00
2017.12.29 06:23:49.575,1.53084,1.53098,1.69,1.00
2017.12.29 06:23:50.331,1.53084,1.53097,1.19,1.00
2017.12.29 06:23:50.975,1.53084,1.53098,1.19,1.00
2017.12.29 06:23:51.591,1.53084,1.53099,1.19,1.00
2017.12.29 06:23:52.236,1.53084,1.53098,1.19,1.00
2017.12.29 06:23:53.356,1.53084,1.53101,1.19,1.00
2017.12.29 06:23:57.157,1.53084,1.53102,1.19,3.00
2017.12.29 06:23:57.210,1.53082,1.53097,1.25,1.50
2017.12.29 06:23:57.730,1.53081,1.53096,1.25,1.00
2017.12.29 06:23:58.043,1.53078,1.53094,1.87,1.00
2017.12.29 06:23:58.367,1.53078,1.53098,1.69,1.00
2017.12.29 06:23:58.896,1.53078,1.53097,3.56,1.00
2017.12.29 06:23:59.461,1.53079,1.53096,1.50,1.00
2017.12.29 06:23:59.981,1.53079,1.53097,1.50,1.00
2017.12.29 06:24:00.033,1.53079,1.53099,2.10,1.50
2017.12.29 06:24:00.593,1.53079,1.53098,1.50,1.00
2017.12.29 06:24:01.134,1.53079,1.53097,1.50,1.00
2017.12.29 06:24:01.659,1.53079,1.53098,1.50,1.00
2017.12.29 06:24:02.202,1.53079,1.53099,3.00,1.00
2017.12.29 06:24:12.949,1.53081,1.53099,1.19,1.00
2017.12.29 06:24:13.052,1.53081,1.53101,1.69,1.00
2017.12.29 06:24:13.582,1.53081,1.53102,1.69,3.00
2017.12.29 06:24:14.618,1.53081,1.53102,1.19,3.37
2017.12.29 06:24:15.304,1.53081,1.53101,1.19,1.50
2017.12.29 06:24:17.160,1.53081,1.531,1.19,1.00
2017.12.29 06:24:17.942,1.53081,1.53099,1.19,1.00
2017.12.29 06:24:18.721,1.53081,1.531,1.19,1.00
2017.12.29 06:24:18.970,1.53077,1.53099,2.44,1.69
2017.12.29 06:24:19.023,1.53076,1.53096,1.00,1.50
2017.12.29 06:24:19.594,1.53076,1.53095,1.19,1.00
2017.12.29 06:24:20.254,1.53076,1.53096,1.19,1.00
2017.12.29 06:24:20.886,1.53076,1.53095,1.19,1.00
2017.12.29 06:24:21.143,1.53076,1.53097,1.69,1.50
2017.12.29 06:24:22.611,1.53078,1.53097,1.00,1.00
2017.12.29 06:24:24.708,1.53079,1.531,1.00,2.44
2017.12.29 06:24:29.797,1.53081,1.531,1.00,1.69
2017.12.29 06:24:30.493,1.53082,1.531,1.00,2.44
2017.12.29 06:24:31.478,1.5308,1.531,1.00,2.44
2017.12.29 06:24:31.684,1.53082,1.53102,1.00,1.00
2017.12.29 06:24:31.737,1.53085,1.53103,1.00,1.25
2017.12.29 06:24:32.378,1.53086,1.53106,1.00,3.04
2017.12.29 06:24:34.005,1.53085,1.53105,1.69,1.69
2017.12.29 06:24:34.299,1.53085,1.53105,1.69,1.25
2017.12.29 06:24:34.433,1.53082,1.53101,1.69,1.19
2017.12.29 06:24:34.486,1.53081,1.53101,1.25,2.06
2017.12.29 06:24:34.642,1.53078,1.53099,1.00,1.00
2017.12.29 06:24:35.164,1.53078,1.53097,1.00,1.00
2017.12.29 06:24:36.490,1.53078,1.53099,1.50,1.00
2017.12.29 06:24:37.116,1.53078,1.53099,1.69,1.00
2017.12.29 06:24:46.502,1.53078,1.53098,1.25,1.50
2017.12.29 06:24:48.138,1.53081,1.53099,1.00,2.25
2017.12.29 06:24:48.345,1.53079,1.53099,1.50,1.50
2017.12.29 06:24:49.676,1.53078,1.53099,2.44,1.69
2017.12.29 06:24:50.188,1.53079,1.53099,1.00,1.69
2017.12.29 06:24:50.597,1.53079,1.53097,1.50,1.00
2017.12.29 06:24:50.649,1.53079,1.53099,1.00,1.69
2017.12.29 06:24:51.230,1.53078,1.53099,2.44,1.69
2017.12.29 06:24:51.740,1.53079,1.53099,1.00,1.69
2017.12.29 06:24:53.146,1.5308,1.53099,1.00,1.69
2017.12.29 06:24:53.661,1.53079,1.53099,1.00,1.69
2017.12.29 06:24:54.167,1.5308,1.53099,1.00,1.69
2017.12.29 06:24:54.789,1.53082,1.53099,1.00,1.69
2017.12.29 06:24:55.794,1.53083,1.53099,1.00,1.69
2017.12.29 06:24:56.052,1.5308,1.53099,1.00,1.69
2017.12.29 06:24:58.565,1.53088,1.53102,1.00,1.50
2017.12.29 06:24:58.677,1.53089,1.53104,1.25,1.00
2017.12.29 06:24:59.187,1.53088,1.53105,1.25,1.00
2017.12.29 06:24:59.709,1.53089,1.53105,1.00,1.00
2017.12.29 06:25:00.414,1.53088,1.53105,1.25,1.00
2017.12.29 06:25:00.924,1.53089,1.53105,1.00,1.00
2017.12.29 06:25:02.390,1.53088,1.53105,1.25,1.00
2017.12.29 06:25:03.365,1.53089,1.53105,1.00,1.00
2017.12.29 06:25:03.418,1.53089,1.53108,1.00,3.04
2017.12.29 06:25:04.601,1.53089,1.53108,1.00,4.91
2017.12.29 06:25:05.159,1.53086,1.53106,1.69,1.12
2017.12.29 06:25:05.978,1.53085,1.53104,1.19,1.00
2017.12.29 06:25:06.030,1.53083,1.53104,1.19,1.00
2017.12.29 06:25:06.564,1.53085,1.53104,1.00,1.00
2017.12.29 06:25:07.204,1.53086,1.53104,1.00,1.00
2017.12.29 06:25:14.089,1.53087,1.53104,1.00,1.00
2017.12.29 06:25:14.142,1.53087,1.53106,1.00,2.25
2017.12.29 06:25:14.453,1.53089,1.53106,1.00,1.00
2017.12.29 06:25:15.189,1.53088,1.53106,1.00,1.00
2017.12.29 06:25:16.475,1.53086,1.53106,1.87,1.00
2017.12.29 06:25:20.367,1.53089,1.53106,1.00,1.50
2017.12.29 06:25:20.911,1.53088,1.53107,1.00,1.50
2017.12.29 06:25:22.638,1.53089,1.53107,1.00,1.50
2017.12.29 06:25:23.480,1.53088,1.53107,1.00,1.50
2017.12.29 06:25:25.363,1.53089,1.53107,1.00,2.62
2017.12.29 06:25:26.951,1.53087,1.53107,1.00,2.25
2017.12.29 06:25:27.896,1.53086,1.53107,2.25,2.25
2017.12.29 06:25:28.405,1.53087,1.53107,1.00,2.62
2017.12.29 06:25:29.381,1.53086,1.53107,1.50,2.25
2017.12.29 06:25:30.260,1.53087,1.53107,1.00,2.25
2017.12.29 06:25:31.494,1.53089,1.53107,1.00,2.25
2017.12.29 06:25:35.063,1.53088,1.53107,1.00,2.25
2017.12.29 06:25:36.218,1.53089,1.53107,1.00,1.50
2017.12.29 06:25:36.811,1.53088,1.53107,1.00,1.50
2017.12.29 06:25:37.352,1.53089,1.53107,1.00,1.50
2017.12.29 06:25:37.858,1.53088,1.53107,1.00,1.50
2017.12.29 06:25:41.485,1.53089,1.53107,1.00,1.50
2017.12.29 06:25:46.641,1.53087,1.53106,1.50,1.00
2017.12.29 06:25:47.706,1.53086,1.53106,2.25,1.00
2017.12.29 06:25:49.851,1.53087,1.53106,1.00,1.00
2017.12.29 06:25:51.615,1.53086,1.53106,2.25,1.00
2017.12.29 06:25:52.535,1.53087,1.53106,1.50,1.00
2017.12.29 06:25:54.781,1.53087,1.53107,1.50,2.25
2017.12.29 06:25:54.935,1.5309,1.53107,1.00,1.00
2017.12.29 06:25:55.528,1.53089,1.53107,1.00,1.00
2017.12.29 06:25:56.041,1.5309,1.53107,1.00,1.00
2017.12.29 06:25:56.780,1.53089,1.53107,1.00,1.00
2017.12.29 06:25:58.639,1.5309,1.53107,1.00,1.00
2017.12.29 06:26:00.620,1.53089,1.53107,1.00,1.00
2017.12.29 06:26:02.322,1.5309,1.53107,1.00,1.00
2017.12.29 06:26:05.600,1.5309,1.53108,2.29,1.00
2017.12.29 06:26:05.757,1.53097,1.53116,1.00,1.00
2017.12.29 06:26:05.808,1.53098,1.53117,1.19,1.00
2017.12.29 06:26:12.386,1.531,1.53119,1.00,1.50
2017.12.29 06:26:12.439,1.53102,1.5312,1.50,1.00
2017.12.29 06:26:12.492,1.53102,1.53123,1.50,1.50
2017.12.29 06:26:12.597,1.53102,1.53123,2.44,1.00
2017.12.29 06:26:12.893,1.53109,1.53129,1.19,1.00
2017.12.29 06:26:15.713,1.53108,1.53129,2.44,1.00
2017.12.29 06:26:15.820,1.53108,1.53129,1.19,1.50
2017.12.29 06:26:15.873,1.53106,1.53125,2.06,1.00
2017.12.29 06:26:16.016,1.53106,1.53125,1.00,1.00
2017.12.29 06:26:16.544,1.53106,1.53126,1.00,1.00
2017.12.29 06:26:18.177,1.53106,1.53125,1.00,1.00
2017.12.29 06:26:21.308,1.53106,1.53126,1.00,1.50
2017.12.29 06:26:23.955,1.53106,1.53125,1.00,1.00
2017.12.29 06:26:24.459,1.53106,1.53126,1.00,1.50
2017.12.29 06:26:25.030,1.53106,1.53125,1.00,1.00
2017.12.29 06:26:33.451,1.53104,1.53125,1.00,1.50
2017.12.29 06:26:39.540,1.53101,1.53122,2.44,2.25
2017.12.29 06:26:39.755,1.53098,1.53118,1.00,1.00
2017.12.29 06:26:44.437,1.53098,1.53119,1.00,1.50
2017.12.29 06:26:44.654,1.531,1.53119,1.50,1.50
2017.12.29 06:26:45.349,1.53101,1.53119,1.25,1.50
2017.12.29 06:26:57.779,1.53102,1.53119,1.00,1.00
2017.12.29 06:27:00.403,1.53101,1.53119,1.25,1.00
2017.12.29 06:27:00.958,1.53099,1.53118,1.19,1.12
2017.12.29 06:27:01.270,1.53098,1.53116,1.25,1.00
2017.12.29 06:27:01.752,1.53098,1.53118,1.25,1.50
2017.12.29 06:27:06.990,1.531,1.53118,1.00,1.50
2017.12.29 06:27:10.700,1.53099,1.53118,1.50,1.50
2017.12.29 06:27:12.695,1.531,1.53118,1.00,1.50
2017.12.29 06:27:27.038,1.53099,1.53119,1.50,2.06
2017.12.29 06:27:29.207,1.531,1.53119,1.00,2.06
2017.12.29 06:27:34.946,1.53099,1.53119,1.00,2.06
2017.12.29 06:27:37.684,1.531,1.53119,1.00,2.06
2017.12.29 06:27:39.332,1.53099,1.53119,1.50,2.06
2017.12.29 06:27:39.838,1.531,1.53119,1.00,1.31
2017.12.29 06:27:41.620,1.53101,1.5312,1.00,1.69
2017.12.29 06:27:42.139,1.53102,1.53121,1.00,1.69
2017.12.29 06:27:42.644,1.53101,1.53121,1.50,1.69
2017.12.29 06:27:45.779,1.53102,1.5312,1.00,1.31
2017.12.29 06:27:46.479,1.53101,1.53119,1.00,1.25
2017.12.29 06:27:47.021,1.53102,1.53119,1.00,1.25
2017.12.29 06:27:48.515,1.53101,1.53119,1.00,1.25
2017.12.29 06:27:56.731,1.53102,1.53119,1.00,1.25
2017.12.29 06:27:57.352,1.53101,1.53119,1.00,1.25
2017.12.29 06:28:00.319,1.53101,1.53118,1.00,1.00
2017.12.29 06:28:01.531,1.53102,1.53118,1.00,1.00
2017.12.29 06:28:02.344,1.53102,1.5312,1.00,1.12
2017.12.29 06:28:02.886,1.53101,1.5312,1.00,1.12
2017.12.29 06:28:03.427,1.53102,1.5312,1.00,1.12
2017.12.29 06:28:09.079,1.53101,1.53122,1.19,3.00
2017.12.29 06:28:20.371,1.53102,1.53121,1.25,1.00
2017.12.29 06:28:24.550,1.53101,1.5312,1.19,1.00
2017.12.29 06:28:25.013,1.53102,1.5312,1.19,1.00
2017.12.29 06:28:25.322,1.53102,1.53116,1.19,1.00
2017.12.29 06:28:25.374,1.53101,1.5312,1.19,1.00
2017.12.29 06:28:25.982,1.53102,1.53119,1.19,1.00
2017.12.29 06:28:26.567,1.53102,1.5312,1.19,1.00
2017.12.29 06:28:27.035,1.53102,1.53117,1.19,1.00
2017.12.29 06:28:27.087,1.53102,1.5312,1.19,1.00
2017.12.29 06:28:27.593,1.53103,1.53121,1.19,1.00
2017.12.29 06:28:27.747,1.53102,1.53119,1.19,1.00
2017.12.29 06:28:28.098,1.53102,1.53121,1.19,1.00
2017.12.29 06:28:28.426,1.53102,1.53119,1.19,1.00
2017.12.29 06:28:29.426,1.53102,1.53121,1.19,1.50
2017.12.29 06:28:30.424,1.53102,1.5312,1.19,1.00
2017.12.29 06:28:32.459,1.53102,1.53121,1.19,1.00
2017.12.29 06:28:33.378,1.53102,1.53122,1.19,3.75
2017.12.29 06:28:33.430,1.53103,1.5312,1.19,1.00
2017.12.29 06:28:34.121,1.53103,1.53119,1.19,1.00
2017.12.29 06:28:34.669,1.53103,1.5312,1.19,1.00
2017.12.29 06:28:36.618,1.53102,1.53119,1.19,1.00
2017.12.29 06:28:38.325,1.53103,1.5312,1.19,1.12
2017.12.29 06:28:39.090,1.53102,1.53119,1.19,1.00
2017.12.29 06:28:40.207,1.53102,1.5312,1.19,1.12
2017.12.29 06:28:40.628,1.53103,1.53118,1.19,1.00
2017.12.29 06:28:41.533,1.53103,1.53119,1.19,1.00
2017.12.29 06:28:42.332,1.53102,1.5312,1.19,1.12
2017.12.29 06:28:43.299,1.53103,1.5312,1.25,1.12
2017.12.29 06:28:44.848,1.53103,1.53119,1.25,1.00
2017.12.29 06:28:45.442,1.53103,1.5312,1.25,1.12
2017.12.29 06:28:47.578,1.53101,1.53119,1.19,1.00
2017.12.29 06:28:51.669,1.53102,1.5312,1.19,1.12
2017.12.29 06:28:52.043,1.53101,1.53117,1.19,1.00
2017.12.29 06:28:52.799,1.53101,1.53118,1.19,1.00
2017.12.29 06:28:53.305,1.53102,1.53119,1.19,1.00
2017.12.29 06:28:54.119,1.53102,1.53118,1.19,1.00
2017.12.29 06:28:55.346,1.53102,1.53118,1.19,1.00
2017.12.29 06:28:58.257,1.53101,1.53119,1.19,1.00
2017.12.29 06:29:01.074,1.53101,1.5312,1.19,1.12
2017.12.29 06:29:03.927,1.531,1.53117,1.69,1.00
2017.12.29 06:29:04.030,1.531,1.53119,1.19,1.00
2017.12.29 06:29:04.684,1.531,1.5312,1.19,1.12
2017.12.29 06:29:05.305,1.531,1.53119,1.19,1.00
2017.12.29 06:29:05.936,1.531,1.5312,1.19,1.12
2017.12.29 06:29:06.193,1.531,1.53122,2.44,1.87
2017.12.29 06:29:06.454,1.53102,1.53123,1.25,2.62
2017.12.29 06:29:06.507,1.53102,1.53123,1.69,2.62
2017.12.29 06:29:06.560,1.53102,1.53123,1.19,1.87
2017.12.29 06:29:06.769,1.53103,1.53123,1.19,1.00
2017.12.29 06:29:10.480,1.53104,1.53123,1.19,1.00
2017.12.29 06:29:17.093,1.53105,1.53126,1.19,1.12
2017.12.29 06:29:25.552,1.53104,1.53126,2.44,1.87
2017.12.29 06:29:26.114,1.53104,1.53125,1.19,1.00
2017.12.29 06:29:27.478,1.53104,1.53126,1.19,2.62
2017.12.29 06:29:37.049,1.53104,1.53125,1.19,1.00
2017.12.29 06:29:37.449,1.53111,1.53127,1.30,1.00
2017.12.29 06:29:37.640,1.53116,1.53134,1.25,1.50
2017.12.29 06:29:38.159,1.53115,1.53133,1.19,1.00
2017.12.29 06:29:38.997,1.53116,1.53134,1.25,1.00
2017.12.29 06:29:39.318,1.53114,1.53134,1.25,1.50
2017.12.29 06:29:39.857,1.53115,1.53133,1.00,1.00
2017.12.29 06:29:40.374,1.53113,1.53133,1.19,1.00
2017.12.29 06:29:40.632,1.53113,1.53131,1.19,1.00
2017.12.29 06:29:41.147,1.53113,1.53132,1.19,1.00
2017.12.29 06:29:41.697,1.53113,1.53131,1.19,1.00
2017.12.29 06:29:42.463,1.53118,1.53137,1.00,1.56
2017.12.29 06:29:42.776,1.53115,1.53129,1.31,1.00
2017.12.29 06:29:43.397,1.53114,1.5313,1.56,1.00
2017.12.29 06:29:44.016,1.53114,1.53129,2.06,1.00
2017.12.29 06:29:45.258,1.53114,1.5313,1.56,1.00
2017.12.29 06:29:45.922,1.53114,1.53131,1.56,1.00
2017.12.29 06:29:46.242,1.53114,1.53129,1.56,1.00
2017.12.29 06:29:46.859,1.53114,1.53128,2.06,1.00
2017.12.29 06:29:47.626,1.53113,1.53129,1.69,1.00
2017.12.29 06:29:48.467,1.53114,1.53128,1.19,1.00
2017.12.29 06:29:48.987,1.53113,1.5313,2.44,1.00
2017.12.29 06:29:49.521,1.53114,1.53129,1.19,1.00
2017.12.29 06:29:50.332,1.53113,1.5313,2.44,1.00
2017.12.29 06:29:51.656,1.53114,1.53129,1.19,1.00
2017.12.29 06:29:52.162,1.53113,1.5313,1.69,1.00
2017.12.29 06:29:52.774,1.53114,1.53129,1.19,1.00
2017.12.29 06:29:53.795,1.53113,1.53131,1.69,1.00
2017.12.29 06:29:54.551,1.53114,1.5313,1.19,1.00
2017.12.29 06:29:55.229,1.53114,1.53128,1.19,1.00
2017.12.29 06:29:55.909,1.53113,1.53129,1.19,1.00
2017.12.29 06:29:56.509,1.53114,1.53128,1.19,1.00
2017.12.29 06:29:56.561,1.53113,1.5313,1.69,1.00
2017.12.29 06:29:56.613,1.53114,1.53132,1.19,2.44
2017.12.29 06:29:56.950,1.53114,1.53128,1.19,1.00
2017.12.29 06:29:57.884,1.53114,1.53128,1.69,1.00
2017.12.29 06:29:58.099,1.53115,1.53132,1.25,1.69
2017.12.29 06:30:03.180,1.53112,1.53132,1.69,2.44
2017.12.29 06:30:10.377,1.53112,1.53132,1.69,2.44
2017.12.29 06:30:10.927,1.53112,1.5313,1.69,1.00
2017.12.29 06:30:11.489,1.53112,1.53131,1.19,1.25
2017.12.29 06:30:15.276,1.53113,1.53132,1.19,2.44
2017.12.29 06:30:15.670,1.53112,1.53129,1.69,1.00
2017.12.29 06:30:16.361,1.53112,1.5313,1.19,1.00
2017.12.29 06:30:17.217,1.53113,1.53131,1.19,1.00
2017.12.29 06:30:19.000,1.53113,1.5313,1.19,1.00
2017.12.29 06:30:19.598,1.53113,1.53131,1.19,1.00
2017.12.29 06:30:20.567,1.53112,1.5313,1.69,1.00
2017.12.29 06:30:21.626,1.53112,1.53131,1.19,1.00
2017.12.29 06:30:22.557,1.53112,1.5313,1.69,1.00
2017.12.29 06:30:23.468,1.53113,1.53131,1.19,1.00
2017.12.29 06:30:24.149,1.53113,1.5313,1.19,1.00
2017.12.29 06:30:24.717,1.53113,1.53128,1.19,1.00
2017.12.29 06:30:25.377,1.53112,1.53129,1.19,1.00
2017.12.29 06:30:26.665,1.53117,1.53134,1.69,1.00
2017.12.29 06:30:26.772,1.53119,1.53136,1.00,1.50
2017.12.29 06:30:26.825,1.53116,1.53136,2.06,2.25
2017.12.29 06:30:28.671,1.53118,1.53136,1.00,1.00
2017.12.29 06:30:29.303,1.53117,1.53136,1.69,1.00
2017.12.29 06:30:31.285,1.53118,1.53136,1.00,1.00
2017.12.29 06:30:34.421,1.53118,1.53135,1.00,1.00
2017.12.29 06:30:34.627,1.53122,1.53136,1.00,1.00
2017.12.29 06:30:34.732,1.53121,1.5314,1.19,1.87
2017.12.29 06:30:34.887,1.5312,1.53135,1.69,1.00
2017.12.29 06:30:35.444,1.53119,1.53136,3.19,1.12
2017.12.29 06:30:36.357,1.5312,1.53135,1.00,1.00
2017.12.29 06:30:37.089,1.53119,1.53136,3.00,1.12
2017.12.29 06:30:38.135,1.5312,1.53137,1.00,1.50
2017.12.29 06:30:38.756,1.53119,1.53137,3.00,2.25
2017.12.29 06:30:40.556,1.5312,1.53136,1.00,1.12
2017.12.29 06:30:44.068,1.53119,1.53137,2.25,1.50
2017.12.29 06:30:45.065,1.5312,1.53137,1.00,2.25
2017.12.29 06:30:45.616,1.53119,1.53137,2.25,1.50
2017.12.29 06:30:46.567,1.5312,1.53137,1.00,2.25
2017.12.29 06:30:46.970,1.53118,1.53137,1.69,1.50
2017.12.29 06:30:50.139,1.53117,1.53135,1.69,1.00
2017.12.29 06:30:50.452,1.53114,1.53134,1.19,1.37
2017.12.29 06:30:50.505,1.53113,1.53134,1.69,2.62
2017.12.29 06:30:51.012,1.53113,1.53132,1.25,1.00
2017.12.29 06:30:51.541,1.53113,1.53131,1.25,1.00
2017.12.29 06:30:52.129,1.53113,1.53132,1.25,1.50
2017.12.29 06:30:52.674,1.53113,1.53132,1.25,1.50
2017.12.29 06:31:00.809,1.53115,1.53131,1.00,1.00
2017.12.29 06:31:00.862,1.53116,1.53134,1.00,1.00
2017.12.29 06:31:00.915,1.53116,1.53134,1.19,1.00
2017.12.29 06:31:02.725,1.53114,1.53134,2.44,1.50
2017.12.29 06:31:02.778,1.53114,1.53134,1.69,1.50
2017.12.29 06:31:03.328,1.53113,1.53132,2.06,1.50
2017.12.29 06:31:03.913,1.53113,1.53132,1.25,2.25
2017.12.29 06:31:06.237,1.53111,1.53131,1.19,1.00
2017.12.29 06:31:06.444,1.53113,1.53134,1.25,1.00
2017.12.29 06:31:06.497,1.53116,1.53134,1.00,1.00
2017.12.29 06:31:07.009,1.53115,1.53135,1.54,1.00
2017.12.29 06:31:09.510,1.53115,1.53133,1.19,1.00
2017.12.29 06:31:10.013,1.53114,1.53134,2.44,1.00
2017.12.29 06:31:12.863,1.53113,1.53132,1.25,1.00
2017.12.29 06:31:13.335,1.53113,1.53134,2.44,2.25
2017.12.29 06:31:13.388,1.53114,1.53134,1.69,1.00
2017.12.29 06:31:13.928,1.53116,1.53134,1.25,1.00
2017.12.29 06:31:14.550,1.53116,1.53137,1.19,1.00
2017.12.29 06:31:16.658,1.53116,1.53138,1.19,1.50
2017.12.29 06:31:23.767,1.53116,1.53135,1.19,1.00
2017.12.29 06:31:23.818,1.53116,1.53137,1.19,1.00
2017.12.29 06:31:24.473,1.53116,1.53138,1.19,2.25
2017.12.29 06:31:25.776,1.53116,1.53137,1.19,1.00
2017.12.29 06:31:27.448,1.53115,1.53138,2.81,1.50
2017.12.29 06:31:28.233,1.53115,1.53137,2.81,1.00
2017.12.29 06:31:29.326,1.53115,1.53138,2.81,1.50
2017.12.29 06:31:30.557,1.53115,1.53136,3.19,1.00
2017.12.29 06:31:31.204,1.53116,1.53135,1.19,1.00
2017.12.29 06:31:31.830,1.53116,1.53136,1.19,1.00
2017.12.29 06:31:32.351,1.53115,1.53137,1.31,1.50
2017.12.29 06:31:32.854,1.53115,1.53136,1.31,1.00
2017.12.29 06:31:33.361,1.53115,1.53137,1.31,1.50
2017.12.29 06:31:34.202,1.53116,1.53136,1.19,1.00
2017.12.29 06:31:37.617,1.53115,1.53135,1.31,1.00
2017.12.29 06:31:38.668,1.53116,1.53136,1.19,1.00
2017.12.29 06:31:42.720,1.53117,1.53137,1.25,1.50
2017.12.29 06:31:53.319,1.53118,1.53137,1.19,2.25
2017.12.29 06:31:53.373,1.53117,1.53137,3.79,1.00
2017.12.29 06:31:53.927,1.53116,1.53137,2.44,1.37
2017.12.29 06:31:59.637,1.53116,1.53134,1.19,1.00
2017.12.29 06:32:00.145,1.53116,1.53136,1.19,1.50
2017.12.29 06:32:08.167,1.53116,1.53137,1.69,4.50
2017.12.29 06:32:09.449,1.53116,1.53135,1.69,1.00
2017.12.29 06:32:10.377,1.53116,1.53136,1.69,1.12
2017.12.29 06:32:11.300,1.53116,1.53136,1.69,1.87
2017.12.29 06:32:33.384,1.53116,1.53137,1.69,2.62
2017.12.29 06:32:33.969,1.53116,1.53136,1.69,1.00
2017.12.29 06:32:35.031,1.53116,1.53137,1.69,1.87
2017.12.29 06:32:37.584,1.53116,1.53136,1.69,1.00
2017.12.29 06:32:38.174,1.53116,1.53137,1.69,1.87
2017.12.29 06:32:39.017,1.53116,1.53136,1.19,1.00
2017.12.29 06:32:39.513,1.53116,1.53133,1.00,1.00
2017.12.29 06:32:39.975,1.53112,1.53133,1.69,1.50
2017.12.29 06:32:40.527,1.53112,1.53132,2.44,1.50
2017.12.29 06:32:41.679,1.53112,1.53133,3.19,1.50
2017.12.29 06:32:43.425,1.53113,1.53133,1.56,1.00
2017.12.29 06:32:43.477,1.53113,1.53133,1.37,1.00
2017.12.29 06:32:43.966,1.53114,1.53135,1.12,2.44
2017.12.29 06:32:44.138,1.53116,1.53134,1.25,1.00
2017.12.29 06:32:44.242,1.53116,1.53137,1.69,1.87
2017.12.29 06:32:44.989,1.53116,1.53133,2.81,1.00
2017.12.29 06:32:45.041,1.53114,1.53133,1.00,1.00
2017.12.29 06:32:45.352,1.53116,1.53134,1.00,1.00
2017.12.29 06:32:46.409,1.53116,1.53135,1.00,1.00
2017.12.29 06:32:47.568,1.53116,1.53134,1.00,1.00
2017.12.29 06:32:47.620,1.53116,1.53136,1.00,2.06
2017.12.29 06:32:48.121,1.53116,1.53135,1.25,1.00
2017.12.29 06:32:48.298,1.53116,1.53133,1.25,1.00
2017.12.29 06:32:49.132,1.53114,1.53134,1.69,1.00
2017.12.29 06:32:49.940,1.53114,1.53134,1.00,1.87
2017.12.29 06:32:50.301,1.53114,1.53132,1.00,1.00
2017.12.29 06:32:51.238,1.53114,1.53133,1.00,1.00
2017.12.29 06:32:51.550,1.53111,1.5313,1.69,1.50
2017.12.29 06:32:52.837,1.53111,1.53131,1.19,1.50
2017.12.29 06:32:53.532,1.53111,1.5313,1.19,1.00
2017.12.29 06:32:55.355,1.53111,1.53131,1.19,1.50
2017.12.29 06:32:56.139,1.53111,1.5313,1.87,1.00
2017.12.29 06:32:57.466,1.53111,1.53131,1.44,1.50
2017.12.29 06:32:57.725,1.53112,1.53133,2.44,1.87
2017.12.29 06:32:58.038,1.53112,1.5313,1.69,1.00
2017.12.29 06:32:58.576,1.53112,1.53131,1.69,1.00
2017.12.29 06:32:59.441,1.53112,1.53132,1.69,1.00
2017.12.29 06:33:01.107,1.53112,1.53133,1.69,3.75
2017.12.29 06:33:03.536,1.53112,1.53132,1.69,1.00
2017.12.29 06:33:04.525,1.53112,1.53131,1.25,1.00
2017.12.29 06:33:05.058,1.53112,1.5313,1.25,1.00
2017.12.29 06:33:06.970,1.53112,1.53132,1.25,1.50
2017.12.29 06:33:08.066,1.53112,1.53133,1.25,3.75
2017.12.29 06:33:08.617,1.53112,1.53132,1.19,1.00
2017.12.29 06:33:09.146,1.53112,1.53133,1.19,5.25
2017.12.29 06:33:09.681,1.53112,1.53132,1.19,1.00
2017.12.29 06:33:10.195,1.53112,1.53133,1.19,3.75
2017.12.29 06:33:10.766,1.53112,1.53132,1.19,1.00
2017.12.29 06:33:11.454,1.53112,1.53133,1.69,3.00
2017.12.29 06:33:12.866,1.53112,1.53132,1.69,1.00
2017.12.29 06:33:14.042,1.53113,1.53133,2.25,1.00
2017.12.29 06:33:14.147,1.53113,1.53133,4.87,1.00
2017.12.29 06:33:14.251,1.53115,1.53135,1.19,1.00
2017.12.29 06:33:14.757,1.53115,1.53134,1.19,1.00
2017.12.29 06:33:15.397,1.53115,1.53135,1.19,1.50
2017.12.29 06:33:20.394,1.53115,1.53134,1.19,1.00
2017.12.29 06:33:22.248,1.53115,1.53135,1.19,2.25
2017.12.29 06:33:22.857,1.53115,1.53134,1.19,1.00
2017.12.29 06:33:23.519,1.53115,1.53135,1.19,1.00
2017.12.29 06:33:33.267,1.53115,1.53134,1.19,1.00
2017.12.29 06:33:36.852,1.53115,1.53135,2.06,1.00
2017.12.29 06:33:37.188,1.53116,1.53135,1.87,1.00
2017.12.29 06:33:37.241,1.53118,1.53137,1.19,1.87
2017.12.29 06:33:37.346,1.5312,1.5314,1.44,1.00
2017.12.29 06:33:37.399,1.5312,1.5314,1.44,1.00
2017.12.29 06:33:38.281,1.53122,1.53141,1.19,1.00
2017.12.29 06:33:38.835,1.53122,1.53142,1.19,1.00
2017.12.29 06:33:39.397,1.53121,1.53143,1.19,1.50
2017.12.29 06:33:39.913,1.53121,1.53142,1.19,1.00
2017.12.29 06:33:40.426,1.53122,1.53143,1.19,1.00
2017.12.29 06:33:55.300,1.53123,1.53143,1.19,1.00
2017.12.29 06:33:58.460,1.53124,1.53144,1.44,1.12
2017.12.29 06:33:58.512,1.53126,1.53146,1.25,1.50
2017.12.29 06:33:58.565,1.53128,1.53146,1.00,1.50
2017.12.29 06:33:58.731,1.53129,1.53149,1.00,2.62
2017.12.29 06:33:59.255,1.53128,1.53149,2.06,2.62
2017.12.29 06:34:13.176,1.53132,1.53149,1.00,1.00
2017.12.29 06:34:13.488,1.53132,1.53151,1.00,1.25
2017.12.29 06:34:13.641,1.5313,1.5315,1.50,1.00
2017.12.29 06:34:13.764,1.53128,1.53146,1.50,1.75
2017.12.29 06:34:13.817,1.53123,1.53143,3.00,1.00
2017.12.29 06:34:13.870,1.53124,1.53143,1.00,1.19
2017.12.29 06:34:14.184,1.53126,1.53146,1.69,1.19
2017.12.29 06:34:14.709,1.53126,1.53146,1.25,1.25
2017.12.29 06:34:15.126,1.53129,1.53148,1.00,1.50
2017.12.29 06:34:15.334,1.5313,1.53151,1.25,1.87
2017.12.29 06:34:15.438,1.53132,1.53151,1.00,1.50
2017.12.29 06:34:16.709,1.53133,1.53151,1.00,1.00
2017.12.29 06:34:17.231,1.53132,1.53152,1.00,1.00
2017.12.29 06:34:22.004,1.53132,1.53151,1.00,1.31
2017.12.29 06:34:22.525,1.53133,1.53151,1.00,1.00
2017.12.29 06:34:24.057,1.53132,1.53151,1.00,1.00
2017.12.29 06:34:24.370,1.53135,1.53152,1.19,1.00
2017.12.29 06:34:25.034,1.5313,1.53148,3.94,1.00
2017.12.29 06:34:25.384,1.5313,1.53151,1.69,2.25
2017.12.29 06:34:29.081,1.53134,1.53151,1.00,1.12
2017.12.29 06:34:29.582,1.53133,1.53151,1.31,1.00
2017.12.29 06:34:30.196,1.53134,1.53151,1.25,1.00
2017.12.29 06:34:31.155,1.53133,1.53151,1.31,1.00
2017.12.29 06:34:34.028,1.53134,1.53151,1.00,1.50
2017.12.29 06:34:34.594,1.53132,1.53152,1.19,1.87
2017.12.29 06:34:35.216,1.53131,1.53151,1.19,1.00
2017.12.29 06:34:35.269,1.53131,1.53151,1.19,1.19
2017.12.29 06:34:35.374,1.5313,1.53151,1.50,1.31
2017.12.29 06:34:35.877,1.5313,1.53148,1.00,1.00
2017.12.29 06:34:36.403,1.53129,1.53149,2.44,2.06
2017.12.29 06:34:36.952,1.5313,1.53148,1.00,1.00
2017.12.29 06:34:37.009,1.53131,1.5315,1.00,1.00
2017.12.29 06:34:37.168,1.53132,1.53152,1.19,1.50
2017.12.29 06:34:37.893,1.53133,1.53152,1.69,1.00
2017.12.29 06:34:37.946,1.53131,1.53151,1.50,1.50
2017.12.29 06:34:38.051,1.53129,1.5315,2.25,2.44
2017.12.29 06:34:38.156,1.53129,1.53148,1.00,1.00
2017.12.29 06:34:38.992,1.53128,1.53148,1.00,2.25
2017.12.29 06:34:40.064,1.53127,1.53148,1.87,2.25
2017.12.29 06:34:40.408,1.53131,1.5315,1.25,1.87
2017.12.29 06:34:41.088,1.53131,1.53147,1.00,1.00
2017.12.29 06:34:41.141,1.53129,1.53148,2.25,1.00
2017.12.29 06:34:41.401,1.53127,1.53147,1.25,1.00
2017.12.29 06:34:41.928,1.53128,1.53147,1.00,1.00
2017.12.29 06:34:42.541,1.53127,1.53147,2.62,1.00
2017.12.29 06:34:44.384,1.53128,1.53147,1.00,1.00
2017.12.29 06:34:46.665,1.53127,1.53147,1.69,1.00
2017.12.29 06:34:47.957,1.53127,1.53145,1.00,1.00
2017.12.29 06:34:48.721,1.53128,1.53147,1.44,1.00
2017.12.29 06:34:51.218,1.53129,1.53145,1.25,1.00
2017.12.29 06:34:51.322,1.53128,1.53148,1.19,1.12
2017.12.29 06:35:00.258,1.53128,1.53149,1.69,1.00
2017.12.29 06:35:00.913,1.53129,1.5315,1.25,2.25
2017.12.29 06:35:01.421,1.5313,1.53149,1.00,1.00
2017.12.29 06:35:02.577,1.5313,1.5315,1.00,2.25
2017.12.29 06:35:03.088,1.53131,1.53149,1.00,1.00
2017.12.29 06:35:03.785,1.53131,1.5315,1.00,2.25
2017.12.29 06:35:04.357,1.53131,1.53149,1.00,1.00
2017.12.29 06:35:05.020,1.53131,1.5315,1.00,2.25
2017.12.29 06:35:05.679,1.5313,1.5315,1.00,2.25
2017.12.29 06:35:08.023,1.5313,1.53148,1.00,1.00
2017.12.29 06:35:08.076,1.53131,1.5315,1.00,1.00
2017.12.29 06:35:08.129,1.53129,1.5315,2.06,2.25
2017.12.29 06:35:08.184,1.53129,1.53148,1.12,1.00
2017.12.29 06:35:08.599,1.53129,1.53146,1.00,1.00
2017.12.29 06:35:09.001,1.53128,1.53148,1.12,1.00
2017.12.29 06:35:09.136,1.5313,1.53149,1.25,1.00
2017.12.29 06:35:09.641,1.53131,1.53149,1.00,1.00
2017.12.29 06:35:11.557,1.53128,1.53149,2.44,3.75
2017.12.29 06:35:12.097,1.53128,1.53149,1.69,5.62
2017.12.29 06:35:12.613,1.53128,1.53147,1.50,1.00
2017.12.29 06:35:14.044,1.53128,1.53148,2.25,1.12
2017.12.29 06:35:14.405,1.53128,1.53146,1.50,1.00
2017.12.29 06:35:14.953,1.53128,1.53147,1.00,1.50
2017.12.29 06:35:21.724,1.53126,1.53145,1.87,1.00
2017.12.29 06:35:22.271,1.53126,1.53146,1.12,1.00
2017.12.29 06:35:23.603,1.53126,1.53145,1.87,1.00
2017.12.29 06:35:24.760,1.53126,1.53146,1.12,1.00
2017.12.29 06:35:25.557,1.53126,1.53145,1.87,1.00
2017.12.29 06:35:26.993,1.53126,1.53146,1.00,1.00
2017.12.29 06:35:27.603,1.53126,1.53145,1.00,1.00
2017.12.29 06:35:28.182,1.53126,1.53146,1.00,1.00
2017.12.29 06:35:29.585,1.53126,1.53145,1.00,1.00
2017.12.29 06:35:30.128,1.53126,1.53146,1.00,1.00
2017.12.29 06:35:31.585,1.53126,1.53145,1.00,1.00
2017.12.29 06:35:35.284,1.53126,1.53146,1.00,1.00
2017.12.29 06:35:47.571,1.53126,1.53145,1.00,1.00
2017.12.29 06:35:48.406,1.53126,1.53146,1.00,1.00
2017.12.29 06:35:50.462,1.53126,1.53144,1.00,1.31
2017.12.29 06:35:50.514,1.53124,1.53144,1.50,1.12
2017.12.29 06:35:50.670,1.53126,1.53144,1.00,1.00
2017.12.29 06:35:51.176,1.53125,1.53144,1.50,1.00
2017.12.29 06:35:51.794,1.53126,1.53144,1.00,1.00
2017.12.29 06:35:52.301,1.53125,1.53144,2.44,1.00
2017.12.29 06:35:52.814,1.53126,1.53144,1.00,1.00
2017.12.29 06:35:53.240,1.53129,1.53148,2.25,1.87
2017.12.29 06:35:53.501,1.53137,1.53156,1.00,1.00
2017.12.29 06:35:54.093,1.53139,1.53156,1.00,1.50
2017.12.29 06:35:54.610,1.53139,1.53157,1.00,1.00
2017.12.29 06:35:56.131,1.53139,1.53158,1.50,1.50
2017.12.29 06:36:06.692,1.53142,1.53159,1.00,1.00
2017.12.29 06:36:09.188,1.53142,1.53162,1.69,1.50
2017.12.29 06:36:09.242,1.53144,1.53162,1.50,1.00
2017.12.29 06:36:09.295,1.53144,1.53164,1.50,1.00
2017.12.29 06:36:09.831,1.53144,1.53163,1.50,1.00
2017.12.29 06:36:10.385,1.53144,1.53164,1.00,1.00
2017.12.29 06:36:11.043,1.53144,1.53165,1.50,3.19
2017.12.29 06:36:18.933,1.53144,1.53164,1.50,1.00
2017.12.29 06:36:19.567,1.53144,1.53165,1.00,2.44
2017.12.29 06:36:27.110,1.53145,1.53165,1.00,1.25
2017.12.29 06:36:28.885,1.53146,1.53165,1.00,1.25
2017.12.29 06:36:29.671,1.53145,1.53165,1.00,1.25
2017.12.29 06:36:33.625,1.53146,1.53165,1.00,1.25
2017.12.29 06:36:34.221,1.53145,1.53165,1.00,1.25
2017.12.29 06:36:34.763,1.53146,1.53165,1.25,1.00
2017.12.29 06:36:40.504,1.53148,1.53165,1.00,1.00
2017.12.29 06:36:41.289,1.53148,1.53166,1.00,2.06
2017.12.29 06:36:41.738,1.53146,1.53166,1.25,1.31
2017.12.29 06:36:42.868,1.53145,1.53165,1.69,1.00
2017.12.29 06:36:44.042,1.53146,1.53164,1.25,1.00
2017.12.29 06:36:44.197,1.53146,1.53162,1.25,1.00
2017.12.29 06:36:44.300,1.53145,1.53165,1.69,1.87
2017.12.29 06:36:44.508,1.53145,1.53163,1.19,1.00
2017.12.29 06:36:45.034,1.53145,1.53164,1.19,1.00
2017.12.29 06:36:45.620,1.53146,1.53163,1.25,1.00
2017.12.29 06:36:46.462,1.53146,1.53164,1.25,1.00
2017.12.29 06:36:47.850,1.53146,1.53163,1.25,1.00
2017.12.29 06:36:48.392,1.53145,1.53164,1.69,1.50
2017.12.29 06:36:49.006,1.53145,1.53163,1.69,1.00
2017.12.29 06:36:49.826,1.53145,1.53165,1.19,1.87
2017.12.29 06:36:50.427,1.53146,1.53164,1.25,1.00
2017.12.29 06:36:50.893,1.53145,1.53162,1.69,1.00
2017.12.29 06:36:51.056,1.53145,1.53164,1.69,1.00
2017.12.29 06:36:52.081,1.53144,1.53164,1.69,2.25
2017.12.29 06:36:52.597,1.53142,1.53162,1.19,1.00
2017.12.29 06:36:53.183,1.53142,1.53161,1.69,1.00
2017.12.29 06:36:54.989,1.53142,1.53163,1.19,3.00
2017.12.29 06:36:55.618,1.53142,1.53162,1.19,1.00
2017.12.29 06:36:57.477,1.53142,1.53161,1.19,1.00
2017.12.29 06:36:59.557,1.53142,1.53162,1.19,1.00
2017.12.29 06:37:00.078,1.53142,1.53161,1.19,1.00
2017.12.29 06:37:00.856,1.53142,1.53162,1.19,1.50
2017.12.29 06:37:01.024,1.53142,1.53161,1.69,1.00
2017.12.29 06:37:01.363,1.53142,1.53162,1.25,1.12
2017.12.29 06:37:01.415,1.5314,1.5316,1.19,1.00
2017.12.29 06:37:01.726,1.53134,1.53152,1.72,1.00
2017.12.29 06:37:02.036,1.53134,1.53155,2.47,1.87
2017.12.29 06:37:04.692,1.53138,1.53153,1.05,1.00
2017.12.29 06:37:04.798,1.53135,1.53155,3.60,1.00
2017.12.29 06:37:04.904,1.53138,1.53158,4.91,1.00
2017.12.29 06:37:05.094,1.5314,1.53161,3.04,3.00
2017.12.29 06:37:06.101,1.53142,1.53161,1.35,1.00
2017.12.29 06:37:06.780,1.53141,1.53161,2.06,1.00
2017.12.29 06:37:07.618,1.53142,1.53161,1.00,1.00
2017.12.29 06:37:08.157,1.53141,1.53161,2.25,1.00
2017.12.29 06:37:08.846,1.53142,1.53161,1.00,1.00
2017.12.29 06:37:09.543,1.53141,1.53161,2.06,1.00
2017.12.29 06:37:10.044,1.53142,1.53161,1.00,1.00
2017.12.29 06:37:11.093,1.53141,1.53161,3.00,1.00
2017.12.29 06:37:11.610,1.53142,1.53161,1.00,1.00
2017.12.29 06:37:11.953,1.53144,1.53164,1.00,2.25
2017.12.29 06:37:12.474,1.53144,1.53163,1.00,1.00
2017.12.29 06:37:13.359,1.53144,1.53164,1.00,2.25
2017.12.29 06:37:13.891,1.53144,1.53163,1.00,1.00
2017.12.29 06:37:14.435,1.53144,1.53164,1.00,1.87
2017.12.29 06:37:14.998,1.53144,1.53163,1.00,1.00
2017.12.29 06:37:16.869,1.53144,1.53164,1.00,1.87
2017.12.29 06:37:18.942,1.53144,1.53163,1.00,1.00
2017.12.29 06:37:19.496,1.53144,1.53164,1.00,1.87
2017.12.29 06:37:20.542,1.53144,1.53163,1.00,1.00
2017.12.29 06:37:21.490,1.53144,1.53164,1.00,1.87
2017.12.29 06:37:22.914,1.53144,1.53163,1.12,1.00
2017.12.29 06:37:23.626,1.53144,1.53164,1.00,1.87
2017.12.29 06:37:24.207,1.53144,1.53163,1.00,1.00
2017.12.29 06:37:25.208,1.53144,1.53164,1.00,1.87
2017.12.29 06:37:28.158,1.53144,1.53163,1.00,1.00
2017.12.29 06:37:28.685,1.53144,1.53164,1.00,1.50
2017.12.29 06:37:29.241,1.53144,1.53163,1.00,1.00
2017.12.29 06:37:29.293,1.53144,1.53164,1.19,1.00
2017.12.29 06:37:30.217,1.53144,1.53163,1.19,1.00
2017.12.29 06:37:30.722,1.53144,1.53164,1.19,1.00
2017.12.29 06:37:31.956,1.53144,1.53163,1.44,1.00
2017.12.29 06:37:32.549,1.53144,1.53164,1.44,1.00
2017.12.29 06:37:34.966,1.53144,1.53163,1.19,1.00
2017.12.29 06:37:35.747,1.53144,1.53164,1.19,1.50
2017.12.29 06:37:39.924,1.53144,1.53163,1.19,1.00
2017.12.29 06:37:40.524,1.53144,1.53164,1.19,1.00
2017.12.29 06:37:41.184,1.53144,1.53163,1.19,1.00
2017.12.29 06:37:41.844,1.53144,1.53164,1.19,1.00
2017.12.29 06:37:47.351,1.53144,1.53163,1.19,1.00
2017.12.29 06:37:47.870,1.53144,1.53164,1.19,1.00
2017.12.29 06:37:49.199,1.53144,1.53163,1.19,1.00
2017.12.29 06:37:50.568,1.53144,1.53164,1.19,1.00
2017.12.29 06:37:51.175,1.53144,1.53163,1.19,1.00
2017.12.29 06:37:52.591,1.53144,1.53164,1.19,1.00
2017.12.29 06:37:53.157,1.53144,1.53163,1.19,1.00
2017.12.29 06:37:53.903,1.53144,1.53164,1.19,1.00
2017.12.29 06:37:54.675,1.53143,1.53158,1.31,1.19
2017.12.29 06:37:54.729,1.53142,1.53157,2.25,1.00
2017.12.29 06:37:54.782,1.5314,1.53159,1.69,1.00
2017.12.29 06:37:54.835,1.5314,1.53158,1.00,2.25
2017.12.29 06:37:58.849,1.53137,1.53157,1.19,1.12
2017.12.29 06:38:01.621,1.53137,1.53158,1.87,2.25
2017.12.29 06:38:06.789,1.53139,1.53158,1.69,1.00
2017.12.29 06:38:07.100,1.53137,1.53157,2.06,1.00
2017.12.29 06:38:07.153,1.53137,1.53155,2.06,1.00
2017.12.29 06:38:07.545,1.53135,1.53153,3.56,1.00
2017.12.29 06:38:07.598,1.53136,1.53155,1.00,1.31
2017.12.29 06:38:07.650,1.53132,1.53153,3.75,1.00
2017.12.29 06:38:07.910,1.53131,1.53151,2.06,1.50
2017.12.29 06:38:10.199,1.53131,1.5315,1.31,1.00
2017.12.29 06:38:12.844,1.53131,1.53151,1.31,1.00
2017.12.29 06:38:15.620,1.53131,1.5315,1.31,1.00
2017.12.29 06:38:16.145,1.53131,1.53151,1.31,1.00
2017.12.29 06:38:17.618,1.53131,1.5315,1.31,1.00
2017.12.29 06:38:18.125,1.53131,1.53151,1.31,1.00
2017.12.29 06:38:18.677,1.53131,1.5315,1.31,1.00
2017.12.29 06:38:19.266,1.53131,1.53149,1.31,1.00
2017.12.29 06:38:22.398,1.53131,1.53148,1.19,1.00
2017.12.29 06:38:22.905,1.53131,1.53149,1.87,1.00
2017.12.29 06:38:26.350,1.53131,1.53149,1.87,1.00
2017.12.29 06:38:30.432,1.53131,1.53148,1.87,1.00
2017.12.29 06:38:31.440,1.53128,1.53144,1.87,1.00
2017.12.29 06:38:31.596,1.53124,1.53143,1.44,1.00
2017.12.29 06:38:32.262,1.53124,1.53144,1.19,1.00
2017.12.29 06:38:32.958,1.53124,1.53143,1.19,1.00
2017.12.29 06:38:33.383,1.53124,1.53143,1.00,1.00
2017.12.29 06:38:33.435,1.53124,1.5314,1.00,1.00
2017.12.29 06:38:34.003,1.53124,1.53141,1.00,1.00
2017.12.29 06:38:34.896,1.53124,1.5314,1.00,1.00
2017.12.29 06:38:35.443,1.53124,1.53141,1.00,1.00
2017.12.29 06:38:36.014,1.53124,1.5314,1.00,1.00
2017.12.29 06:38:36.521,1.53122,1.53141,1.69,1.50
2017.12.29 06:38:37.175,1.53122,1.5314,1.69,1.00
2017.12.29 06:38:37.981,1.53122,1.53141,1.69,1.00
2017.12.29 06:38:40.120,1.53122,1.5314,1.69,1.00
2017.12.29 06:38:51.680,1.53122,1.53141,2.25,1.00
2017.12.29 06:38:53.233,1.53122,1.5314,2.25,1.00
2017.12.29 06:38:53.828,1.53122,1.53141,2.62,1.00
2017.12.29 06:38:54.353,1.53122,1.5314,2.62,1.00
2017.12.29 06:38:55.689,1.53122,1.53141,2.25,1.00
2017.12.29 06:38:59.866,1.53123,1.5314,1.30,1.00
2017.12.29 06:39:00.379,1.53123,1.53141,1.30,1.00
2017.12.29 06:39:02.721,1.53123,1.5314,1.30,1.00
2017.12.29 06:39:04.950,1.53123,1.53141,1.30,1.00
2017.12.29 06:39:07.818,1.53123,1.5314,1.30,1.00
2017.12.29 06:39:11.808,1.53122,1.53143,3.19,3.75
2017.12.29 06:39:25.660,1.53121,1.53141,3.75,1.00
2017.12.29 06:39:26.607,1.53121,1.53142,3.75,1.50
2017.12.29 06:39:27.405,1.53124,1.53142,1.00,1.50
2017.12.29 06:39:29.570,1.53124,1.53141,1.00,1.00
2017.12.29 06:39:32.401,1.53124,1.53142,1.00,2.25
2017.12.29 06:39:33.618,1.53124,1.53143,1.00,1.50
2017.12.29 06:39:34.427,1.53124,1.53142,1.00,1.00
2017.12.29 06:39:35.601,1.53124,1.53143,1.00,1.50
2017.12.29 06:39:36.330,1.53124,1.53142,1.00,1.00
2017.12.29 06:39:40.769,1.53124,1.53143,1.00,1.00
2017.12.29 06:39:41.366,1.53124,1.53142,1.00,1.50
2017.12.29 06:39:42.622,1.53124,1.53143,1.00,1.50
2017.12.29 06:39:43.140,1.53124,1.53142,1.00,1.00
2017.12.29 06:39:48.064,1.53124,1.53143,1.00,1.50
2017.12.29 06:39:48.607,1.53124,1.53142,1.00,1.00
2017.12.29 06:39:51.776,1.53124,1.53143,1.00,1.50
2017.12.29 06:39:54.581,1.53124,1.53142,1.00,1.00
2017.12.29 06:39:56.570,1.53124,1.53143,1.00,1.50
2017.12.29 06:39:57.107,1.53124,1.53142,1.12,1.50
2017.12.29 06:39:58.416,1.53124,1.53143,1.12,1.50
2017.12.29 06:40:00.025,1.53124,1.53142,1.12,1.50
2017.12.29 06:40:05.025,1.53124,1.53143,1.12,1.50
2017.12.29 06:40:05.557,1.53124,1.53144,1.12,3.00
2017.12.29 06:40:06.127,1.53124,1.53143,1.12,2.25
2017.12.29 06:40:08.952,1.53124,1.53144,1.12,3.00
2017.12.29 06:40:09.005,1.53124,1.53144,1.31,1.50
2017.12.29 06:40:09.521,1.53124,1.53143,2.62,1.00
2017.12.29 06:40:11.128,1.53125,1.53144,1.19,1.50
