2016.09.08 07:00:00.138,1.46069,1.46083,1.00,1.00
2016.09.08 07:00:00.189,1.46069,1.46081,1.00,1.00
2016.09.08 07:00:00.242,1.46067,1.46079,1.00,1.00
2016.09.08 07:00:00.356,1.46066,1.46079,1.57,1.00
2016.09.08 07:00:00.414,1.46066,1.46081,1.00,1.00
2016.09.08 07:00:00.726,1.46066,1.46079,1.00,1.00
2016.09.08 07:00:00.778,1.46066,1.46082,1.00,1.00
2016.09.08 07:00:01.024,1.46066,1.4608,1.00,1.00
2016.09.08 07:00:01.540,1.46065,1.4608,1.00,1.00
2016.09.08 07:00:02.036,1.46065,1.46078,1.00,1.00
2016.09.08 07:00:02.511,1.46065,1.4608,1.00,1.00
2016.09.08 07:00:03.019,1.46066,1.46081,1.00,1.00
2016.09.08 07:00:03.552,1.46064,1.46081,1.00,1.00
2016.09.08 07:00:03.801,1.46066,1.4608,1.00,1.00
2016.09.08 07:00:03.904,1.46064,1.4608,1.00,1.00
2016.09.08 07:00:04.008,1.46064,1.46078,1.00,1.00
2016.09.08 07:00:04.552,1.46061,1.46079,1.95,1.00
2016.09.08 07:00:04.603,1.46061,1.46078,1.20,1.00
2016.09.08 07:00:04.655,1.4606,1.46076,2.25,1.00
2016.09.08 07:00:04.708,1.46059,1.46076,1.00,1.00
2016.09.08 07:00:04.814,1.46058,1.46075,1.00,1.00
2016.09.08 07:00:04.866,1.46057,1.46073,1.00,1.00
2016.09.08 07:00:04.918,1.46057,1.46075,1.00,1.00
2016.09.08 07:00:05.469,1.46058,1.46075,1.00,1.00
2016.09.08 07:00:05.730,1.46057,1.46075,1.50,1.00
2016.09.08 07:00:06.108,1.46057,1.46071,1.00,1.00
2016.09.08 07:00:06.213,1.46056,1.46071,1.00,1.00
2016.09.08 07:00:06.318,1.46053,1.46071,1.25,1.00
2016.09.08 07:00:06.627,1.46054,1.46071,1.00,1.00
2016.09.08 07:00:06.729,1.46054,1.4607,1.50,1.00
2016.09.08 07:00:06.886,1.46054,1.46071,1.00,1.00
2016.09.08 07:00:07.710,1.46055,1.46071,1.00,1.00
2016.09.08 07:00:08.016,1.46053,1.4607,1.25,1.00
2016.09.08 07:00:08.475,1.46055,1.46071,1.00,1.00
2016.09.08 07:00:08.987,1.46053,1.46071,1.25,1.00
2016.09.08 07:00:09.039,1.46053,1.46069,1.69,1.00
2016.09.08 07:00:09.544,1.46053,1.46069,1.25,1.00
2016.09.08 07:00:09.646,1.46053,1.46071,1.25,1.00
2016.09.08 07:00:09.698,1.46053,1.46071,1.69,1.00
2016.09.08 07:00:09.750,1.46053,1.46071,2.06,1.00
2016.09.08 07:00:09.826,1.46056,1.46073,1.50,1.00
2016.09.08 07:00:09.878,1.46058,1.46073,1.00,1.00
2016.09.08 07:00:10.278,1.46057,1.46075,1.50,1.00
2016.09.08 07:00:10.330,1.46057,1.46075,1.00,1.00
2016.09.08 07:00:10.382,1.46057,1.4607,1.00,1.00
2016.09.08 07:00:10.433,1.46055,1.46069,1.00,1.00
2016.09.08 07:00:10.536,1.46053,1.46069,1.00,1.00
2016.09.08 07:00:12.203,1.46053,1.46069,1.19,1.00
2016.09.08 07:00:12.748,1.46053,1.4607,1.00,1.00
2016.09.08 07:00:12.800,1.46053,1.46071,1.50,1.00
2016.09.08 07:00:12.851,1.46053,1.46071,1.95,1.00
2016.09.08 07:00:12.903,1.46055,1.46071,1.10,1.00
2016.09.08 07:00:12.954,1.46056,1.46071,1.00,1.00
2016.09.08 07:00:13.210,1.46054,1.4607,1.87,1.00
2016.09.08 07:00:13.261,1.46054,1.4607,1.57,1.00
2016.09.08 07:00:14.730,1.46051,1.46069,2.25,1.00
2016.09.08 07:00:15.284,1.46051,1.46069,2.06,1.00
2016.09.08 07:00:15.710,1.46051,1.46068,1.87,1.00
2016.09.08 07:00:15.761,1.46052,1.46068,1.10,1.00
2016.09.08 07:00:15.996,1.46052,1.46068,1.00,1.00
2016.09.08 07:00:16.251,1.46051,1.46068,1.69,1.00
2016.09.08 07:00:16.511,1.46051,1.46067,1.50,1.00
2016.09.08 07:00:17.228,1.46051,1.46068,1.00,1.00
2016.09.08 07:00:17.337,1.4605,1.46068,1.50,1.00
2016.09.08 07:00:19.047,1.46051,1.46068,1.00,1.00
2016.09.08 07:00:19.471,1.46051,1.46067,1.50,1.00
2016.09.08 07:00:20.071,1.46051,1.46067,1.00,1.00
2016.09.08 07:00:20.266,1.4605,1.46067,1.50,1.00
2016.09.08 07:00:20.778,1.4605,1.46068,1.50,1.00
2016.09.08 07:00:20.882,1.4605,1.46067,2.25,1.00
2016.09.08 07:00:20.933,1.4605,1.46067,1.50,1.00
2016.09.08 07:00:21.057,1.4605,1.46067,1.00,1.00
2016.09.08 07:00:21.110,1.46048,1.46061,1.00,1.00
2016.09.08 07:00:21.162,1.46048,1.46061,1.00,1.00
2016.09.08 07:00:21.674,1.46047,1.46062,1.50,1.00
2016.09.08 07:00:21.725,1.46047,1.46062,1.50,1.00
2016.09.08 07:00:22.099,1.46047,1.46063,1.50,1.00
2016.09.08 07:00:22.626,1.46047,1.46065,2.25,1.00
2016.09.08 07:00:22.678,1.46055,1.46065,1.00,1.00
2016.09.08 07:00:22.730,1.46055,1.46069,1.00,1.00
2016.09.08 07:00:23.232,1.46055,1.46068,1.00,1.00
2016.09.08 07:00:23.671,1.46056,1.4607,1.00,1.00
2016.09.08 07:00:23.723,1.46056,1.46072,1.10,1.00
2016.09.08 07:00:23.774,1.46056,1.46072,1.57,1.00
2016.09.08 07:00:23.825,1.46056,1.46072,1.87,1.00
2016.09.08 07:00:23.877,1.46056,1.46072,1.95,1.00
2016.09.08 07:00:23.928,1.46057,1.46072,1.00,1.00
2016.09.08 07:00:24.315,1.4606,1.46075,1.00,1.00
2016.09.08 07:00:24.469,1.4606,1.46077,1.57,1.00
2016.09.08 07:00:24.520,1.46064,1.46077,1.00,1.00
2016.09.08 07:00:25.340,1.46061,1.46077,1.00,1.00
2016.09.08 07:00:25.391,1.46061,1.46075,1.00,1.00
2016.09.08 07:00:25.545,1.46059,1.46075,1.00,1.00
2016.09.08 07:00:25.597,1.46058,1.46073,1.57,1.00
2016.09.08 07:00:25.699,1.46058,1.46074,1.00,1.00
2016.09.08 07:00:25.750,1.46058,1.46074,1.50,1.00
2016.09.08 07:00:25.802,1.46058,1.46077,1.50,1.00
2016.09.08 07:00:26.075,1.4606,1.46077,1.00,1.00
2016.09.08 07:00:26.280,1.4606,1.46074,1.00,1.00
2016.09.08 07:00:26.792,1.46058,1.46075,1.50,1.00
2016.09.08 07:00:27.026,1.46058,1.46075,2.25,1.00
2016.09.08 07:00:27.078,1.46058,1.46075,1.50,1.00
2016.09.08 07:00:27.487,1.46059,1.46076,1.00,1.00
2016.09.08 07:00:28.015,1.46061,1.46076,1.00,1.00
2016.09.08 07:00:28.760,1.46061,1.46079,1.50,1.00
2016.09.08 07:00:29.946,1.46061,1.46079,1.35,1.00
2016.09.08 07:00:30.079,1.46061,1.46079,2.10,1.00
2016.09.08 07:00:30.134,1.46064,1.4608,1.00,1.10
2016.09.08 07:00:30.236,1.46063,1.4608,1.00,1.00
2016.09.08 07:00:30.339,1.46062,1.4608,3.37,1.00
2016.09.08 07:00:30.683,1.46064,1.4608,1.00,1.00
2016.09.08 07:00:32.663,1.46062,1.4608,2.62,1.00
2016.09.08 07:00:32.714,1.46063,1.46081,1.00,1.00
2016.09.08 07:00:33.057,1.46063,1.46079,1.00,1.00
2016.09.08 07:00:33.108,1.46063,1.46079,1.50,1.00
2016.09.08 07:00:33.159,1.46063,1.46079,2.25,1.00
2016.09.08 07:00:33.415,1.46063,1.46079,1.50,1.00
2016.09.08 07:00:33.619,1.46063,1.46078,1.00,1.00
2016.09.08 07:00:33.827,1.46062,1.46078,2.62,1.00
2016.09.08 07:00:34.058,1.46063,1.46079,1.00,1.00
2016.09.08 07:00:34.161,1.46063,1.46079,1.50,1.00
2016.09.08 07:00:34.588,1.46066,1.46082,1.50,1.00
2016.09.08 07:00:34.640,1.46067,1.46083,1.87,1.20
2016.09.08 07:00:34.691,1.46067,1.46083,2.25,1.20
2016.09.08 07:00:34.742,1.46067,1.46084,2.25,1.00
2016.09.08 07:00:34.879,1.46067,1.46082,1.50,1.00
2016.09.08 07:00:34.940,1.46066,1.46082,2.47,1.00
2016.09.08 07:00:34.991,1.46066,1.46082,2.10,1.00
2016.09.08 07:00:35.348,1.46066,1.46081,1.00,1.00
2016.09.08 07:00:35.399,1.46064,1.4608,1.50,1.00
2016.09.08 07:00:35.501,1.46062,1.46077,1.00,1.00
2016.09.08 07:00:35.552,1.4606,1.46077,1.37,1.00
2016.09.08 07:00:35.739,1.46059,1.46077,2.85,1.00
2016.09.08 07:00:35.791,1.46059,1.46076,2.10,1.00
2016.09.08 07:00:35.893,1.46059,1.46075,1.67,1.00
2016.09.08 07:00:35.944,1.46059,1.46075,1.30,1.00
2016.09.08 07:00:35.996,1.46058,1.46075,1.60,1.00
2016.09.08 07:00:36.149,1.46058,1.46074,2.10,1.00
2016.09.08 07:00:36.547,1.46058,1.46074,1.60,1.00
2016.09.08 07:00:36.752,1.46057,1.46074,1.25,1.00
2016.09.08 07:00:36.855,1.46057,1.46073,1.00,1.00
2016.09.08 07:00:36.906,1.46054,1.46073,2.10,1.00
2016.09.08 07:00:37.009,1.46054,1.46072,1.35,1.00
2016.09.08 07:00:37.079,1.46054,1.46072,1.00,1.00
2016.09.08 07:00:37.295,1.46053,1.46068,1.50,1.00
2016.09.08 07:00:37.398,1.46053,1.46068,1.00,1.00
2016.09.08 07:00:38.473,1.46053,1.46069,1.50,1.00
2016.09.08 07:00:38.882,1.46053,1.46069,1.00,1.10
2016.09.08 07:00:39.031,1.46052,1.46069,1.50,1.10
2016.09.08 07:00:39.724,1.46052,1.46069,1.50,1.20
2016.09.08 07:00:39.775,1.46053,1.46069,1.00,1.20
2016.09.08 07:00:39.826,1.46051,1.46067,2.10,1.00
2016.09.08 07:00:39.928,1.46051,1.46068,2.10,1.37
2016.09.08 07:00:39.980,1.46051,1.46068,2.10,1.12
2016.09.08 07:00:40.031,1.46051,1.46068,1.35,1.12
2016.09.08 07:00:40.831,1.46051,1.46067,1.35,1.00
2016.09.08 07:00:40.967,1.46049,1.46067,3.97,1.00
2016.09.08 07:00:41.019,1.46049,1.46067,3.97,1.37
2016.09.08 07:00:41.070,1.46049,1.46067,3.97,1.50
2016.09.08 07:00:41.797,1.46049,1.46067,4.72,1.50
2016.09.08 07:00:41.899,1.46049,1.46067,4.72,1.12
2016.09.08 07:00:41.950,1.46049,1.46067,4.72,1.00
2016.09.08 07:00:42.143,1.46049,1.46067,4.72,1.12
2016.09.08 07:00:42.245,1.46049,1.46067,4.72,1.37
2016.09.08 07:00:42.297,1.46049,1.46067,4.72,1.00
2016.09.08 07:00:42.861,1.46049,1.46067,1.87,1.00
2016.09.08 07:00:42.963,1.46049,1.46066,1.12,1.00
2016.09.08 07:00:44.294,1.46049,1.46066,1.87,1.00
2016.09.08 07:00:44.345,1.46049,1.46066,1.12,1.00
2016.09.08 07:00:44.447,1.46048,1.46066,3.00,1.00
2016.09.08 07:00:44.653,1.46048,1.46064,1.87,1.00
2016.09.08 07:00:44.704,1.46048,1.46064,1.50,1.00
2016.09.08 07:00:44.756,1.46048,1.46064,1.00,1.00
2016.09.08 07:00:45.070,1.46048,1.46062,1.00,1.00
2016.09.08 07:00:45.121,1.46046,1.46062,3.22,1.00
2016.09.08 07:00:45.223,1.46046,1.46062,2.47,1.00
2016.09.08 07:00:45.692,1.46046,1.46064,1.72,1.00
2016.09.08 07:00:45.860,1.46047,1.46063,1.00,1.00
2016.09.08 07:00:46.178,1.46051,1.46067,1.35,1.00
2016.09.08 07:00:46.229,1.46052,1.4607,3.60,3.37
2016.09.08 07:00:46.280,1.46053,1.4607,2.10,1.87
2016.09.08 07:00:46.332,1.46053,1.4607,2.85,1.12
2016.09.08 07:00:46.383,1.46053,1.46071,2.85,1.12
2016.09.08 07:00:46.639,1.46053,1.46071,3.60,1.12
2016.09.08 07:00:46.741,1.46053,1.46071,2.85,1.00
2016.09.08 07:00:46.843,1.46053,1.46071,3.60,1.00
2016.09.08 07:00:47.024,1.46053,1.46071,2.85,1.00
2016.09.08 07:00:47.228,1.46053,1.46071,2.10,1.00
2016.09.08 07:00:47.280,1.46053,1.46071,2.85,1.00
2016.09.08 07:00:47.638,1.46054,1.46071,1.35,1.00
2016.09.08 07:00:47.936,1.46054,1.46071,2.10,1.00
2016.09.08 07:00:48.176,1.46054,1.46072,2.85,1.00
2016.09.08 07:00:48.583,1.46054,1.4607,2.85,1.00
2016.09.08 07:00:48.634,1.46054,1.4607,1.50,1.00
2016.09.08 07:00:48.685,1.46054,1.46071,1.10,1.00
2016.09.08 07:00:49.029,1.46054,1.46069,1.10,1.00
2016.09.08 07:00:49.116,1.46053,1.46069,1.95,1.00
2016.09.08 07:00:49.269,1.46053,1.46069,1.20,1.00
2016.09.08 07:00:49.575,1.46053,1.46069,1.95,1.00
2016.09.08 07:00:49.677,1.46053,1.4607,2.32,1.00
2016.09.08 07:00:49.728,1.46053,1.46069,2.25,1.00
2016.09.08 07:00:50.045,1.46053,1.4607,1.50,1.00
2016.09.08 07:00:50.351,1.46053,1.4607,1.00,1.00
2016.09.08 07:00:51.145,1.46053,1.4607,1.60,1.00
2016.09.08 07:00:51.248,1.46055,1.46071,1.35,1.00
2016.09.08 07:00:51.351,1.46053,1.46071,2.10,1.00
2016.09.08 07:00:51.403,1.46053,1.46071,2.85,1.00
2016.09.08 07:00:51.454,1.46054,1.4607,1.60,1.00
2016.09.08 07:00:52.211,1.46054,1.4607,2.47,1.00
2016.09.08 07:00:52.338,1.46054,1.4607,2.10,1.00
2016.09.08 07:00:53.432,1.46055,1.4607,1.35,1.00
2016.09.08 07:00:53.687,1.46056,1.46074,1.00,1.50
2016.09.08 07:00:53.738,1.46059,1.46074,2.10,1.00
2016.09.08 07:00:53.840,1.46059,1.46076,2.85,1.00
2016.09.08 07:00:54.247,1.46059,1.46076,2.85,1.00
2016.09.08 07:00:55.128,1.46059,1.46076,2.10,1.00
2016.09.08 07:00:55.179,1.46059,1.46076,2.47,1.00
2016.09.08 07:00:55.230,1.46061,1.46076,1.67,1.00
2016.09.08 07:00:58.043,1.46059,1.46074,1.75,1.00
2016.09.08 07:00:58.094,1.46059,1.46074,1.50,1.00
2016.09.08 07:00:58.146,1.46059,1.46074,1.12,1.00
2016.09.08 07:01:00.496,1.46058,1.46074,2.85,1.00
2016.09.08 07:01:00.547,1.46058,1.46074,4.35,1.00
2016.09.08 07:01:00.651,1.46059,1.46075,1.72,1.00
2016.09.08 07:01:00.702,1.46059,1.46075,2.55,1.00
2016.09.08 07:01:00.754,1.46059,1.46075,1.80,1.00
2016.09.08 07:01:00.805,1.46059,1.46075,1.72,1.00
2016.09.08 07:01:00.857,1.46059,1.46075,1.72,1.00
2016.09.08 07:01:01.378,1.46058,1.46075,2.85,1.00
2016.09.08 07:01:02.483,1.46059,1.46075,1.72,1.00
2016.09.08 07:01:03.095,1.46058,1.46075,3.60,1.00
2016.09.08 07:01:03.487,1.46059,1.46075,1.72,1.00
2016.09.08 07:01:06.400,1.46059,1.46076,1.72,1.00
2016.09.08 07:01:06.923,1.46059,1.46075,1.72,1.00
2016.09.08 07:01:08.060,1.46058,1.46075,2.85,1.00
2016.09.08 07:01:10.376,1.46058,1.46072,1.50,1.00
2016.09.08 07:01:10.427,1.46057,1.46065,1.75,1.00
2016.09.08 07:01:10.478,1.46055,1.46065,1.87,1.00
2016.09.08 07:01:10.530,1.46051,1.46064,2.25,1.00
2016.09.08 07:01:10.581,1.46051,1.46062,1.87,1.00
2016.09.08 07:01:10.684,1.46051,1.46061,1.12,1.00
2016.09.08 07:01:10.735,1.46051,1.46061,1.00,1.00
2016.09.08 07:01:10.889,1.46045,1.46061,1.20,1.00
2016.09.08 07:01:11.267,1.46044,1.4606,1.10,1.00
2016.09.08 07:01:11.522,1.46044,1.4606,1.20,1.00
2016.09.08 07:01:11.573,1.46044,1.4606,1.12,1.00
2016.09.08 07:01:12.134,1.46044,1.4606,1.20,1.00
2016.09.08 07:01:12.185,1.46044,1.4606,1.27,1.00
2016.09.08 07:01:12.389,1.46045,1.4606,1.00,1.00
2016.09.08 07:01:13.275,1.46044,1.4606,1.00,1.00
2016.09.08 07:01:14.983,1.46045,1.4606,1.00,1.00
2016.09.08 07:01:15.034,1.46045,1.4606,1.12,1.00
2016.09.08 07:01:15.188,1.46045,1.46062,1.12,1.00
2016.09.08 07:01:15.321,1.46047,1.46062,1.00,1.00
2016.09.08 07:01:15.426,1.46047,1.46063,1.00,1.00
2016.09.08 07:01:15.477,1.46049,1.46066,1.00,1.12
2016.09.08 07:01:15.529,1.46049,1.46065,2.47,1.00
2016.09.08 07:01:15.580,1.46049,1.46067,2.47,1.00
2016.09.08 07:01:15.631,1.46049,1.46067,4.80,1.00
2016.09.08 07:01:15.683,1.46052,1.46067,1.00,1.00
2016.09.08 07:01:15.735,1.46052,1.46068,1.00,1.00
2016.09.08 07:01:18.277,1.46052,1.46067,1.00,1.00
2016.09.08 07:01:19.227,1.46051,1.46067,1.42,1.00
2016.09.08 07:01:19.278,1.46051,1.46066,1.35,1.00
2016.09.08 07:01:19.380,1.4605,1.46065,2.47,1.00
2016.09.08 07:01:19.431,1.4605,1.46065,1.72,1.00
2016.09.08 07:01:20.070,1.46052,1.46069,1.00,1.00
2016.09.08 07:01:20.576,1.46052,1.46069,1.00,1.12
2016.09.08 07:01:20.627,1.46052,1.46068,1.00,1.00
2016.09.08 07:01:21.187,1.46052,1.46069,1.00,1.00
2016.09.08 07:01:21.697,1.46053,1.46069,1.00,1.00
2016.09.08 07:01:22.253,1.46052,1.46071,1.00,3.00
2016.09.08 07:01:22.304,1.46057,1.46071,1.00,1.00
2016.09.08 07:01:22.356,1.46057,1.46073,1.00,1.00
2016.09.08 07:01:22.407,1.46057,1.46074,1.00,1.20
2016.09.08 07:01:22.459,1.46057,1.46074,1.00,1.12
2016.09.08 07:01:22.510,1.46057,1.46075,1.00,1.47
2016.09.08 07:01:22.561,1.46057,1.46075,1.00,1.00
2016.09.08 07:01:22.613,1.46057,1.46076,1.00,1.95
2016.09.08 07:01:22.707,1.46057,1.46076,1.00,2.25
2016.09.08 07:01:22.810,1.46057,1.46075,1.00,1.50
2016.09.08 07:01:22.913,1.46057,1.46075,1.00,1.37
2016.09.08 07:01:22.964,1.46057,1.46075,1.00,1.00
2016.09.08 07:01:23.352,1.46057,1.46075,1.00,1.12
2016.09.08 07:01:23.404,1.46057,1.46075,1.00,1.50
2016.09.08 07:01:24.007,1.46057,1.46074,1.00,1.00
2016.09.08 07:01:24.324,1.46058,1.46074,1.00,1.87
2016.09.08 07:01:24.376,1.46058,1.46074,1.00,2.25
2016.09.08 07:01:24.478,1.46056,1.46074,1.00,1.50
2016.09.08 07:01:24.529,1.46056,1.46073,1.00,1.12
2016.09.08 07:01:24.580,1.46056,1.46073,1.00,1.50
2016.09.08 07:01:24.631,1.46056,1.46075,1.00,3.00
2016.09.08 07:01:24.825,1.46052,1.46062,3.56,1.00
2016.09.08 07:01:24.876,1.46052,1.4606,1.69,1.97
2016.09.08 07:01:24.927,1.4605,1.46058,1.12,1.00
2016.09.08 07:01:24.980,1.46041,1.46057,4.87,1.00
2016.09.08 07:01:25.031,1.46041,1.46057,2.62,1.00
2016.09.08 07:01:25.083,1.4604,1.46057,1.00,1.87
2016.09.08 07:01:25.135,1.46038,1.46057,1.12,1.87
2016.09.08 07:01:25.187,1.46038,1.46057,1.20,2.62
2016.09.08 07:01:25.238,1.46038,1.46057,1.47,3.00
2016.09.08 07:01:25.289,1.46038,1.46057,1.47,3.75
2016.09.08 07:01:25.341,1.46038,1.46057,1.47,3.56
2016.09.08 07:01:25.536,1.46038,1.46057,1.47,3.94
2016.09.08 07:01:25.587,1.46038,1.46055,1.47,1.00
2016.09.08 07:01:25.639,1.46038,1.46055,1.00,1.00
2016.09.08 07:01:26.047,1.46037,1.46055,1.10,1.12
2016.09.08 07:01:26.098,1.46037,1.46055,1.00,1.87
2016.09.08 07:01:26.353,1.46036,1.46055,1.10,1.87
2016.09.08 07:01:26.744,1.46036,1.46055,1.00,1.87
2016.09.08 07:01:26.949,1.46036,1.46054,1.00,1.00
2016.09.08 07:01:27.471,1.46036,1.46053,1.00,1.12
2016.09.08 07:01:27.524,1.46036,1.46053,1.00,1.50
2016.09.08 07:01:27.627,1.46036,1.46053,1.00,1.12
2016.09.08 07:01:27.882,1.46036,1.46052,1.00,1.00
2016.09.08 07:01:27.933,1.46036,1.46053,1.00,1.12
2016.09.08 07:01:28.138,1.46036,1.46053,1.00,1.00
2016.09.08 07:01:28.380,1.46038,1.46054,1.00,1.00
2016.09.08 07:01:28.433,1.46042,1.46055,1.00,1.37
2016.09.08 07:01:28.484,1.46042,1.46057,1.00,1.69
2016.09.08 07:01:28.536,1.46045,1.46057,1.00,1.12
2016.09.08 07:01:28.588,1.46044,1.46058,1.00,1.00
2016.09.08 07:01:28.691,1.46044,1.46061,1.00,1.47
2016.09.08 07:01:28.743,1.46047,1.46061,1.00,1.00
2016.09.08 07:01:28.794,1.46051,1.46067,1.00,4.50
2016.09.08 07:01:28.845,1.4605,1.46068,1.60,1.75
2016.09.08 07:01:28.976,1.46052,1.46068,1.00,1.00
2016.09.08 07:01:29.079,1.46053,1.46069,1.00,1.37
2016.09.08 07:01:29.337,1.46053,1.46069,1.00,1.87
2016.09.08 07:01:29.439,1.46053,1.46069,1.00,2.25
2016.09.08 07:01:29.746,1.46053,1.46069,1.00,1.12
2016.09.08 07:01:29.994,1.46052,1.46069,1.00,1.50
2016.09.08 07:01:30.046,1.46052,1.4607,1.00,1.87
2016.09.08 07:01:30.097,1.46052,1.4607,1.00,1.37
2016.09.08 07:01:30.199,1.46051,1.46069,1.00,1.12
2016.09.08 07:01:30.301,1.46052,1.46068,1.00,1.00
2016.09.08 07:01:30.454,1.46052,1.46068,1.00,1.50
2016.09.08 07:01:30.597,1.46052,1.46067,1.00,1.00
2016.09.08 07:01:30.700,1.46051,1.46067,1.25,1.00
2016.09.08 07:01:31.469,1.46051,1.46067,1.25,1.50
2016.09.08 07:01:31.524,1.46049,1.46066,1.19,1.00
2016.09.08 07:01:31.576,1.46051,1.46066,1.25,1.00
2016.09.08 07:01:31.628,1.46049,1.46066,1.00,1.00
2016.09.08 07:01:31.833,1.46049,1.46066,1.00,1.87
2016.09.08 07:01:31.990,1.46054,1.46066,1.00,1.37
2016.09.08 07:01:32.069,1.46058,1.46066,1.00,1.37
2016.09.08 07:01:32.171,1.46061,1.46074,1.00,2.25
2016.09.08 07:01:32.266,1.46061,1.46074,1.10,2.25
2016.09.08 07:01:32.317,1.46061,1.46079,1.10,1.50
2016.09.08 07:01:32.369,1.46061,1.46079,1.10,2.25
2016.09.08 07:01:32.420,1.46061,1.46077,1.10,1.00
2016.09.08 07:01:32.471,1.46062,1.46078,1.00,1.37
2016.09.08 07:01:32.625,1.4606,1.46078,1.10,1.50
2016.09.08 07:01:32.831,1.4606,1.46078,1.10,1.37
2016.09.08 07:01:32.985,1.46061,1.46079,1.00,3.00
2016.09.08 07:01:33.036,1.46061,1.46079,1.00,2.62
2016.09.08 07:01:33.230,1.46061,1.46077,1.00,2.25
2016.09.08 07:01:33.283,1.4606,1.46076,1.00,1.37
2016.09.08 07:01:33.439,1.4606,1.46076,1.00,1.50
2016.09.08 07:01:33.643,1.4606,1.46075,1.00,1.00
2016.09.08 07:01:34.107,1.4606,1.46075,1.00,1.00
2016.09.08 07:01:34.995,1.46059,1.46075,1.00,1.00
2016.09.08 07:01:35.114,1.46059,1.46076,1.00,1.75
2016.09.08 07:01:35.170,1.46055,1.4607,1.76,1.00
2016.09.08 07:01:35.222,1.46055,1.46071,1.25,1.00
2016.09.08 07:01:35.275,1.46053,1.46069,1.00,1.00
2016.09.08 07:01:35.328,1.46053,1.46069,1.00,1.00
2016.09.08 07:01:35.379,1.4605,1.46068,3.26,1.00
2016.09.08 07:01:35.431,1.46057,1.46073,1.00,1.12
2016.09.08 07:01:35.482,1.46057,1.46073,1.00,1.00
2016.09.08 07:01:35.534,1.46057,1.46075,1.12,1.00
2016.09.08 07:01:35.585,1.46059,1.46075,1.10,1.00
2016.09.08 07:01:35.637,1.46059,1.46075,1.95,1.00
2016.09.08 07:01:35.689,1.46059,1.46074,1.87,1.00
2016.09.08 07:01:35.822,1.46059,1.46074,1.12,1.00
2016.09.08 07:01:35.873,1.46057,1.46074,1.12,1.00
2016.09.08 07:01:35.925,1.46057,1.46072,1.12,1.00
2016.09.08 07:01:35.976,1.46056,1.46072,1.10,1.00
2016.09.08 07:01:36.130,1.46054,1.46073,1.87,1.00
2016.09.08 07:01:36.232,1.46054,1.46072,2.62,1.00
2016.09.08 07:01:36.335,1.46054,1.46072,1.87,1.00
2016.09.08 07:01:36.752,1.46054,1.46072,2.62,1.00
2016.09.08 07:01:36.856,1.46054,1.46072,1.87,1.00
2016.09.08 07:01:36.959,1.46054,1.46072,2.62,1.00
2016.09.08 07:01:37.368,1.46054,1.46072,1.87,1.00
2016.09.08 07:01:38.823,1.46054,1.46072,2.62,1.00
2016.09.08 07:01:39.312,1.46054,1.4607,2.62,1.00
2016.09.08 07:01:40.415,1.46054,1.46072,1.87,1.00
2016.09.08 07:01:40.570,1.46054,1.46072,1.12,1.00
2016.09.08 07:01:41.181,1.46054,1.46072,1.87,1.00
2016.09.08 07:01:41.356,1.46055,1.46073,1.00,1.00
2016.09.08 07:01:41.873,1.46055,1.46074,1.00,1.00
2016.09.08 07:01:42.325,1.46054,1.46071,1.12,1.00
2016.09.08 07:01:42.684,1.46055,1.46071,1.00,1.00
2016.09.08 07:01:44.125,1.46055,1.46071,1.12,1.00
2016.09.08 07:01:44.537,1.46054,1.46073,2.32,1.00
2016.09.08 07:01:45.110,1.46056,1.46072,1.10,1.00
2016.09.08 07:01:45.264,1.46054,1.46072,2.32,1.00
2016.09.08 07:01:45.366,1.46054,1.46072,1.57,1.00
2016.09.08 07:01:45.424,1.46054,1.4607,1.57,1.00
2016.09.08 07:01:46.343,1.46054,1.4607,2.32,1.00
2016.09.08 07:01:46.395,1.46055,1.4607,1.12,1.00
2016.09.08 07:01:46.447,1.46055,1.4607,1.75,1.00
2016.09.08 07:01:47.095,1.46055,1.46072,1.75,1.00
2016.09.08 07:01:47.197,1.46054,1.46072,3.07,1.00
2016.09.08 07:01:47.606,1.46054,1.46072,2.62,1.00
2016.09.08 07:01:47.657,1.46054,1.46072,1.87,1.00
2016.09.08 07:01:47.759,1.46054,1.46072,2.25,1.00
2016.09.08 07:01:47.896,1.46054,1.46072,1.87,1.00
2016.09.08 07:01:47.999,1.46054,1.4607,2.62,1.00
2016.09.08 07:01:48.050,1.46054,1.4607,1.12,1.00
2016.09.08 07:01:48.152,1.46053,1.4607,2.32,1.00
2016.09.08 07:01:48.204,1.46053,1.46071,1.95,1.00
2016.09.08 07:01:48.255,1.46054,1.4607,1.20,1.00
2016.09.08 07:01:48.561,1.46053,1.4607,1.95,1.12
2016.09.08 07:01:48.613,1.46053,1.46069,1.95,1.00
2016.09.08 07:01:48.741,1.46054,1.46069,1.12,1.00
2016.09.08 07:01:48.793,1.46053,1.46069,1.50,1.00
2016.09.08 07:01:48.844,1.46055,1.46072,1.00,1.50
2016.09.08 07:01:48.997,1.46056,1.46073,1.00,1.12
2016.09.08 07:01:49.048,1.46056,1.46074,1.00,2.10
2016.09.08 07:01:49.457,1.46056,1.46074,1.00,1.35
2016.09.08 07:01:49.560,1.46056,1.46074,1.00,1.72
2016.09.08 07:01:49.871,1.46056,1.46074,1.10,1.72
2016.09.08 07:01:50.263,1.46056,1.46074,1.10,1.12
2016.09.08 07:01:50.314,1.46056,1.46074,1.10,1.00
2016.09.08 07:01:50.366,1.46056,1.46074,1.10,1.12
2016.09.08 07:01:50.569,1.46057,1.46074,1.00,1.12
2016.09.08 07:01:50.760,1.46057,1.46074,1.00,1.00
2016.09.08 07:01:50.812,1.46057,1.46074,1.00,1.12
2016.09.08 07:01:50.863,1.46057,1.46074,1.00,1.00
2016.09.08 07:01:50.966,1.46058,1.46074,1.00,1.12
2016.09.08 07:01:51.171,1.46058,1.46074,1.50,1.00
2016.09.08 07:01:51.398,1.4606,1.46074,1.00,1.00
2016.09.08 07:01:51.603,1.46058,1.46074,1.00,1.00
2016.09.08 07:01:51.737,1.4606,1.46074,1.00,1.00
2016.09.08 07:01:51.993,1.46058,1.46074,1.00,1.37
2016.09.08 07:01:52.064,1.46058,1.46073,1.00,1.00
2016.09.08 07:01:52.269,1.46058,1.46073,1.00,1.12
2016.09.08 07:01:52.371,1.46058,1.46073,1.00,1.00
2016.09.08 07:01:52.422,1.46058,1.46073,1.00,1.50
2016.09.08 07:01:52.474,1.46058,1.46073,1.00,1.00
2016.09.08 07:01:52.749,1.46058,1.46074,1.50,1.12
2016.09.08 07:01:52.800,1.46058,1.46074,1.57,1.12
2016.09.08 07:01:52.853,1.46058,1.46074,1.95,1.12
2016.09.08 07:01:52.924,1.4606,1.46074,1.00,1.12
2016.09.08 07:01:53.209,1.4606,1.46074,1.00,1.00
2016.09.08 07:01:53.903,1.46061,1.46076,1.00,1.50
2016.09.08 07:01:54.108,1.46061,1.46075,1.00,1.00
2016.09.08 07:01:54.211,1.46061,1.46076,1.00,1.50
2016.09.08 07:01:55.187,1.46061,1.46076,1.00,1.87
2016.09.08 07:01:55.238,1.46059,1.46076,1.10,1.87
2016.09.08 07:01:55.391,1.4606,1.46076,1.00,2.62
2016.09.08 07:01:56.403,1.4606,1.46074,1.00,1.00
2016.09.08 07:01:56.872,1.4606,1.46075,1.00,1.50
2016.09.08 07:01:57.180,1.46061,1.46075,1.00,1.12
2016.09.08 07:01:57.513,1.46061,1.46074,1.00,1.00
2016.09.08 07:01:58.222,1.4606,1.46074,1.00,1.00
2016.09.08 07:01:58.567,1.4606,1.46076,1.00,1.37
2016.09.08 07:01:58.771,1.4606,1.46076,1.00,1.50
2016.09.08 07:02:00.259,1.4606,1.46075,1.00,1.37
2016.09.08 07:02:00.310,1.4606,1.46074,1.00,1.37
2016.09.08 07:02:00.362,1.4606,1.46074,1.00,1.87
2016.09.08 07:02:00.496,1.4606,1.46076,1.00,2.25
2016.09.08 07:02:00.599,1.4606,1.46075,1.00,1.50
2016.09.08 07:02:00.905,1.46061,1.46075,1.00,2.25
2016.09.08 07:02:01.167,1.46059,1.46074,1.00,1.12
2016.09.08 07:02:01.220,1.46057,1.46074,1.57,1.50
2016.09.08 07:02:01.334,1.46058,1.46074,1.00,2.25
2016.09.08 07:02:01.386,1.46058,1.46073,1.00,1.00
2016.09.08 07:02:01.489,1.46058,1.46074,1.00,1.75
2016.09.08 07:02:01.540,1.46058,1.46074,1.00,2.25
2016.09.08 07:02:01.644,1.46059,1.46075,1.00,1.75
2016.09.08 07:02:01.697,1.46059,1.46075,1.00,2.25
2016.09.08 07:02:01.749,1.46055,1.46069,1.95,1.37
2016.09.08 07:02:01.802,1.46053,1.46068,1.57,1.87
2016.09.08 07:02:01.854,1.46053,1.46067,1.07,1.37
2016.09.08 07:02:01.905,1.46051,1.46065,1.37,1.00
2016.09.08 07:02:02.041,1.4605,1.46065,1.12,1.00
2016.09.08 07:02:02.120,1.46048,1.46063,1.00,1.00
2016.09.08 07:02:02.273,1.46047,1.46063,1.25,1.00
2016.09.08 07:02:02.324,1.46047,1.46061,1.00,1.00
2016.09.08 07:02:03.096,1.4605,1.46061,1.00,1.00
2016.09.08 07:02:03.147,1.46049,1.46064,1.00,1.00
2016.09.08 07:02:03.304,1.4605,1.46066,1.00,1.50
2016.09.08 07:02:03.355,1.46052,1.46066,1.00,1.50
2016.09.08 07:02:03.407,1.46052,1.46066,1.00,2.25
2016.09.08 07:02:03.510,1.46052,1.46066,1.00,1.50
2016.09.08 07:02:03.753,1.46051,1.46065,1.00,1.00
2016.09.08 07:02:03.804,1.46051,1.46065,1.00,1.12
2016.09.08 07:02:03.855,1.46051,1.46065,1.00,1.50
2016.09.08 07:02:03.907,1.4605,1.46065,1.00,1.37
2016.09.08 07:02:04.010,1.4605,1.46065,1.00,1.87
2016.09.08 07:02:04.061,1.46049,1.46065,1.00,1.37
2016.09.08 07:02:04.214,1.4605,1.46064,1.00,1.00
2016.09.08 07:02:04.754,1.4605,1.46066,1.00,1.12
2016.09.08 07:02:04.805,1.4605,1.46066,1.00,1.00
2016.09.08 07:02:05.111,1.4605,1.46067,1.00,2.62
2016.09.08 07:02:05.315,1.4605,1.46067,1.00,1.87
2016.09.08 07:02:05.417,1.4605,1.46067,1.00,2.62
2016.09.08 07:02:05.519,1.4605,1.46067,1.00,3.37
2016.09.08 07:02:05.712,1.4605,1.46067,1.00,2.62
2016.09.08 07:02:05.814,1.4605,1.46067,1.00,1.87
2016.09.08 07:02:05.916,1.4605,1.46067,1.00,2.62
2016.09.08 07:02:06.193,1.4605,1.46067,1.00,1.87
2016.09.08 07:02:06.694,1.4605,1.46067,1.00,1.12
2016.09.08 07:02:08.321,1.4605,1.46067,1.00,1.87
2016.09.08 07:02:08.588,1.4605,1.46067,1.00,1.12
2016.09.08 07:02:08.792,1.46049,1.46066,1.00,1.00
2016.09.08 07:02:09.108,1.46049,1.46067,1.00,2.62
2016.09.08 07:02:09.159,1.46052,1.46067,1.00,1.87
2016.09.08 07:02:09.211,1.46051,1.46067,1.00,1.75
2016.09.08 07:02:09.262,1.46051,1.46068,1.00,2.40
2016.09.08 07:02:09.313,1.46052,1.46068,1.00,1.37
2016.09.08 07:02:10.140,1.46052,1.46068,1.00,1.00
2016.09.08 07:02:11.261,1.46055,1.46068,1.00,1.00
2016.09.08 07:02:11.419,1.46055,1.4607,1.00,1.87
2016.09.08 07:02:11.471,1.46051,1.46068,2.25,1.00
2016.09.08 07:02:11.726,1.46051,1.46068,1.50,1.00
2016.09.08 07:02:11.981,1.46051,1.46068,1.12,1.00
2016.09.08 07:02:12.033,1.4605,1.46068,1.10,1.00
2016.09.08 07:02:12.084,1.4605,1.46068,1.00,1.00
2016.09.08 07:02:12.593,1.4605,1.46066,1.00,1.00
2016.09.08 07:02:13.240,1.46052,1.46069,1.00,1.00
2016.09.08 07:02:13.292,1.46052,1.46071,1.00,2.32
2016.09.08 07:02:13.343,1.46054,1.4607,1.35,1.00
2016.09.08 07:02:13.525,1.46052,1.4607,1.00,1.00
2016.09.08 07:02:13.627,1.46053,1.46071,1.00,2.70
2016.09.08 07:02:13.678,1.46052,1.46068,1.60,1.00
2016.09.08 07:02:13.730,1.46049,1.46067,1.00,1.00
2016.09.08 07:02:13.781,1.46051,1.46068,1.00,1.00
2016.09.08 07:02:13.833,1.4605,1.46066,1.10,1.00
2016.09.08 07:02:13.936,1.4605,1.46066,1.00,1.00
2016.09.08 07:02:15.768,1.46051,1.46068,1.00,1.00
2016.09.08 07:02:15.819,1.46054,1.46068,1.00,1.00
2016.09.08 07:02:15.870,1.46053,1.46069,1.00,1.20
2016.09.08 07:02:15.922,1.46051,1.46069,1.00,1.50
2016.09.08 07:02:15.973,1.46051,1.46068,1.00,1.57
2016.09.08 07:02:16.025,1.4605,1.46068,1.20,1.37
2016.09.08 07:02:16.077,1.4605,1.46068,1.20,1.00
2016.09.08 07:02:16.129,1.4605,1.46068,1.00,1.10
2016.09.08 07:02:16.717,1.4605,1.46068,1.00,1.00
2016.09.08 07:02:17.125,1.46053,1.46069,1.00,1.00
2016.09.08 07:02:17.228,1.46054,1.4607,1.00,1.10
2016.09.08 07:02:17.431,1.46051,1.4607,1.00,1.00
2016.09.08 07:02:17.483,1.46052,1.46071,1.00,1.20
2016.09.08 07:02:17.932,1.46054,1.4607,1.00,1.00
2016.09.08 07:02:18.136,1.46052,1.46069,1.00,1.00
2016.09.08 07:02:18.238,1.46054,1.46072,1.00,1.95
2016.09.08 07:02:18.340,1.46055,1.46072,1.00,1.20
2016.09.08 07:02:18.477,1.46055,1.46073,1.00,2.25
2016.09.08 07:02:18.528,1.46055,1.46073,1.00,1.95
2016.09.08 07:02:18.630,1.46054,1.46072,1.00,1.10
2016.09.08 07:02:18.681,1.46054,1.46072,1.50,1.10
2016.09.08 07:02:18.732,1.46054,1.4607,1.50,1.00
2016.09.08 07:02:19.258,1.46054,1.46071,1.50,1.00
2016.09.08 07:02:19.541,1.46054,1.46071,1.00,1.12
2016.09.08 07:02:19.592,1.46052,1.46071,1.00,1.12
2016.09.08 07:02:19.644,1.46052,1.46071,1.00,1.57
2016.09.08 07:02:19.695,1.46054,1.46071,1.00,1.57
2016.09.08 07:02:19.899,1.46054,1.46071,1.50,1.57
2016.09.08 07:02:19.950,1.46054,1.46071,1.50,1.12
2016.09.08 07:02:20.001,1.46054,1.46071,1.50,1.10
2016.09.08 07:02:20.103,1.46054,1.46071,1.00,1.10
2016.09.08 07:02:20.205,1.46054,1.46071,1.00,1.00
2016.09.08 07:02:20.700,1.46052,1.46071,1.00,1.00
2016.09.08 07:02:20.753,1.46052,1.46069,1.10,1.00
2016.09.08 07:02:20.857,1.46052,1.46069,1.00,1.00
2016.09.08 07:02:21.062,1.4605,1.46069,1.31,1.00
2016.09.08 07:02:21.621,1.46052,1.46069,1.00,1.00
2016.09.08 07:02:22.841,1.46053,1.4607,1.00,1.00
2016.09.08 07:02:23.351,1.46053,1.46069,1.00,1.00
2016.09.08 07:02:25.121,1.46059,1.46073,1.00,2.40
2016.09.08 07:02:25.173,1.46058,1.46074,1.00,1.00
2016.09.08 07:02:25.225,1.46058,1.46076,1.10,1.00
2016.09.08 07:02:25.277,1.4606,1.46078,1.00,1.87
2016.09.08 07:02:25.329,1.4606,1.46078,1.00,1.00
2016.09.08 07:02:25.380,1.46062,1.46078,1.00,1.00
2016.09.08 07:02:25.687,1.46062,1.46079,1.00,1.12
2016.09.08 07:02:25.739,1.46063,1.46079,1.00,1.50
2016.09.08 07:02:25.790,1.46062,1.46079,1.10,1.50
2016.09.08 07:02:25.841,1.46062,1.46077,1.10,1.00
2016.09.08 07:02:25.953,1.46062,1.46079,1.00,1.37
2016.09.08 07:02:26.005,1.46062,1.46078,1.00,1.12
2016.09.08 07:02:26.107,1.46062,1.46078,1.00,1.37
2016.09.08 07:02:26.210,1.46062,1.46078,1.00,1.12
2016.09.08 07:02:26.261,1.46062,1.46078,1.00,1.00
2016.09.08 07:02:26.785,1.46062,1.46079,1.00,1.00
2016.09.08 07:02:27.176,1.46062,1.46079,1.00,1.25
2016.09.08 07:02:27.379,1.46063,1.46079,1.00,1.00
2016.09.08 07:02:28.467,1.46062,1.46079,1.00,1.31
2016.09.08 07:02:28.520,1.4606,1.46077,1.00,1.00
2016.09.08 07:02:28.571,1.46059,1.46077,1.10,1.12
2016.09.08 07:02:28.623,1.46057,1.46075,1.50,1.00
2016.09.08 07:02:28.674,1.46057,1.46075,1.20,1.00
2016.09.08 07:02:28.776,1.46057,1.46075,1.00,1.87
2016.09.08 07:02:28.930,1.46058,1.46074,1.00,1.00
2016.09.08 07:02:29.213,1.46057,1.46073,1.00,1.50
2016.09.08 07:02:29.264,1.46058,1.46073,1.00,1.00
2016.09.08 07:02:29.521,1.46056,1.46073,1.00,1.00
2016.09.08 07:02:30.071,1.46057,1.46074,1.00,1.00
2016.09.08 07:02:30.428,1.46057,1.46074,1.37,1.00
2016.09.08 07:02:31.595,1.46057,1.46076,1.37,1.37
2016.09.08 07:02:31.902,1.46056,1.46071,1.47,1.00
2016.09.08 07:02:32.019,1.46055,1.46071,1.57,1.00
2016.09.08 07:02:32.102,1.46051,1.46067,1.00,1.00
2016.09.08 07:02:32.256,1.46049,1.46068,1.57,1.00
2016.09.08 07:02:32.849,1.46049,1.46068,1.47,1.00
2016.09.08 07:02:32.900,1.46049,1.46068,1.37,1.00
2016.09.08 07:02:33.155,1.46049,1.46068,1.87,1.00
2016.09.08 07:02:33.728,1.46049,1.46068,1.37,1.00
2016.09.08 07:02:33.942,1.46049,1.46068,1.00,1.50
2016.09.08 07:02:33.993,1.46049,1.46066,1.10,1.00
2016.09.08 07:02:34.096,1.46049,1.46066,1.00,1.00
2016.09.08 07:02:34.611,1.46049,1.46065,1.00,1.00
2016.09.08 07:02:35.130,1.46048,1.46065,1.00,1.00
2016.09.08 07:02:37.592,1.46046,1.46064,1.87,1.00
2016.09.08 07:02:37.643,1.46046,1.46062,1.87,1.00
2016.09.08 07:02:38.677,1.46046,1.46063,1.87,1.00
2016.09.08 07:02:40.213,1.46046,1.46061,1.87,1.00
2016.09.08 07:02:40.264,1.46046,1.46061,1.45,1.00
2016.09.08 07:02:40.315,1.46046,1.46061,1.07,1.50
2016.09.08 07:02:40.621,1.46046,1.46061,1.57,1.00
2016.09.08 07:02:40.774,1.46046,1.46061,1.07,1.00
2016.09.08 07:02:40.825,1.46046,1.46061,1.07,1.50
2016.09.08 07:02:40.943,1.46045,1.46061,1.50,1.00
2016.09.08 07:02:40.995,1.4605,1.46061,1.07,1.00
2016.09.08 07:02:41.098,1.46048,1.46063,1.12,1.00
2016.09.08 07:02:41.302,1.46047,1.46063,1.87,1.00
2016.09.08 07:02:41.354,1.46046,1.46064,3.86,1.00
2016.09.08 07:02:41.405,1.46046,1.46064,4.09,1.00
2016.09.08 07:02:41.456,1.46047,1.46064,1.20,1.00
2016.09.08 07:02:41.508,1.46048,1.46065,1.12,1.50
2016.09.08 07:02:41.559,1.46049,1.46064,1.45,1.00
2016.09.08 07:02:41.610,1.4605,1.46064,1.07,1.00
2016.09.08 07:02:41.778,1.4605,1.46063,1.12,1.00
2016.09.08 07:02:41.881,1.46047,1.46063,2.20,1.00
2016.09.08 07:02:41.932,1.46047,1.46063,1.82,1.00
2016.09.08 07:02:41.990,1.46046,1.46063,2.77,1.00
2016.09.08 07:02:42.074,1.46046,1.46062,1.12,1.00
2016.09.08 07:02:42.125,1.46046,1.46062,1.31,1.00
2016.09.08 07:02:42.177,1.46045,1.46062,1.01,1.00
2016.09.08 07:02:42.228,1.46044,1.46062,3.37,1.00
2016.09.08 07:02:42.577,1.46044,1.46062,4.12,1.00
2016.09.08 07:02:43.758,1.46044,1.46062,3.37,1.00
2016.09.08 07:02:45.016,1.46044,1.46062,3.00,1.00
2016.09.08 07:02:45.325,1.46044,1.46059,2.25,1.00
2016.09.08 07:02:45.376,1.46044,1.46059,3.00,1.00
2016.09.08 07:02:46.152,1.46044,1.46059,2.25,1.00
2016.09.08 07:02:46.472,1.46055,1.46059,1.00,1.00
2016.09.08 07:02:46.524,1.46053,1.46064,2.05,1.00
2016.09.08 07:02:46.576,1.46055,1.46067,1.50,1.12
2016.09.08 07:02:46.627,1.46056,1.46067,1.75,1.12
2016.09.08 07:02:46.679,1.46058,1.46067,1.00,1.12
2016.09.08 07:02:46.730,1.46058,1.46067,1.50,1.12
2016.09.08 07:02:46.832,1.46058,1.46067,1.57,1.12
2016.09.08 07:02:46.883,1.46057,1.46073,2.17,1.00
2016.09.08 07:02:47.079,1.46058,1.46074,1.20,1.50
2016.09.08 07:02:47.150,1.46058,1.46074,1.10,1.50
2016.09.08 07:02:48.436,1.46058,1.46074,1.10,1.00
2016.09.08 07:02:48.488,1.46057,1.46074,3.67,1.00
2016.09.08 07:02:48.590,1.46057,1.46074,2.92,1.00
2016.09.08 07:02:48.743,1.46057,1.46074,1.95,1.00
2016.09.08 07:02:48.795,1.46057,1.46073,1.20,1.00
2016.09.08 07:02:48.897,1.46055,1.4607,1.50,1.00
2016.09.08 07:02:48.948,1.46055,1.4607,1.12,1.00
2016.09.08 07:02:49.000,1.46054,1.4607,1.12,1.50
2016.09.08 07:02:49.051,1.46053,1.46069,1.75,1.00
2016.09.08 07:02:49.102,1.46052,1.46068,2.25,1.00
2016.09.08 07:02:49.154,1.46052,1.46068,2.62,1.00
2016.09.08 07:02:49.249,1.46052,1.46068,2.25,1.00
2016.09.08 07:02:49.659,1.46052,1.46068,2.62,1.00
2016.09.08 07:02:50.123,1.46052,1.4607,2.62,1.50
2016.09.08 07:02:50.225,1.46052,1.46069,2.25,1.00
2016.09.08 07:02:50.411,1.46052,1.46068,1.12,1.50
2016.09.08 07:02:50.718,1.46055,1.46068,1.10,1.00
2016.09.08 07:02:50.769,1.46056,1.46068,1.00,1.00
2016.09.08 07:02:50.872,1.46056,1.46072,1.10,1.00
2016.09.08 07:02:50.923,1.46056,1.46072,1.20,1.00
2016.09.08 07:02:51.025,1.46057,1.46072,1.50,1.00
2016.09.08 07:02:51.811,1.46056,1.4607,1.87,1.00
2016.09.08 07:02:51.914,1.46056,1.4607,1.12,1.00
2016.09.08 07:02:51.965,1.46054,1.4607,1.85,1.00
2016.09.08 07:02:52.017,1.46054,1.4607,1.20,1.00
2016.09.08 07:02:52.896,1.46053,1.4607,1.50,1.00
2016.09.08 07:02:52.947,1.46053,1.4607,1.47,1.00
2016.09.08 07:02:52.999,1.46053,1.4607,1.20,1.00
2016.09.08 07:02:53.291,1.46054,1.46071,1.10,1.00
2016.09.08 07:02:53.342,1.46054,1.46071,1.00,1.00
2016.09.08 07:02:53.445,1.46053,1.46071,1.10,1.50
2016.09.08 07:02:53.496,1.46053,1.46069,1.10,1.00
2016.09.08 07:02:53.853,1.46053,1.46069,1.00,1.00
2016.09.08 07:02:54.625,1.46053,1.46069,1.00,1.37
2016.09.08 07:02:57.046,1.46053,1.46069,1.00,1.00
2016.09.08 07:02:58.421,1.46053,1.46069,1.00,1.12
2016.09.08 07:02:58.523,1.46055,1.46071,1.00,3.00
2016.09.08 07:02:58.575,1.46055,1.46071,1.12,2.62
2016.09.08 07:02:58.627,1.46057,1.46071,1.00,1.50
2016.09.08 07:02:58.678,1.46063,1.46071,1.00,1.00
2016.09.08 07:02:58.729,1.4606,1.46071,1.00,1.00
2016.09.08 07:02:58.781,1.4606,1.46073,1.00,1.12
2016.09.08 07:02:58.832,1.46061,1.46073,1.00,1.00
2016.09.08 07:02:58.934,1.46061,1.46074,1.00,1.00
2016.09.08 07:02:59.036,1.46061,1.46074,1.00,1.00
2016.09.08 07:03:00.551,1.46062,1.46074,1.00,1.00
2016.09.08 07:03:00.948,1.46064,1.46074,1.00,1.00
2016.09.08 07:03:01.527,1.46063,1.46074,1.00,1.00
2016.09.08 07:03:03.241,1.46062,1.46074,1.10,1.00
2016.09.08 07:03:03.548,1.46062,1.46074,1.00,1.00
2016.09.08 07:03:03.753,1.46059,1.46074,1.82,1.50
2016.09.08 07:03:03.906,1.46059,1.46074,2.25,1.50
2016.09.08 07:03:04.112,1.4606,1.46074,1.27,1.00
2016.09.08 07:03:04.572,1.4606,1.46074,1.20,1.00
2016.09.08 07:03:06.126,1.46059,1.46074,1.87,1.00
2016.09.08 07:03:06.398,1.46059,1.46074,1.27,1.00
2016.09.08 07:03:07.518,1.46059,1.46074,2.02,1.00
2016.09.08 07:03:08.376,1.46063,1.46074,1.00,1.00
2016.09.08 07:03:09.036,1.46061,1.46074,1.00,1.00
2016.09.08 07:03:13.171,1.46063,1.46074,1.00,1.00
2016.09.08 07:03:13.222,1.4606,1.46074,1.00,1.00
2016.09.08 07:03:13.376,1.46059,1.4607,1.00,1.00
2016.09.08 07:03:13.494,1.46056,1.4607,1.75,1.12
2016.09.08 07:03:13.545,1.46055,1.4607,1.00,1.87
2016.09.08 07:03:13.597,1.46055,1.46066,1.00,1.00
2016.09.08 07:03:13.648,1.46053,1.46066,1.37,1.00
2016.09.08 07:03:13.750,1.46053,1.46066,1.00,1.00
2016.09.08 07:03:14.238,1.46051,1.46063,1.00,1.00
2016.09.08 07:03:15.034,1.46048,1.46063,1.57,1.00
2016.09.08 07:03:15.127,1.46049,1.46063,1.07,1.00
2016.09.08 07:03:15.212,1.46049,1.46063,1.45,1.00
2016.09.08 07:03:15.467,1.46051,1.46063,1.00,1.00
2016.09.08 07:03:15.570,1.46052,1.46066,2.47,1.00
2016.09.08 07:03:15.672,1.46052,1.46065,2.62,1.00
2016.09.08 07:03:15.723,1.46052,1.46065,2.25,1.00
2016.09.08 07:03:15.829,1.46048,1.46062,1.87,1.00
2016.09.08 07:03:15.885,1.46046,1.46061,1.12,1.00
2016.09.08 07:03:15.936,1.46044,1.46061,1.37,1.00
2016.09.08 07:03:15.987,1.46044,1.4606,1.37,1.00
2016.09.08 07:03:16.039,1.46043,1.46059,1.87,1.00
2016.09.08 07:03:16.091,1.46043,1.46058,1.50,1.00
2016.09.08 07:03:16.142,1.46041,1.46059,3.56,1.00
2016.09.08 07:03:16.194,1.46041,1.46058,3.56,1.00
2016.09.08 07:03:16.672,1.46043,1.46058,1.69,1.00
2016.09.08 07:03:16.826,1.46043,1.46058,2.06,1.00
2016.09.08 07:03:16.877,1.46044,1.46058,1.01,1.00
2016.09.08 07:03:17.132,1.46044,1.46058,1.01,1.50
2016.09.08 07:03:17.183,1.46043,1.46058,1.26,1.50
2016.09.08 07:03:17.236,1.46043,1.46058,1.76,1.50
2016.09.08 07:03:17.338,1.46043,1.46058,1.57,1.50
2016.09.08 07:03:17.471,1.46043,1.46056,1.57,1.00
2016.09.08 07:03:17.989,1.46043,1.46057,1.57,1.00
2016.09.08 07:03:18.826,1.46043,1.46057,1.37,1.00
2016.09.08 07:03:19.398,1.46044,1.46057,1.37,1.00
2016.09.08 07:03:19.841,1.46044,1.46058,1.87,1.00
2016.09.08 07:03:20.251,1.46044,1.46058,2.25,1.00
2016.09.08 07:03:20.303,1.46044,1.46058,2.62,1.00
2016.09.08 07:03:20.405,1.46045,1.46059,1.12,1.00
2016.09.08 07:03:20.456,1.46044,1.46059,2.62,1.00
2016.09.08 07:03:20.558,1.46044,1.46059,1.87,1.00
2016.09.08 07:03:22.770,1.46044,1.46059,2.62,1.00
2016.09.08 07:03:22.989,1.46045,1.46059,1.12,1.00
2016.09.08 07:03:23.296,1.46044,1.46059,2.62,1.00
2016.09.08 07:03:23.500,1.46045,1.46059,1.07,1.00
2016.09.08 07:03:23.757,1.46044,1.46059,2.25,1.00
2016.09.08 07:03:23.964,1.46044,1.46062,2.25,1.50
2016.09.08 07:03:24.098,1.46044,1.46062,1.50,1.50
2016.09.08 07:03:24.149,1.46044,1.46062,1.50,1.87
2016.09.08 07:03:24.353,1.46044,1.46062,1.37,1.50
2016.09.08 07:03:24.557,1.46044,1.46062,1.50,1.50
2016.09.08 07:03:25.212,1.46045,1.46062,1.20,1.50
2016.09.08 07:03:25.263,1.46045,1.46062,1.10,1.50
2016.09.08 07:03:25.467,1.46044,1.46062,1.12,1.50
2016.09.08 07:03:27.114,1.46044,1.46062,1.12,1.87
2016.09.08 07:03:27.837,1.46044,1.46062,1.12,2.62
2016.09.08 07:03:29.387,1.46043,1.46061,1.47,1.12
2016.09.08 07:03:30.453,1.46045,1.4606,1.10,1.00
2016.09.08 07:03:30.556,1.46048,1.46062,1.00,1.50
2016.09.08 07:03:30.658,1.46048,1.46065,1.00,1.50
2016.09.08 07:03:30.710,1.46048,1.46065,1.20,1.50
2016.09.08 07:03:32.843,1.46047,1.46063,2.10,1.00
2016.09.08 07:03:33.057,1.46047,1.46063,1.42,1.00
2016.09.08 07:03:35.100,1.46047,1.46065,1.42,1.50
2016.09.08 07:03:37.327,1.46047,1.46065,2.17,1.50
2016.09.08 07:03:37.572,1.46047,1.46065,2.55,1.50
2016.09.08 07:03:37.833,1.46047,1.46065,2.92,1.50
2016.09.08 07:03:37.884,1.46048,1.46065,1.12,1.50
2016.09.08 07:03:38.221,1.46048,1.46065,1.00,1.50
2016.09.08 07:03:38.717,1.46047,1.46065,2.92,1.50
2016.09.08 07:03:38.768,1.46047,1.46065,2.55,1.50
2016.09.08 07:03:39.441,1.46047,1.46065,2.92,1.50
2016.09.08 07:03:39.663,1.46048,1.46065,1.50,1.50
2016.09.08 07:03:41.031,1.46048,1.46065,1.00,1.50
2016.09.08 07:03:41.082,1.46047,1.46065,1.80,1.50
2016.09.08 07:03:42.602,1.46047,1.46064,1.42,1.00
2016.09.08 07:03:43.266,1.46046,1.46064,3.11,1.00
2016.09.08 07:03:43.369,1.46046,1.46064,3.11,1.12
2016.09.08 07:03:43.503,1.46047,1.46064,1.05,1.12
2016.09.08 07:03:43.556,1.4605,1.46064,1.00,1.12
2016.09.08 07:03:44.059,1.46049,1.46064,1.00,1.12
2016.09.08 07:03:45.048,1.46049,1.46064,1.00,1.00
2016.09.08 07:03:45.099,1.46049,1.46065,1.00,1.50
2016.09.08 07:03:45.150,1.46049,1.46065,1.00,1.00
2016.09.08 07:03:45.304,1.4605,1.46064,1.12,1.00
2016.09.08 07:03:45.638,1.4605,1.46064,1.00,1.00
2016.09.08 07:03:46.269,1.46051,1.46064,1.00,1.00
2016.09.08 07:03:46.770,1.46051,1.46065,1.00,1.00
2016.09.08 07:03:47.322,1.46048,1.46065,1.87,1.00
2016.09.08 07:03:48.434,1.4605,1.46067,3.60,1.50
2016.09.08 07:03:48.485,1.46052,1.46067,1.60,1.50
2016.09.08 07:03:48.536,1.46052,1.46068,1.00,1.47
2016.09.08 07:03:48.587,1.46053,1.46068,1.00,1.10
2016.09.08 07:03:48.639,1.46052,1.46068,2.25,1.00
2016.09.08 07:03:48.690,1.46052,1.46068,3.00,1.10
2016.09.08 07:03:48.741,1.46052,1.46068,2.25,1.20
2016.09.08 07:03:48.793,1.46052,1.46067,1.50,1.00
2016.09.08 07:03:49.252,1.46052,1.46067,1.00,1.00
2016.09.08 07:03:51.036,1.46052,1.46068,1.00,1.00
2016.09.08 07:03:51.088,1.46052,1.46068,1.50,1.00
2016.09.08 07:03:51.191,1.46052,1.46067,1.00,1.10
2016.09.08 07:03:51.242,1.46052,1.46065,1.00,1.00
2016.09.08 07:03:51.293,1.4605,1.46065,1.00,1.00
2016.09.08 07:03:53.188,1.46049,1.46067,1.00,1.27
2016.09.08 07:03:53.563,1.46049,1.46065,1.00,1.00
2016.09.08 07:03:53.818,1.46046,1.46064,2.47,1.00
2016.09.08 07:03:53.869,1.46046,1.46064,3.00,1.00
2016.09.08 07:03:54.369,1.46047,1.46064,1.25,1.00
2016.09.08 07:03:54.420,1.46047,1.46063,1.50,1.00
2016.09.08 07:03:54.624,1.46046,1.46061,1.00,1.00
2016.09.08 07:03:54.675,1.46044,1.46061,1.50,1.00
2016.09.08 07:03:54.726,1.46045,1.4606,1.05,1.00
2016.09.08 07:03:54.778,1.46043,1.46059,2.81,1.00
2016.09.08 07:03:54.829,1.46043,1.46059,1.00,1.00
2016.09.08 07:03:56.057,1.46043,1.46059,1.12,1.00
2016.09.08 07:03:56.215,1.46043,1.46059,1.00,1.00
2016.09.08 07:03:57.212,1.46043,1.46061,1.00,1.00
2016.09.08 07:03:57.518,1.46044,1.46061,1.12,1.00
2016.09.08 07:03:58.102,1.46045,1.46061,1.00,1.00
2016.09.08 07:03:58.256,1.46045,1.46061,1.72,1.00
2016.09.08 07:03:58.360,1.46045,1.46062,1.60,1.00
2016.09.08 07:03:58.412,1.46046,1.46062,1.35,1.00
2016.09.08 07:03:58.463,1.46046,1.46062,1.72,1.00
2016.09.08 07:03:59.472,1.46046,1.46062,1.35,1.00
2016.09.08 07:03:59.524,1.46045,1.46062,1.60,1.00
2016.09.08 07:03:59.781,1.46044,1.46062,1.00,1.00
2016.09.08 07:03:59.832,1.46044,1.46062,1.12,1.00
2016.09.08 07:04:00.014,1.46043,1.46061,2.66,1.00
2016.09.08 07:04:00.065,1.46043,1.46061,1.87,1.00
2016.09.08 07:04:00.173,1.46043,1.46061,1.62,1.00
2016.09.08 07:04:00.508,1.46045,1.4606,1.00,1.00
2016.09.08 07:04:00.764,1.46045,1.4606,1.12,1.00
2016.09.08 07:04:00.867,1.46044,1.4606,1.87,1.00
2016.09.08 07:04:00.918,1.46044,1.46058,1.37,1.00
2016.09.08 07:04:00.969,1.46043,1.46058,1.00,1.00
2016.09.08 07:04:01.122,1.46041,1.46059,2.25,1.00
2016.09.08 07:04:01.174,1.46041,1.46059,1.50,1.00
2016.09.08 07:04:01.712,1.46041,1.46057,1.50,1.00
2016.09.08 07:04:01.784,1.4604,1.46056,1.00,1.00
2016.09.08 07:04:02.297,1.4604,1.46057,1.00,1.00
2016.09.08 07:04:02.893,1.46039,1.46057,2.47,1.00
2016.09.08 07:04:03.150,1.46039,1.46057,1.72,1.00
2016.09.08 07:04:03.254,1.46039,1.46057,1.35,1.00
2016.09.08 07:04:03.408,1.46038,1.46056,1.85,1.00
2016.09.08 07:04:03.459,1.46039,1.46056,1.05,1.00
2016.09.08 07:04:03.664,1.46038,1.46056,1.85,1.00
2016.09.08 07:04:03.767,1.46041,1.46056,1.00,1.00
2016.09.08 07:04:03.819,1.46039,1.46057,1.35,1.10
2016.09.08 07:04:03.871,1.46038,1.46056,1.91,1.00
2016.09.08 07:04:03.973,1.46038,1.46056,1.72,1.00
2016.09.08 07:04:04.024,1.46039,1.46054,1.00,1.00
2016.09.08 07:04:05.514,1.4604,1.46055,1.00,1.00
2016.09.08 07:04:06.743,1.46038,1.46054,1.25,1.00
2016.09.08 07:04:06.795,1.46036,1.46049,1.41,1.00
2016.09.08 07:04:06.847,1.46036,1.46049,1.00,1.50
2016.09.08 07:04:06.933,1.46036,1.46048,1.00,1.12
2016.09.08 07:04:06.985,1.4603,1.46045,1.00,1.00
2016.09.08 07:04:07.087,1.4603,1.46047,2.25,1.20
2016.09.08 07:04:07.139,1.4603,1.46048,1.75,2.25
2016.09.08 07:04:07.190,1.46031,1.46048,1.12,1.00
2016.09.08 07:04:07.241,1.4603,1.46046,1.50,1.00
2016.09.08 07:04:07.293,1.46029,1.46046,3.37,1.00
2016.09.08 07:04:07.344,1.46029,1.46045,1.50,1.00
2016.09.08 07:04:07.396,1.46027,1.46045,2.06,1.00
2016.09.08 07:04:07.498,1.46027,1.46045,1.87,1.10
2016.09.08 07:04:07.600,1.46027,1.46044,1.00,1.00
2016.09.08 07:04:08.004,1.46026,1.46044,1.00,1.00
2016.09.08 07:04:08.056,1.46026,1.46044,1.30,1.00
2016.09.08 07:04:08.238,1.46026,1.46044,1.00,1.00
2016.09.08 07:04:08.547,1.4603,1.46045,1.00,1.65
2016.09.08 07:04:08.670,1.46028,1.46045,2.22,2.32
2016.09.08 07:04:08.722,1.4603,1.46047,1.24,1.37
2016.09.08 07:04:08.773,1.4603,1.46048,1.32,1.37
2016.09.08 07:04:08.825,1.4603,1.46048,1.32,1.00
2016.09.08 07:04:08.876,1.46031,1.46046,1.26,1.00
2016.09.08 07:04:09.030,1.4603,1.46048,2.07,1.00
2016.09.08 07:04:09.132,1.46033,1.46048,1.00,1.00
2016.09.08 07:04:10.058,1.46032,1.4605,1.16,1.87
2016.09.08 07:04:10.109,1.46031,1.46049,1.77,1.00
2016.09.08 07:04:10.160,1.46031,1.46049,1.65,1.00
2016.09.08 07:04:10.405,1.46032,1.46049,1.00,1.00
2016.09.08 07:04:10.866,1.46032,1.4605,1.00,1.12
2016.09.08 07:04:11.020,1.46033,1.4605,1.00,1.12
2016.09.08 07:04:11.071,1.46034,1.4605,1.00,1.12
2016.09.08 07:04:11.269,1.46034,1.46049,1.00,1.00
2016.09.08 07:04:11.372,1.46034,1.46049,1.00,1.12
2016.09.08 07:04:11.423,1.46032,1.46049,1.50,1.12
2016.09.08 07:04:11.526,1.46033,1.46049,1.00,1.12
2016.09.08 07:04:11.577,1.46033,1.46049,1.00,1.00
2016.09.08 07:04:12.428,1.46031,1.46049,1.50,1.00
2016.09.08 07:04:13.635,1.46033,1.4605,1.00,1.20
2016.09.08 07:04:13.686,1.46033,1.4605,1.00,1.95
2016.09.08 07:04:13.737,1.46033,1.46048,1.00,1.00
2016.09.08 07:04:13.789,1.46031,1.46049,1.00,1.37
2016.09.08 07:04:13.840,1.46032,1.46047,1.00,1.00
2016.09.08 07:04:14.597,1.46032,1.46048,1.00,1.12
2016.09.08 07:04:14.806,1.46032,1.46048,1.00,1.00
2016.09.08 07:04:17.477,1.46032,1.46048,1.00,1.12
2016.09.08 07:04:18.614,1.46032,1.46048,1.00,1.00
2016.09.08 07:04:20.101,1.46035,1.4605,1.00,1.57
2016.09.08 07:04:20.254,1.46035,1.4605,1.00,1.10
2016.09.08 07:04:20.509,1.46037,1.46051,1.00,1.12
2016.09.08 07:04:20.560,1.46037,1.46052,1.00,1.10
2016.09.08 07:04:20.611,1.46038,1.46052,1.00,1.00
2016.09.08 07:04:20.662,1.4604,1.46054,1.00,2.32
2016.09.08 07:04:20.713,1.4604,1.46054,1.00,1.76
2016.09.08 07:04:20.765,1.4604,1.46054,1.00,1.01
2016.09.08 07:04:20.816,1.46039,1.46055,1.00,2.44
2016.09.08 07:04:20.867,1.46039,1.46053,1.00,1.54
2016.09.08 07:04:21.006,1.46038,1.46053,1.00,2.47
2016.09.08 07:04:21.058,1.46038,1.46053,1.00,1.87
2016.09.08 07:04:21.109,1.46038,1.46053,1.00,1.50
2016.09.08 07:04:21.160,1.46038,1.46053,1.00,1.69
2016.09.08 07:04:21.364,1.46038,1.46053,1.00,1.50
2016.09.08 07:04:21.645,1.46038,1.46053,1.00,1.69
2016.09.08 07:04:21.843,1.46038,1.46053,1.00,1.50
2016.09.08 07:04:22.145,1.46039,1.46053,1.00,1.91
2016.09.08 07:04:22.349,1.46036,1.46051,1.50,1.00
2016.09.08 07:04:22.400,1.46036,1.4605,1.00,1.37
2016.09.08 07:04:22.451,1.46032,1.46039,1.10,1.00
2016.09.08 07:04:22.503,1.4603,1.46039,1.12,1.00
2016.09.08 07:04:22.554,1.4603,1.46042,1.00,1.00
2016.09.08 07:04:23.260,1.4603,1.4604,1.00,1.00
2016.09.08 07:04:24.476,1.46029,1.4604,1.00,1.00
2016.09.08 07:04:24.579,1.46027,1.4604,1.00,1.00
2016.09.08 07:04:24.731,1.46027,1.46038,1.00,1.00
2016.09.08 07:04:24.783,1.46025,1.46038,1.00,1.00
2016.09.08 07:04:26.145,1.46026,1.46037,1.00,1.00
2016.09.08 07:04:26.299,1.46024,1.46037,1.00,1.00
2016.09.08 07:04:26.350,1.46024,1.46035,1.00,1.00
2016.09.08 07:04:26.549,1.46026,1.46038,1.00,1.00
2016.09.08 07:04:26.651,1.46028,1.46038,1.00,1.00
2016.09.08 07:04:27.260,1.46027,1.46038,1.00,1.00
2016.09.08 07:04:27.799,1.46026,1.46038,1.00,1.00
2016.09.08 07:04:28.602,1.46027,1.46038,1.00,1.00
2016.09.08 07:04:29.374,1.46025,1.46038,1.00,1.00
2016.09.08 07:04:29.426,1.46027,1.46038,1.00,1.00
2016.09.08 07:04:29.479,1.46023,1.46038,1.00,1.87
2016.09.08 07:04:29.603,1.46023,1.46038,1.00,3.37
2016.09.08 07:04:29.654,1.46022,1.46034,1.00,1.00
2016.09.08 07:04:29.975,1.46022,1.46032,1.00,1.00
2016.09.08 07:04:30.512,1.46022,1.46033,1.00,1.00
2016.09.08 07:04:30.563,1.46022,1.46035,1.00,1.10
2016.09.08 07:04:31.055,1.46022,1.46034,1.00,1.00
2016.09.08 07:04:37.050,1.46022,1.46036,1.00,1.20
2016.09.08 07:04:37.153,1.46028,1.46039,1.00,2.44
2016.09.08 07:04:37.204,1.46026,1.46039,1.00,1.75
2016.09.08 07:04:37.257,1.46026,1.46041,1.00,1.37
2016.09.08 07:04:37.309,1.46028,1.46041,1.00,1.00
2016.09.08 07:04:37.862,1.46027,1.46041,1.00,1.00
2016.09.08 07:04:38.293,1.46028,1.4604,1.00,1.50
2016.09.08 07:04:38.849,1.46028,1.4604,1.00,1.00
2016.09.08 07:04:39.519,1.46028,1.46042,1.00,1.10
2016.09.08 07:04:39.723,1.46026,1.46042,1.00,1.10
2016.09.08 07:04:39.993,1.46027,1.46042,1.00,1.57
2016.09.08 07:04:41.711,1.4603,1.46042,1.00,1.57
2016.09.08 07:04:41.916,1.4603,1.46041,1.00,1.00
2016.09.08 07:04:41.967,1.46027,1.4604,1.00,1.00
2016.09.08 07:04:42.225,1.46029,1.46039,1.00,1.00
2016.09.08 07:04:42.450,1.46029,1.46041,1.00,1.00
2016.09.08 07:04:42.501,1.46029,1.46041,1.00,1.12
2016.09.08 07:04:42.553,1.46029,1.46041,1.00,1.50
2016.09.08 07:04:42.964,1.46026,1.4604,1.00,1.00
2016.09.08 07:04:44.150,1.46026,1.46042,1.00,1.00
2016.09.08 07:04:44.201,1.46026,1.46042,1.00,1.12
2016.09.08 07:04:44.402,1.46026,1.46042,1.00,1.00
2016.09.08 07:04:44.504,1.46028,1.46042,1.00,1.00
2016.09.08 07:04:44.770,1.46028,1.46044,1.00,3.75
2016.09.08 07:04:44.873,1.46028,1.46044,1.00,2.25
2016.09.08 07:04:44.925,1.46029,1.46044,1.00,3.00
2016.09.08 07:04:45.078,1.46029,1.46044,1.00,2.25
2016.09.08 07:04:45.129,1.46029,1.46044,1.00,1.87
2016.09.08 07:04:45.231,1.46029,1.46044,1.00,2.62
2016.09.08 07:04:45.944,1.46029,1.46044,1.00,1.87
2016.09.08 07:04:45.996,1.46029,1.46044,1.00,1.50
2016.09.08 07:04:46.801,1.46029,1.46044,1.00,1.00
2016.09.08 07:04:46.852,1.46029,1.46045,1.00,1.50
2016.09.08 07:04:46.903,1.4603,1.46045,1.00,1.12
2016.09.08 07:04:47.057,1.4603,1.46046,1.00,1.81
2016.09.08 07:04:47.108,1.4603,1.46046,1.00,1.56
2016.09.08 07:04:47.312,1.4603,1.46047,1.00,2.06
2016.09.08 07:04:47.363,1.46033,1.46048,1.00,2.59
2016.09.08 07:04:47.414,1.46033,1.46048,1.00,1.84
2016.09.08 07:04:47.466,1.46032,1.46048,1.00,2.02
2016.09.08 07:04:47.568,1.46034,1.46048,1.00,1.84
2016.09.08 07:04:48.253,1.46034,1.46046,1.00,1.25
2016.09.08 07:04:48.456,1.46034,1.46046,1.00,1.19
2016.09.08 07:04:49.371,1.46034,1.46046,1.00,1.00
2016.09.08 07:04:50.005,1.46035,1.46046,1.00,1.00
2016.09.08 07:04:50.564,1.46035,1.46049,1.00,1.57
2016.09.08 07:04:52.222,1.46035,1.46049,1.00,1.20
2016.09.08 07:04:52.327,1.46035,1.46049,1.00,1.12
2016.09.08 07:04:52.554,1.46035,1.46049,1.00,1.87
2016.09.08 07:04:53.255,1.46035,1.46049,1.00,1.12
2016.09.08 07:04:53.357,1.46033,1.46049,1.50,1.12
2016.09.08 07:04:53.561,1.46033,1.46049,1.50,1.87
2016.09.08 07:04:53.856,1.46033,1.46049,1.50,2.62
2016.09.08 07:04:53.907,1.46034,1.46048,1.00,1.00
2016.09.08 07:04:53.958,1.46034,1.46048,1.00,1.87
2016.09.08 07:04:54.009,1.46031,1.46047,1.00,1.87
2016.09.08 07:04:54.128,1.46031,1.46046,1.50,1.00
2016.09.08 07:04:54.180,1.46031,1.46046,1.50,1.87
2016.09.08 07:04:54.232,1.46031,1.46046,1.00,2.25
2016.09.08 07:04:54.283,1.46031,1.46046,1.12,3.00
2016.09.08 07:04:54.335,1.46031,1.46046,1.20,3.00
2016.09.08 07:04:54.387,1.46032,1.46046,1.00,3.00
2016.09.08 07:04:54.490,1.46031,1.46046,1.10,1.37
2016.09.08 07:04:54.541,1.46031,1.46047,1.10,1.50
2016.09.08 07:04:54.592,1.46031,1.46046,1.10,1.00
2016.09.08 07:04:54.644,1.46031,1.46046,1.37,1.00
2016.09.08 07:04:54.746,1.46031,1.46046,1.50,1.00
2016.09.08 07:04:56.228,1.46031,1.46047,2.25,1.00
2016.09.08 07:04:56.291,1.46031,1.46047,1.95,1.00
2016.09.08 07:04:56.392,1.46031,1.46047,1.65,1.00
2016.09.08 07:04:56.928,1.46031,1.46047,1.20,1.00
2016.09.08 07:04:56.979,1.46031,1.46047,1.10,1.00
2016.09.08 07:04:57.031,1.46031,1.46047,1.00,1.00
2016.09.08 07:04:57.337,1.46031,1.46047,1.00,1.50
2016.09.08 07:04:57.473,1.46031,1.46047,1.00,1.00
2016.09.08 07:04:57.576,1.46031,1.46048,1.00,3.37
2016.09.08 07:04:57.986,1.46032,1.46047,1.00,1.00
2016.09.08 07:04:58.065,1.46035,1.46051,1.00,3.75
2016.09.08 07:04:58.117,1.46034,1.46051,1.00,3.00
2016.09.08 07:04:58.169,1.46035,1.46051,1.20,2.25
2016.09.08 07:04:58.220,1.46036,1.46052,1.50,2.62
2016.09.08 07:04:58.353,1.46036,1.46052,1.50,2.62
2016.09.08 07:04:58.406,1.46036,1.46052,1.00,1.87
2016.09.08 07:04:58.510,1.46036,1.46052,1.00,1.12
2016.09.08 07:04:58.715,1.46035,1.46052,1.20,1.12
2016.09.08 07:04:58.972,1.46035,1.4605,1.12,1.00
2016.09.08 07:04:59.024,1.46037,1.4605,1.00,1.00
2016.09.08 07:04:59.721,1.46038,1.4605,1.00,1.00
2016.09.08 07:04:59.890,1.46038,1.46052,1.00,1.87
2016.09.08 07:04:59.992,1.46038,1.46052,1.00,1.12
2016.09.08 07:05:00.233,1.46036,1.46052,1.00,1.12
2016.09.08 07:05:00.284,1.46036,1.46052,1.00,1.12
2016.09.08 07:05:00.386,1.46037,1.4605,1.00,1.00
2016.09.08 07:05:00.995,1.46037,1.46053,1.00,2.25
2016.09.08 07:05:01.097,1.46037,1.46053,1.00,1.50
2016.09.08 07:05:01.200,1.46037,1.46053,1.00,2.25
2016.09.08 07:05:01.555,1.46037,1.46053,1.00,1.50
2016.09.08 07:05:01.834,1.46037,1.46052,1.00,1.12
2016.09.08 07:05:01.886,1.46037,1.46052,1.00,1.87
2016.09.08 07:05:02.756,1.46037,1.46052,1.00,1.12
2016.09.08 07:05:03.008,1.46036,1.46051,1.00,1.00
2016.09.08 07:05:03.111,1.46033,1.46049,1.47,1.00
2016.09.08 07:05:03.162,1.46031,1.46046,2.25,1.50
2016.09.08 07:05:03.214,1.4603,1.46046,1.12,1.50
2016.09.08 07:05:03.266,1.46029,1.46044,1.50,1.00
2016.09.08 07:05:03.319,1.46027,1.46043,1.47,1.00
2016.09.08 07:05:03.371,1.46027,1.46041,1.50,1.00
2016.09.08 07:05:03.422,1.46025,1.46041,1.25,1.50
2016.09.08 07:05:03.473,1.46024,1.46039,1.00,1.00
2016.09.08 07:05:03.730,1.46024,1.46039,1.50,1.00
2016.09.08 07:05:03.934,1.46026,1.46039,1.00,1.00
2016.09.08 07:05:04.037,1.46025,1.46039,1.57,1.00
2016.09.08 07:05:04.140,1.46026,1.46039,1.00,1.00
2016.09.08 07:05:04.192,1.46026,1.46041,1.00,2.25
2016.09.08 07:05:04.243,1.46025,1.46041,1.10,2.25
2016.09.08 07:05:04.346,1.46025,1.46041,1.10,1.50
2016.09.08 07:05:04.481,1.46025,1.46039,1.10,1.00
2016.09.08 07:05:04.583,1.46025,1.46041,1.10,1.50
2016.09.08 07:05:04.838,1.46027,1.46041,1.00,1.50
2016.09.08 07:05:04.890,1.46025,1.46041,1.10,1.50
2016.09.08 07:05:04.992,1.46027,1.46041,1.00,1.00
2016.09.08 07:05:05.299,1.46027,1.46041,1.50,1.00
2016.09.08 07:05:05.484,1.46027,1.46041,1.00,1.00
2016.09.08 07:05:06.248,1.46027,1.46042,1.00,1.50
2016.09.08 07:05:06.300,1.46025,1.46042,1.10,1.50
2016.09.08 07:05:06.351,1.46025,1.46042,1.00,1.50
2016.09.08 07:05:06.461,1.46025,1.46039,1.00,1.00
2016.09.08 07:05:06.513,1.46027,1.46039,1.00,1.00
2016.09.08 07:05:06.768,1.46027,1.46041,1.00,1.00
2016.09.08 07:05:07.665,1.46028,1.46041,1.00,1.00
2016.09.08 07:05:08.179,1.46027,1.46041,1.00,1.00
2016.09.08 07:05:08.551,1.46026,1.46041,1.50,1.00
2016.09.08 07:05:08.662,1.46026,1.4604,1.12,1.00
2016.09.08 07:05:08.816,1.46027,1.4604,1.00,1.00
2016.09.08 07:05:08.919,1.46026,1.46041,1.12,1.00
2016.09.08 07:05:09.072,1.46026,1.46041,1.00,1.00
2016.09.08 07:05:09.123,1.46026,1.46041,1.00,1.00
2016.09.08 07:05:09.276,1.46025,1.46041,1.00,1.50
2016.09.08 07:05:09.379,1.46025,1.46039,1.00,1.00
2016.09.08 07:05:09.683,1.46025,1.46039,1.50,1.00
2016.09.08 07:05:09.836,1.46025,1.46039,1.00,1.00
2016.09.08 07:05:09.989,1.46025,1.4604,1.00,1.37
2016.09.08 07:05:10.041,1.46025,1.4604,1.50,1.37
2016.09.08 07:05:10.092,1.46025,1.4604,1.50,1.47
2016.09.08 07:05:10.143,1.46026,1.4604,1.00,1.47
2016.09.08 07:05:10.475,1.46026,1.4604,1.00,1.10
2016.09.08 07:05:10.629,1.46025,1.4604,1.50,1.10
2016.09.08 07:05:10.680,1.46025,1.46038,1.50,1.00
2016.09.08 07:05:10.732,1.46025,1.46038,1.00,1.00
2016.09.08 07:05:10.935,1.46025,1.46038,1.00,1.00
2016.09.08 07:05:11.038,1.46024,1.46038,1.00,1.00
2016.09.08 07:05:12.049,1.46024,1.46038,1.50,1.00
2016.09.08 07:05:12.100,1.46025,1.46038,1.00,1.00
2016.09.08 07:05:12.254,1.46023,1.46038,1.50,1.37
2016.09.08 07:05:12.356,1.46023,1.46037,1.50,1.37
2016.09.08 07:05:12.408,1.4602,1.46037,1.00,1.37
2016.09.08 07:05:12.461,1.4602,1.46036,1.00,1.75
2016.09.08 07:05:12.512,1.46018,1.46034,1.50,1.31
2016.09.08 07:05:12.612,1.46018,1.46034,1.50,3.19
2016.09.08 07:05:12.667,1.46018,1.46032,1.00,1.37
2016.09.08 07:05:12.718,1.46018,1.46034,1.00,3.19
2016.09.08 07:05:12.770,1.46018,1.46034,1.50,2.81
2016.09.08 07:05:12.821,1.46018,1.46033,1.00,1.57
2016.09.08 07:05:13.338,1.46018,1.46032,1.00,1.37
2016.09.08 07:05:13.543,1.46018,1.46033,1.00,1.57
2016.09.08 07:05:13.663,1.46018,1.46032,1.00,1.37
2016.09.08 07:05:13.714,1.46018,1.46032,1.00,1.87
2016.09.08 07:05:14.155,1.46018,1.46032,1.00,1.37
2016.09.08 07:05:14.310,1.46015,1.46028,1.00,1.00
2016.09.08 07:05:14.362,1.46013,1.46024,1.37,1.30
2016.09.08 07:05:14.413,1.46011,1.46024,1.37,1.30
2016.09.08 07:05:14.466,1.46009,1.46024,1.50,1.30
2016.09.08 07:05:14.517,1.46009,1.46024,1.12,1.30
2016.09.08 07:05:14.569,1.46009,1.46025,1.00,1.87
2016.09.08 07:05:14.677,1.46009,1.46025,1.00,1.37
2016.09.08 07:05:14.728,1.46011,1.46025,1.00,1.37
2016.09.08 07:05:15.244,1.46011,1.46025,1.12,1.37
2016.09.08 07:05:15.347,1.46011,1.46025,1.37,1.37
2016.09.08 07:05:15.450,1.46011,1.46025,1.37,1.00
2016.09.08 07:05:15.628,1.46011,1.46025,1.00,1.00
2016.09.08 07:05:15.679,1.46011,1.46027,1.00,1.37
2016.09.08 07:05:16.568,1.46011,1.46027,1.00,1.00
2016.09.08 07:05:16.670,1.46011,1.46027,1.12,1.00
2016.09.08 07:05:16.859,1.46011,1.46027,1.00,1.50
2016.09.08 07:05:16.911,1.46011,1.46025,1.00,1.00
2016.09.08 07:05:17.964,1.46013,1.46025,1.00,1.00
2016.09.08 07:05:18.118,1.46011,1.46025,1.00,1.00
2016.09.08 07:05:19.521,1.46011,1.46024,1.00,1.00
2016.09.08 07:05:20.433,1.4601,1.46024,1.00,1.00
2016.09.08 07:05:20.485,1.4601,1.46022,1.00,1.00
2016.09.08 07:05:21.883,1.46011,1.46022,1.00,1.00
2016.09.08 07:05:22.582,1.46011,1.46024,1.00,1.00
2016.09.08 07:05:23.771,1.46012,1.46024,1.00,1.00
2016.09.08 07:05:23.822,1.46007,1.46024,1.50,1.00
2016.09.08 07:05:24.332,1.46008,1.46024,1.00,1.50
2016.09.08 07:05:24.384,1.46007,1.46023,1.50,1.00
2016.09.08 07:05:24.436,1.46007,1.46022,1.00,1.00
2016.09.08 07:05:24.681,1.46006,1.46022,1.00,1.50
2016.09.08 07:05:25.627,1.46004,1.46022,1.47,1.00
2016.09.08 07:05:26.293,1.46005,1.46022,1.12,1.00
2016.09.08 07:05:26.395,1.46005,1.46023,1.12,1.50
2016.09.08 07:05:26.447,1.46005,1.46023,1.20,1.50
2016.09.08 07:05:26.549,1.46005,1.46022,1.20,1.00
2016.09.08 07:05:26.740,1.46003,1.46021,2.62,1.00
2016.09.08 07:05:26.793,1.46003,1.46021,2.62,1.50
2016.09.08 07:05:26.844,1.46003,1.46019,1.50,1.00
2016.09.08 07:05:26.895,1.46003,1.46019,1.12,1.00
2016.09.08 07:05:26.998,1.46003,1.46019,1.50,1.00
2016.09.08 07:05:27.431,1.46003,1.4602,1.87,1.00
2016.09.08 07:05:27.482,1.46005,1.46021,1.00,1.00
2016.09.08 07:05:27.565,1.46005,1.46021,1.37,1.00
2016.09.08 07:05:27.616,1.46006,1.46022,1.37,2.25
2016.09.08 07:05:27.668,1.46006,1.46022,1.50,2.25
2016.09.08 07:05:27.770,1.46006,1.46022,1.12,2.25
2016.09.08 07:05:29.515,1.46006,1.46022,1.00,2.25
2016.09.08 07:05:30.680,1.46005,1.46021,1.10,1.00
2016.09.08 07:05:30.792,1.46003,1.46021,1.87,1.50
2016.09.08 07:05:30.848,1.46002,1.4602,1.85,1.00
2016.09.08 07:05:30.900,1.46003,1.46019,1.50,1.00
2016.09.08 07:05:30.951,1.46003,1.46019,1.20,1.00
2016.09.08 07:05:31.003,1.46003,1.46019,1.47,1.00
2016.09.08 07:05:31.207,1.46003,1.46019,1.20,1.00
2016.09.08 07:05:31.259,1.46003,1.46019,1.57,1.00
2016.09.08 07:05:31.791,1.46003,1.46019,1.57,1.50
2016.09.08 07:05:31.944,1.46003,1.46019,1.20,1.50
2016.09.08 07:05:31.995,1.46003,1.46019,1.47,1.50
2016.09.08 07:05:32.073,1.46003,1.46019,1.85,1.50
2016.09.08 07:05:32.280,1.46003,1.46019,1.20,1.50
2016.09.08 07:05:33.304,1.46003,1.46019,1.10,1.50
2016.09.08 07:05:35.514,1.46003,1.46015,1.10,1.00
2016.09.08 07:05:35.628,1.46003,1.46017,1.10,1.00
2016.09.08 07:05:36.445,1.46003,1.46017,1.00,1.00
2016.09.08 07:05:36.777,1.46002,1.46017,1.10,1.00
2016.09.08 07:05:36.828,1.46002,1.46015,1.10,1.00
2016.09.08 07:05:36.931,1.46001,1.46013,1.12,1.00
2016.09.08 07:05:36.982,1.45999,1.46013,2.06,1.00
2016.09.08 07:05:37.034,1.46001,1.46017,1.00,1.00
2016.09.08 07:05:37.138,1.45999,1.46015,1.00,1.50
2016.09.08 07:05:37.241,1.45999,1.46015,1.00,1.00
2016.09.08 07:05:37.294,1.45999,1.46015,1.12,1.00
2016.09.08 07:05:37.443,1.45999,1.46015,1.50,1.00
2016.09.08 07:05:37.545,1.45999,1.46015,1.57,1.00
2016.09.08 07:05:39.186,1.46001,1.46015,1.00,1.00
2016.09.08 07:05:39.339,1.46,1.46017,1.10,1.00
2016.09.08 07:05:39.391,1.46,1.46017,1.20,1.00
2016.09.08 07:05:39.560,1.46,1.46017,1.10,1.00
2016.09.08 07:05:40.123,1.46,1.46017,1.20,1.00
2016.09.08 07:05:41.246,1.46,1.46014,1.20,1.00
2016.09.08 07:05:42.976,1.46,1.46016,1.20,1.00
2016.09.08 07:05:43.027,1.46,1.46016,1.10,1.00
2016.09.08 07:05:43.747,1.46,1.46016,1.47,1.00
2016.09.08 07:05:43.798,1.46,1.46016,1.85,1.00
2016.09.08 07:05:43.849,1.46001,1.46016,1.00,1.00
2016.09.08 07:05:43.901,1.46,1.46016,1.57,1.00
2016.09.08 07:05:44.105,1.46,1.46016,1.20,1.00
2016.09.08 07:05:44.157,1.46001,1.46016,1.00,1.00
2016.09.08 07:05:44.563,1.46,1.46016,1.10,1.00
2016.09.08 07:05:44.767,1.46002,1.46016,1.00,1.00
2016.09.08 07:05:46.939,1.46002,1.46017,1.00,1.00
2016.09.08 07:05:47.141,1.46,1.46016,1.00,1.00
2016.09.08 07:05:47.653,1.46001,1.46016,1.00,1.00
2016.09.08 07:05:48.360,1.46001,1.46017,1.00,1.00
2016.09.08 07:05:49.438,1.46001,1.46018,1.00,1.87
2016.09.08 07:05:49.540,1.46002,1.46018,1.00,1.50
2016.09.08 07:05:49.745,1.46002,1.46018,1.00,1.00
2016.09.08 07:05:50.254,1.46,1.46019,1.00,1.50
2016.09.08 07:05:50.366,1.46,1.46014,1.00,1.12
2016.09.08 07:05:50.418,1.45996,1.4601,1.87,1.87
2016.09.08 07:05:50.469,1.45996,1.4601,1.87,1.87
2016.09.08 07:05:50.521,1.45994,1.46006,1.00,1.00
2016.09.08 07:05:50.677,1.45993,1.46008,1.00,1.50
2016.09.08 07:05:50.729,1.45994,1.46008,1.00,1.00
2016.09.08 07:05:50.781,1.45994,1.4601,1.00,2.32
2016.09.08 07:05:50.833,1.45994,1.4601,1.00,1.57
2016.09.08 07:05:50.884,1.45994,1.4601,1.00,1.00
2016.09.08 07:05:51.024,1.45994,1.4601,1.00,1.00
2016.09.08 07:05:51.075,1.45994,1.46011,1.00,1.50
2016.09.08 07:05:51.128,1.45994,1.46011,1.00,1.00
2016.09.08 07:05:51.923,1.45994,1.46012,1.00,1.00
2016.09.08 07:05:51.974,1.45993,1.46011,1.25,1.00
2016.09.08 07:05:52.331,1.45993,1.46011,1.31,1.00
2016.09.08 07:05:52.382,1.45993,1.46011,2.06,1.00
2016.09.08 07:05:52.587,1.45993,1.46011,2.81,1.00
2016.09.08 07:05:52.689,1.45993,1.46011,2.06,1.00
2016.09.08 07:05:53.309,1.45993,1.46011,2.81,1.00
2016.09.08 07:05:53.361,1.45994,1.46011,1.00,1.00
2016.09.08 07:05:53.881,1.45993,1.46011,2.81,1.00
2016.09.08 07:05:53.932,1.45993,1.46011,2.06,1.00
2016.09.08 07:05:54.267,1.45994,1.46012,1.00,1.00
2016.09.08 07:05:54.421,1.45994,1.4601,1.00,1.00
2016.09.08 07:05:54.768,1.45994,1.46008,1.00,1.00
2016.09.08 07:05:55.414,1.45993,1.46008,1.87,1.00
2016.09.08 07:05:56.751,1.45993,1.4601,1.87,1.50
2016.09.08 07:05:56.853,1.45993,1.46009,1.87,1.00
2016.09.08 07:05:57.211,1.45993,1.46009,1.12,1.00
2016.09.08 07:05:57.554,1.45993,1.46009,1.00,1.00
2016.09.08 07:05:58.015,1.4599,1.46008,2.25,1.00
2016.09.08 07:05:58.066,1.4599,1.46008,1.50,1.90
2016.09.08 07:05:58.118,1.45986,1.46003,2.25,1.12
2016.09.08 07:05:58.170,1.45986,1.46001,1.50,1.50
2016.09.08 07:05:58.221,1.45983,1.45999,1.37,1.75
2016.09.08 07:05:58.273,1.45982,1.45997,2.25,1.37
2016.09.08 07:05:58.324,1.45982,1.45997,1.00,1.50
2016.09.08 07:05:58.376,1.4598,1.45997,1.00,1.69
2016.09.08 07:05:58.501,1.4598,1.45993,1.00,1.00
2016.09.08 07:05:58.808,1.45986,1.45997,1.00,1.00
2016.09.08 07:05:59.167,1.45988,1.45997,1.00,1.00
2016.09.08 07:05:59.960,1.45988,1.45999,1.00,1.00
2016.09.08 07:06:00.062,1.4599,1.45999,1.00,1.00
2016.09.08 07:06:01.016,1.4599,1.46003,1.50,1.00
2016.09.08 07:06:01.221,1.4599,1.46003,1.00,1.00
2016.09.08 07:06:01.411,1.45992,1.46003,1.12,1.00
2016.09.08 07:06:01.463,1.45992,1.46003,1.12,1.00
2016.09.08 07:06:01.616,1.45994,1.46004,1.00,1.00
2016.09.08 07:06:02.577,1.45995,1.46004,1.00,1.00
2016.09.08 07:06:02.679,1.45995,1.46006,1.00,1.00
2016.09.08 07:06:03.611,1.45993,1.46006,1.00,1.00
2016.09.08 07:06:04.400,1.45994,1.46006,1.00,1.00
2016.09.08 07:06:05.323,1.45993,1.46006,1.00,1.00
2016.09.08 07:06:05.837,1.45994,1.46006,1.00,1.00
2016.09.08 07:06:06.644,1.45995,1.46006,1.00,1.00
2016.09.08 07:06:06.695,1.45993,1.46006,1.00,1.00
2016.09.08 07:06:06.798,1.45995,1.46006,1.00,1.00
2016.09.08 07:06:06.849,1.45993,1.46006,1.00,1.00
2016.09.08 07:06:08.571,1.45995,1.46006,1.00,1.00
2016.09.08 07:06:09.112,1.45993,1.46006,1.00,1.00
2016.09.08 07:06:09.586,1.45997,1.46006,1.00,1.00
2016.09.08 07:06:09.637,1.45994,1.46006,1.50,1.00
2016.09.08 07:06:09.689,1.45996,1.46006,1.00,1.00
2016.09.08 07:06:10.199,1.45997,1.46009,1.00,1.00
2016.09.08 07:06:11.814,1.45995,1.46009,1.00,1.00
2016.09.08 07:06:14.000,1.45996,1.46009,1.00,1.00
2016.09.08 07:06:14.052,1.45998,1.46009,1.00,1.00
2016.09.08 07:06:14.103,1.45996,1.46009,1.00,1.00
2016.09.08 07:06:14.643,1.45997,1.46009,1.00,1.00
2016.09.08 07:06:15.466,1.45998,1.46009,1.00,1.00
2016.09.08 07:06:15.671,1.46004,1.46009,1.00,1.00
2016.09.08 07:06:15.724,1.46004,1.46016,1.00,1.00
2016.09.08 07:06:15.776,1.46003,1.46019,1.10,1.10
2016.09.08 07:06:15.828,1.46003,1.46019,1.12,1.00
2016.09.08 07:06:15.881,1.46005,1.46019,1.00,1.00
2016.09.08 07:06:15.933,1.46007,1.46019,1.00,1.00
2016.09.08 07:06:16.425,1.46002,1.46017,1.20,1.00
2016.09.08 07:06:16.476,1.46004,1.46018,1.00,1.00
2016.09.08 07:06:16.630,1.46006,1.46019,1.00,1.00
2016.09.08 07:06:16.886,1.46011,1.46024,1.00,1.19
2016.09.08 07:06:16.937,1.46011,1.46024,1.00,1.19
2016.09.08 07:06:16.988,1.46013,1.46024,1.00,1.00
2016.09.08 07:06:17.186,1.46013,1.46028,1.00,1.00
2016.09.08 07:06:17.288,1.46013,1.46028,1.00,1.00
2016.09.08 07:06:18.086,1.46013,1.46028,1.00,1.00
2016.09.08 07:06:21.330,1.46015,1.46028,1.00,1.00
2016.09.08 07:06:21.381,1.46015,1.46029,1.00,1.87
2016.09.08 07:06:21.791,1.46015,1.46029,1.00,1.50
2016.09.08 07:06:21.998,1.46016,1.46029,1.00,1.00
2016.09.08 07:06:22.280,1.46014,1.46029,1.00,1.50
2016.09.08 07:06:22.791,1.46015,1.46029,1.00,1.50
2016.09.08 07:06:23.699,1.46015,1.46029,1.00,1.00
2016.09.08 07:06:25.524,1.46015,1.46029,1.00,1.37
2016.09.08 07:06:25.577,1.46013,1.46029,1.00,2.62
2016.09.08 07:06:25.679,1.46011,1.46028,1.00,1.57
2016.09.08 07:06:25.833,1.46013,1.46028,1.00,1.47
2016.09.08 07:06:25.884,1.46013,1.46029,1.00,1.95
2016.09.08 07:06:25.935,1.46013,1.46029,1.00,2.25
2016.09.08 07:06:25.987,1.46013,1.46029,1.00,1.87
2016.09.08 07:06:26.038,1.46013,1.46029,1.00,1.50
2016.09.08 07:06:27.386,1.46013,1.46027,1.00,1.00
2016.09.08 07:06:28.046,1.46014,1.46027,1.00,1.00
2016.09.08 07:06:28.592,1.46014,1.46027,1.00,1.12
2016.09.08 07:06:28.745,1.46014,1.46027,1.00,1.00
2016.09.08 07:06:28.797,1.46014,1.46028,1.00,1.50
2016.09.08 07:06:29.535,1.46014,1.46028,1.00,1.12
2016.09.08 07:06:29.587,1.4601,1.46027,1.50,1.50
2016.09.08 07:06:29.639,1.46012,1.46027,1.00,1.50
2016.09.08 07:06:29.691,1.46012,1.46026,1.00,1.00
2016.09.08 07:06:30.104,1.46011,1.46024,1.00,1.00
2016.09.08 07:06:30.292,1.46007,1.46023,1.00,1.00
2016.09.08 07:06:30.343,1.46006,1.46022,1.10,1.00
2016.09.08 07:06:31.913,1.46006,1.46022,1.00,1.00
2016.09.08 07:06:33.385,1.46006,1.46024,1.00,2.25
2016.09.08 07:06:33.714,1.46005,1.46023,1.00,1.00
2016.09.08 07:06:34.412,1.46006,1.46024,1.00,2.25
2016.09.08 07:06:34.464,1.46006,1.46022,1.00,1.00
2016.09.08 07:06:34.974,1.46005,1.46022,1.00,1.00
2016.09.08 07:06:35.025,1.46004,1.46022,1.20,1.00
2016.09.08 07:06:35.937,1.46004,1.46022,1.10,1.00
2016.09.08 07:06:36.952,1.46005,1.46023,1.00,1.50
2016.09.08 07:06:37.004,1.46005,1.46023,1.00,1.00
2016.09.08 07:06:37.085,1.46005,1.46023,1.57,1.00
2016.09.08 07:06:38.042,1.46005,1.46023,1.10,1.00
2016.09.08 07:06:38.387,1.46005,1.46023,1.20,1.00
2016.09.08 07:06:38.489,1.46005,1.46023,1.10,1.00
2016.09.08 07:06:39.724,1.46005,1.46023,1.00,1.00
2016.09.08 07:06:41.015,1.46005,1.46023,1.00,1.50
2016.09.08 07:06:41.232,1.46006,1.46023,1.00,1.00
2016.09.08 07:06:41.335,1.46014,1.46024,1.00,1.20
2016.09.08 07:06:41.387,1.46015,1.46024,1.00,1.10
2016.09.08 07:06:41.521,1.46016,1.46029,1.00,1.50
2016.09.08 07:06:41.572,1.46018,1.46031,1.00,1.00
2016.09.08 07:06:41.624,1.46016,1.46031,1.00,1.00
2016.09.08 07:06:41.675,1.46015,1.46031,1.12,1.50
2016.09.08 07:06:41.778,1.46013,1.46031,2.25,1.50
2016.09.08 07:06:41.829,1.46013,1.46029,1.00,1.00
2016.09.08 07:06:41.880,1.46012,1.46028,1.10,1.00
2016.09.08 07:06:41.932,1.46012,1.46028,1.00,1.00
2016.09.08 07:06:41.984,1.46011,1.46027,1.35,1.00
2016.09.08 07:06:42.272,1.46013,1.46029,1.00,1.50
2016.09.08 07:06:42.324,1.46013,1.46029,1.00,1.20
2016.09.08 07:06:42.734,1.46014,1.46031,1.00,1.75
2016.09.08 07:06:42.837,1.46014,1.46032,1.00,1.87
2016.09.08 07:06:42.899,1.46014,1.46032,1.00,1.50
2016.09.08 07:06:43.377,1.46016,1.46031,1.00,1.20
2016.09.08 07:06:43.581,1.46016,1.46031,1.00,1.57
2016.09.08 07:06:43.887,1.46014,1.4603,1.00,1.57
2016.09.08 07:06:43.938,1.46015,1.4603,1.00,2.32
2016.09.08 07:06:43.990,1.46015,1.4603,1.00,2.70
2016.09.08 07:06:44.646,1.46014,1.4603,1.00,1.57
2016.09.08 07:06:44.850,1.46014,1.4603,1.50,2.70
2016.09.08 07:06:44.903,1.46014,1.4603,1.50,3.00
2016.09.08 07:06:44.954,1.46014,1.4603,1.50,2.25
2016.09.08 07:06:45.542,1.46014,1.46028,1.00,1.37
2016.09.08 07:06:45.644,1.46013,1.46029,1.00,1.57
2016.09.08 07:06:45.695,1.46013,1.46029,1.50,1.57
2016.09.08 07:06:45.746,1.46015,1.4603,1.00,1.12
2016.09.08 07:06:45.798,1.46013,1.46031,1.50,2.25
2016.09.08 07:06:45.849,1.46015,1.46031,1.00,1.20
2016.09.08 07:06:48.233,1.46015,1.46034,1.00,6.94
2016.09.08 07:06:48.284,1.46018,1.46034,1.00,6.94
2016.09.08 07:06:48.335,1.46018,1.46032,1.00,1.50
2016.09.08 07:06:48.437,1.46018,1.46032,1.00,1.87
2016.09.08 07:06:48.488,1.46018,1.46031,1.00,1.12
2016.09.08 07:06:49.202,1.46018,1.46033,1.00,2.25
2016.09.08 07:06:49.253,1.46018,1.46033,1.00,1.87
2016.09.08 07:06:49.660,1.46018,1.46031,1.00,1.12
2016.09.08 07:06:49.838,1.46016,1.4603,1.00,1.50
2016.09.08 07:06:49.992,1.46014,1.46029,1.00,1.12
2016.09.08 07:06:51.823,1.46016,1.46029,1.00,1.12
2016.09.08 07:06:51.977,1.46016,1.4603,1.00,1.20
2016.09.08 07:06:52.029,1.46016,1.46031,1.00,1.12
2016.09.08 07:06:52.081,1.46016,1.46032,1.00,3.45
2016.09.08 07:06:52.185,1.46016,1.46032,1.00,2.70
2016.09.08 07:06:52.520,1.46016,1.46032,1.00,1.95
2016.09.08 07:06:52.621,1.46017,1.46032,1.00,1.47
2016.09.08 07:06:52.769,1.46018,1.46033,1.00,2.14
2016.09.08 07:06:52.820,1.46018,1.46034,1.00,3.00
2016.09.08 07:06:52.871,1.46018,1.46034,1.00,3.97
2016.09.08 07:06:52.973,1.46018,1.46034,1.00,3.75
2016.09.08 07:06:53.024,1.46018,1.46034,1.00,3.37
2016.09.08 07:06:53.534,1.46019,1.46034,1.00,3.37
2016.09.08 07:06:54.290,1.46016,1.46034,1.00,4.87
2016.09.08 07:06:54.341,1.46016,1.46032,1.00,1.10
2016.09.08 07:06:54.393,1.46016,1.46032,1.00,1.31
2016.09.08 07:06:54.444,1.46016,1.46031,1.00,1.01
2016.09.08 07:06:54.496,1.46016,1.46031,1.00,1.31
2016.09.08 07:06:54.547,1.46016,1.46031,1.00,1.39
2016.09.08 07:06:55.080,1.46015,1.46031,1.00,1.39
2016.09.08 07:06:55.489,1.46015,1.4603,1.00,1.10
2016.09.08 07:06:59.549,1.46015,1.4603,1.00,1.12
2016.09.08 07:06:59.600,1.46016,1.4603,1.00,1.50
2016.09.08 07:07:00.144,1.46015,1.4603,1.00,1.50
2016.09.08 07:07:01.608,1.46016,1.4603,1.00,1.50
2016.09.08 07:07:01.811,1.46014,1.4603,1.00,1.50
2016.09.08 07:07:02.015,1.46014,1.46031,1.00,1.75
2016.09.08 07:07:02.080,1.46014,1.46029,1.00,1.20
2016.09.08 07:07:02.195,1.46014,1.46029,1.00,1.47
2016.09.08 07:07:03.071,1.46015,1.46029,1.00,1.47
2016.09.08 07:07:03.968,1.46013,1.46029,1.00,1.47
2016.09.08 07:07:04.612,1.46012,1.46029,1.00,1.47
2016.09.08 07:07:04.664,1.46011,1.46027,1.00,1.10
2016.09.08 07:07:04.715,1.4601,1.46026,1.50,1.00
2016.09.08 07:07:04.766,1.4601,1.46025,1.00,1.00
2016.09.08 07:07:04.817,1.46009,1.46025,1.00,1.57
2016.09.08 07:07:04.868,1.46007,1.46025,1.00,2.40
2016.09.08 07:07:04.919,1.46007,1.46025,1.00,3.07
2016.09.08 07:07:04.971,1.46007,1.46024,1.00,2.62
2016.09.08 07:07:05.260,1.46008,1.46024,1.00,1.87
2016.09.08 07:07:05.776,1.46008,1.46023,1.00,1.50
2016.09.08 07:07:05.953,1.46006,1.46023,1.00,1.50
2016.09.08 07:07:06.972,1.46007,1.46024,1.00,2.62
2016.09.08 07:07:07.072,1.46007,1.46023,1.00,1.50
2016.09.08 07:07:07.229,1.46009,1.46023,1.00,1.50
2016.09.08 07:07:07.331,1.46009,1.46024,1.00,1.87
2016.09.08 07:07:07.792,1.46008,1.46024,1.00,2.62
2016.09.08 07:07:08.235,1.46008,1.46024,1.00,1.87
2016.09.08 07:07:08.448,1.46007,1.46023,1.00,1.50
2016.09.08 07:07:09.575,1.4601,1.46024,1.00,1.12
2016.09.08 07:07:09.679,1.4601,1.46025,1.00,1.54
2016.09.08 07:07:09.730,1.4601,1.46025,1.00,1.12
2016.09.08 07:07:09.782,1.46011,1.46026,1.00,1.61
2016.09.08 07:07:09.885,1.46011,1.46027,1.00,1.99
2016.09.08 07:07:09.936,1.46011,1.46025,1.00,1.20
2016.09.08 07:07:10.219,1.46011,1.46027,1.00,2.44
2016.09.08 07:07:10.270,1.46011,1.46027,1.00,2.06
2016.09.08 07:07:10.321,1.46011,1.46027,1.00,1.50
2016.09.08 07:07:10.631,1.46011,1.46027,1.00,1.20
2016.09.08 07:07:11.117,1.4601,1.46026,1.00,1.10
2016.09.08 07:07:11.219,1.4601,1.46026,1.00,1.37
2016.09.08 07:07:11.271,1.4601,1.46026,1.00,1.50
2016.09.08 07:07:11.731,1.46009,1.46025,1.00,1.20
2016.09.08 07:07:11.935,1.46009,1.46025,1.00,1.95
2016.09.08 07:07:13.244,1.46009,1.46025,1.00,1.20
2016.09.08 07:07:13.686,1.4601,1.46025,1.00,1.95
2016.09.08 07:07:13.738,1.46008,1.46024,1.00,1.10
2016.09.08 07:07:13.789,1.46006,1.46023,1.00,1.00
2016.09.08 07:07:13.841,1.46006,1.46023,1.00,1.12
2016.09.08 07:07:13.892,1.46006,1.46023,1.00,1.50
2016.09.08 07:07:14.046,1.46006,1.46022,1.00,1.20
2016.09.08 07:07:14.150,1.46006,1.46022,1.00,1.27
2016.09.08 07:07:14.312,1.46006,1.46022,1.00,1.20
2016.09.08 07:07:14.366,1.46004,1.46022,1.00,1.10
2016.09.08 07:07:15.284,1.46004,1.46022,1.00,1.57
2016.09.08 07:07:15.974,1.46005,1.4602,1.00,1.00
2016.09.08 07:07:16.489,1.46004,1.4602,1.00,1.00
2016.09.08 07:07:16.797,1.46002,1.46018,1.00,1.00
2016.09.08 07:07:17.252,1.46001,1.46018,1.50,1.00
2016.09.08 07:07:17.304,1.46003,1.46019,1.00,1.62
2016.09.08 07:07:17.598,1.46002,1.46018,1.00,1.00
2016.09.08 07:07:18.598,1.46002,1.4602,1.00,3.07
2016.09.08 07:07:18.719,1.46002,1.4602,1.00,2.37
2016.09.08 07:07:18.770,1.46005,1.4602,1.00,1.12
2016.09.08 07:07:18.821,1.46005,1.4602,1.00,1.16
2016.09.08 07:07:18.873,1.46004,1.46019,1.00,1.00
2016.09.08 07:07:19.026,1.46004,1.4602,1.00,1.16
2016.09.08 07:07:19.135,1.46004,1.4602,1.00,1.26
2016.09.08 07:07:19.909,1.46004,1.4602,1.00,1.22
2016.09.08 07:07:21.072,1.46002,1.4602,1.00,1.22
2016.09.08 07:07:21.124,1.46001,1.46017,1.00,1.00
2016.09.08 07:07:21.226,1.46001,1.46017,1.00,1.12
2016.09.08 07:07:21.328,1.46,1.46016,1.12,1.12
2016.09.08 07:07:21.380,1.46,1.46014,1.12,1.00
2016.09.08 07:07:21.482,1.46,1.46014,1.00,1.00
2016.09.08 07:07:22.397,1.46001,1.46014,1.00,1.00
2016.09.08 07:07:23.532,1.46,1.46014,1.00,1.00
2016.09.08 07:07:23.634,1.46,1.46014,1.00,1.16
2016.09.08 07:07:24.246,1.46,1.46014,1.00,1.00
2016.09.08 07:07:24.298,1.46,1.46012,1.00,1.00
2016.09.08 07:07:25.166,1.46,1.46015,1.00,1.00
2016.09.08 07:07:25.771,1.46,1.46016,1.00,2.10
2016.09.08 07:07:25.823,1.45996,1.46012,1.50,1.00
2016.09.08 07:07:25.874,1.45996,1.46008,1.00,1.00
2016.09.08 07:07:25.925,1.45995,1.46007,1.00,2.25
2016.09.08 07:07:26.064,1.45995,1.46006,1.00,1.37
2016.09.08 07:07:26.116,1.45994,1.46007,1.00,1.12
2016.09.08 07:07:26.168,1.45994,1.46008,1.00,1.57
2016.09.08 07:07:26.220,1.45997,1.4601,1.00,1.47
2016.09.08 07:07:26.272,1.45999,1.46011,1.00,1.12
2016.09.08 07:07:26.323,1.45999,1.46013,1.00,1.50
2016.09.08 07:07:26.374,1.46,1.46013,1.00,1.12
2016.09.08 07:07:26.425,1.46002,1.46017,1.00,4.20
2016.09.08 07:07:26.477,1.46002,1.46017,1.00,2.25
2016.09.08 07:07:26.528,1.46002,1.46017,1.00,1.50
2016.09.08 07:07:26.579,1.46002,1.46018,1.00,2.25
2016.09.08 07:07:26.630,1.46002,1.46018,1.00,1.75
2016.09.08 07:07:26.762,1.46002,1.46017,1.00,1.50
2016.09.08 07:07:26.817,1.46005,1.46017,1.00,1.50
2016.09.08 07:07:26.869,1.46005,1.46018,1.00,1.75
2016.09.08 07:07:27.379,1.46004,1.46018,1.00,1.75
2016.09.08 07:07:27.481,1.46004,1.4602,1.00,1.20
2016.09.08 07:07:27.532,1.46004,1.4602,1.00,1.95
2016.09.08 07:07:28.019,1.46003,1.4602,1.00,1.57
2016.09.08 07:07:28.070,1.46003,1.4602,1.00,2.25
2016.09.08 07:07:28.224,1.46003,1.46019,1.00,1.00
2016.09.08 07:07:28.275,1.46003,1.46019,1.00,1.50
2016.09.08 07:07:28.632,1.46003,1.46019,1.00,1.87
2016.09.08 07:07:28.684,1.46003,1.46019,1.00,2.25
2016.09.08 07:07:30.354,1.46003,1.46019,1.00,2.32
2016.09.08 07:07:30.406,1.46003,1.46019,1.00,3.07
2016.09.08 07:07:30.457,1.46003,1.46019,1.00,3.82
2016.09.08 07:07:30.508,1.46001,1.46019,1.00,3.82
2016.09.08 07:07:30.614,1.46001,1.46016,1.00,1.00
2016.09.08 07:07:31.295,1.46001,1.46017,1.00,1.12
2016.09.08 07:07:31.412,1.46001,1.46017,1.00,1.37
2016.09.08 07:07:33.138,1.46001,1.46017,1.00,1.00
2016.09.08 07:07:33.199,1.46001,1.46017,1.00,1.25
2016.09.08 07:07:33.388,1.46005,1.46018,1.00,1.16
2016.09.08 07:07:33.439,1.46003,1.46018,1.00,1.00
2016.09.08 07:07:33.747,1.46002,1.4602,1.00,1.50
2016.09.08 07:07:33.798,1.46002,1.4602,1.00,1.00
2016.09.08 07:07:33.849,1.46002,1.46019,1.00,1.50
2016.09.08 07:07:33.951,1.46001,1.46019,1.00,2.25
2016.09.08 07:07:34.002,1.46001,1.46019,1.00,3.00
2016.09.08 07:07:34.104,1.46001,1.46019,1.00,2.25
2016.09.08 07:07:34.246,1.46,1.46016,1.00,1.00
2016.09.08 07:07:34.603,1.46001,1.46016,1.00,1.25
2016.09.08 07:07:34.654,1.46001,1.46016,1.00,1.31
2016.09.08 07:07:34.756,1.46001,1.46016,1.00,1.25
2016.09.08 07:07:34.910,1.46001,1.46018,1.00,2.36
2016.09.08 07:07:34.961,1.46001,1.46018,1.00,1.99
2016.09.08 07:07:35.012,1.46001,1.46018,1.00,1.91
2016.09.08 07:07:35.195,1.46001,1.46018,1.00,1.49
2016.09.08 07:07:35.246,1.46001,1.46016,1.00,1.16
2016.09.08 07:07:35.348,1.46001,1.46016,1.00,1.16
2016.09.08 07:07:35.454,1.46001,1.46016,1.00,1.16
2016.09.08 07:07:35.505,1.46003,1.46017,1.00,1.41
2016.09.08 07:07:35.557,1.46003,1.46017,1.00,1.91
2016.09.08 07:07:35.608,1.46001,1.46017,1.00,1.41
2016.09.08 07:07:35.660,1.46003,1.46017,1.00,1.41
2016.09.08 07:07:35.711,1.46002,1.46017,1.00,1.91
2016.09.08 07:07:35.764,1.46002,1.46016,1.00,1.16
2016.09.08 07:07:35.816,1.46001,1.46016,1.00,1.00
2016.09.08 07:07:35.867,1.46001,1.46017,1.00,2.62
2016.09.08 07:07:35.919,1.46001,1.46016,1.00,1.00
2016.09.08 07:07:37.341,1.46001,1.46016,1.00,1.12
2016.09.08 07:07:37.649,1.46001,1.46016,1.00,1.00
2016.09.08 07:07:37.853,1.46001,1.46017,1.00,1.87
2016.09.08 07:07:37.955,1.46001,1.46016,1.00,1.00
2016.09.08 07:07:38.272,1.46001,1.46016,1.00,1.12
2016.09.08 07:07:38.535,1.46001,1.46016,1.00,1.00
2016.09.08 07:07:38.594,1.46001,1.46016,1.00,1.12
2016.09.08 07:07:38.645,1.46001,1.46016,1.00,1.00
2016.09.08 07:07:38.952,1.46001,1.46017,1.00,2.66
2016.09.08 07:07:39.158,1.46001,1.46017,1.00,2.62
2016.09.08 07:07:39.311,1.46001,1.46017,1.00,3.04
2016.09.08 07:07:39.363,1.46001,1.46017,1.00,1.91
2016.09.08 07:07:39.414,1.46001,1.46017,1.00,1.50
2016.09.08 07:07:39.466,1.46001,1.46017,1.00,1.87
2016.09.08 07:07:39.656,1.46001,1.46017,1.00,1.50
2016.09.08 07:07:39.962,1.46001,1.46017,1.00,2.25
2016.09.08 07:07:40.117,1.46001,1.46016,1.00,1.00
2016.09.08 07:07:42.060,1.46001,1.46016,1.00,1.97
2016.09.08 07:07:42.111,1.45999,1.46014,1.00,1.10
2016.09.08 07:07:42.214,1.45998,1.46012,1.00,1.00
2016.09.08 07:07:42.266,1.45995,1.46011,1.12,1.12
2016.09.08 07:07:42.317,1.45995,1.46011,1.00,1.87
2016.09.08 07:07:42.368,1.45993,1.46011,1.00,1.65
2016.09.08 07:07:42.419,1.45993,1.46011,1.00,2.02
2016.09.08 07:07:42.470,1.45992,1.4601,1.00,1.00
2016.09.08 07:07:42.752,1.45991,1.46008,1.00,1.00
2016.09.08 07:07:42.803,1.45991,1.46008,1.00,1.20
2016.09.08 07:07:42.906,1.45991,1.46007,1.00,1.01
2016.09.08 07:07:42.957,1.45991,1.46007,1.00,1.84
2016.09.08 07:07:43.317,1.45991,1.46007,1.00,4.01
2016.09.08 07:07:43.368,1.45991,1.46006,1.00,1.12
2016.09.08 07:07:43.419,1.45991,1.46006,1.00,1.87
2016.09.08 07:07:43.763,1.45995,1.46007,1.00,1.31
2016.09.08 07:07:43.814,1.45995,1.46012,1.00,1.19
2016.09.08 07:07:43.917,1.45996,1.46012,1.00,1.00
2016.09.08 07:07:43.968,1.45997,1.46014,1.00,2.62
2016.09.08 07:07:44.019,1.45997,1.46014,1.00,1.95
2016.09.08 07:07:44.071,1.45997,1.46013,1.00,1.10
2016.09.08 07:07:44.122,1.45997,1.46013,1.00,1.00
2016.09.08 07:07:45.067,1.45997,1.46013,1.00,1.12
2016.09.08 07:07:45.270,1.45997,1.46013,1.00,1.00
2016.09.08 07:07:45.372,1.45997,1.46013,1.00,1.12
2016.09.08 07:07:47.966,1.45997,1.46013,1.00,1.00
2016.09.08 07:07:48.119,1.45997,1.46014,1.00,1.10
2016.09.08 07:07:48.170,1.45997,1.46014,1.00,1.20
2016.09.08 07:07:48.272,1.45999,1.46015,1.00,4.95
2016.09.08 07:07:48.323,1.45999,1.46014,1.00,1.12
2016.09.08 07:07:48.374,1.45999,1.46015,1.00,1.50
2016.09.08 07:07:48.425,1.45999,1.46015,1.00,1.00
2016.09.08 07:07:49.125,1.45999,1.46015,1.00,1.30
2016.09.08 07:07:49.258,1.45999,1.46016,1.00,2.44
2016.09.08 07:07:50.064,1.45999,1.46016,1.00,1.47
2016.09.08 07:07:50.167,1.45999,1.46016,1.00,1.88
2016.09.08 07:07:50.218,1.46001,1.46016,1.00,1.21
2016.09.08 07:07:50.269,1.46002,1.46017,1.00,1.88
2016.09.08 07:07:50.320,1.46002,1.46018,1.00,2.93
2016.09.08 07:07:50.372,1.46002,1.46018,1.00,2.37
2016.09.08 07:07:50.520,1.46002,1.46018,1.00,1.99
2016.09.08 07:07:50.622,1.46003,1.46018,1.00,1.49
2016.09.08 07:07:51.697,1.46003,1.46018,1.00,1.12
2016.09.08 07:07:51.749,1.46003,1.46019,1.00,2.44
2016.09.08 07:07:51.954,1.46003,1.46019,1.00,1.69
2016.09.08 07:07:52.005,1.46005,1.46019,1.00,1.22
2016.09.08 07:07:52.057,1.46005,1.4602,1.00,2.37
2016.09.08 07:07:52.109,1.46005,1.46021,1.00,2.44
2016.09.08 07:07:52.160,1.46004,1.46022,1.00,2.85
2016.09.08 07:07:52.211,1.46005,1.46022,1.00,1.72
2016.09.08 07:07:52.262,1.46005,1.46022,1.00,1.50
2016.09.08 07:07:52.365,1.46005,1.46022,1.00,1.00
2016.09.08 07:07:52.572,1.46005,1.46023,1.00,1.87
2016.09.08 07:07:52.792,1.46005,1.46023,1.00,1.12
2016.09.08 07:07:53.161,1.46007,1.46023,1.00,1.12
2016.09.08 07:07:53.793,1.46008,1.46024,1.00,4.12
2016.09.08 07:07:54.048,1.46006,1.46024,1.00,3.15
2016.09.08 07:07:54.507,1.46007,1.46023,1.00,1.00
2016.09.08 07:07:54.559,1.46009,1.46024,1.00,1.20
2016.09.08 07:07:54.666,1.46008,1.46024,1.00,1.10
2016.09.08 07:07:54.719,1.4601,1.46026,1.00,2.25
2016.09.08 07:07:54.771,1.4601,1.46026,1.00,2.32
2016.09.08 07:07:54.873,1.4601,1.46026,1.00,2.66
2016.09.08 07:07:54.976,1.4601,1.46024,1.00,1.12
2016.09.08 07:07:55.607,1.4601,1.46024,1.00,1.00
2016.09.08 07:07:55.659,1.46009,1.46026,1.00,1.05
2016.09.08 07:07:55.710,1.4601,1.46026,1.00,1.42
2016.09.08 07:07:55.761,1.4601,1.46026,1.00,1.50
2016.09.08 07:07:55.812,1.46009,1.46026,1.00,1.37
2016.09.08 07:07:55.864,1.46009,1.46026,1.00,2.25
2016.09.08 07:07:55.915,1.46009,1.46026,1.00,2.62
2016.09.08 07:07:55.966,1.46009,1.46026,1.00,1.87
2016.09.08 07:07:56.068,1.46009,1.46026,1.00,3.11
2016.09.08 07:07:56.119,1.46009,1.46025,1.00,1.10
2016.09.08 07:07:56.221,1.46008,1.46026,1.00,3.86
2016.09.08 07:07:56.273,1.46008,1.46024,1.00,1.00
2016.09.08 07:07:56.527,1.46009,1.46025,1.00,1.10
2016.09.08 07:07:56.579,1.46009,1.46026,1.00,1.57
2016.09.08 07:07:56.631,1.46009,1.46026,1.00,1.20
2016.09.08 07:07:56.785,1.46012,1.46027,1.00,1.87
2016.09.08 07:07:56.837,1.46012,1.46027,1.00,1.37
2016.09.08 07:07:56.888,1.46012,1.46027,1.00,1.00
2016.09.08 07:07:56.939,1.46012,1.46028,1.00,1.12
2016.09.08 07:07:56.990,1.46012,1.46028,1.00,1.00
2016.09.08 07:07:58.635,1.46012,1.46028,1.00,1.91
2016.09.08 07:07:58.737,1.46012,1.46028,1.00,1.50
2016.09.08 07:07:59.048,1.46012,1.46025,1.00,1.00
2016.09.08 07:07:59.249,1.46012,1.46028,1.00,1.00
2016.09.08 07:07:59.358,1.46012,1.46028,1.00,1.25
2016.09.08 07:07:59.409,1.46012,1.46029,1.00,4.99
2016.09.08 07:07:59.460,1.46012,1.46027,1.00,1.00
2016.09.08 07:08:00.269,1.46012,1.46029,1.00,1.01
2016.09.08 07:08:00.320,1.46012,1.46029,1.00,1.39
2016.09.08 07:08:00.372,1.46012,1.46027,1.00,1.00
2016.09.08 07:08:00.475,1.46011,1.46027,1.00,1.37
2016.09.08 07:08:00.560,1.46011,1.46026,1.00,1.00
2016.09.08 07:08:00.611,1.46011,1.46026,1.00,2.85
2016.09.08 07:08:00.714,1.46008,1.46025,1.12,1.60
2016.09.08 07:08:00.767,1.46007,1.46021,1.37,1.00
2016.09.08 07:08:00.818,1.46003,1.46021,2.25,2.25
2016.09.08 07:08:00.871,1.46003,1.46021,1.00,2.25
2016.09.08 07:08:00.922,1.46005,1.46021,1.00,2.32
2016.09.08 07:08:00.973,1.46003,1.46021,1.00,2.70
2016.09.08 07:08:01.025,1.46002,1.4602,1.00,1.00
2016.09.08 07:08:01.076,1.46003,1.46021,1.00,3.07
2016.09.08 07:08:01.230,1.46003,1.46019,1.00,1.00
2016.09.08 07:08:01.738,1.46002,1.46019,1.00,1.00
2016.09.08 07:08:01.891,1.46002,1.46019,1.00,1.10
2016.09.08 07:08:01.942,1.46002,1.46019,1.00,1.20
2016.09.08 07:08:02.509,1.46001,1.46019,1.00,1.20
2016.09.08 07:08:03.020,1.46003,1.46019,1.00,1.95
2016.09.08 07:08:05.365,1.46003,1.46018,1.00,1.10
2016.09.08 07:08:05.416,1.46001,1.46018,1.00,1.10
2016.09.08 07:08:05.467,1.46001,1.46018,1.00,1.57
2016.09.08 07:08:05.569,1.46,1.46018,1.00,1.10
2016.09.08 07:08:05.621,1.46002,1.46018,1.00,1.57
2016.09.08 07:08:05.774,1.46002,1.46018,1.00,1.95
2016.09.08 07:08:05.825,1.46002,1.46018,1.00,2.32
2016.09.08 07:08:06.028,1.46002,1.46018,1.00,1.95
2016.09.08 07:08:06.289,1.46002,1.46018,1.00,2.14
2016.09.08 07:08:07.177,1.46002,1.46018,1.00,2.21
2016.09.08 07:08:07.229,1.46002,1.46018,1.00,2.89
2016.09.08 07:08:07.706,1.46002,1.46017,1.00,1.12
2016.09.08 07:08:07.759,1.46002,1.46017,1.00,1.75
2016.09.08 07:08:10.083,1.46001,1.46017,1.00,1.12
2016.09.08 07:08:10.135,1.45999,1.46016,1.50,1.50
2016.09.08 07:08:10.264,1.46001,1.46016,1.00,1.31
2016.09.08 07:08:10.315,1.46002,1.46017,1.00,1.57
2016.09.08 07:08:10.366,1.46002,1.46019,1.12,2.62
2016.09.08 07:08:10.418,1.46003,1.46019,1.00,1.87
2016.09.08 07:08:10.469,1.46004,1.46021,1.00,4.42
2016.09.08 07:08:10.521,1.46004,1.46021,1.00,3.97
2016.09.08 07:08:10.572,1.46004,1.46021,1.00,3.60
2016.09.08 07:08:10.623,1.46004,1.46021,1.00,2.85
2016.09.08 07:08:11.200,1.46004,1.46021,1.00,2.10
2016.09.08 07:08:11.251,1.46004,1.46021,1.00,1.35
2016.09.08 07:08:11.506,1.46004,1.46021,1.00,1.72
2016.09.08 07:08:11.608,1.46004,1.46021,1.00,2.47
2016.09.08 07:08:11.659,1.46004,1.46021,1.00,3.22
2016.09.08 07:08:11.710,1.46004,1.46021,1.00,2.85
2016.09.08 07:08:11.762,1.46004,1.46021,1.00,3.60
2016.09.08 07:08:11.874,1.46004,1.46021,1.00,3.97
2016.09.08 07:08:12.028,1.46003,1.46021,1.00,3.22
2016.09.08 07:08:12.080,1.46003,1.46021,1.00,4.16
2016.09.08 07:08:12.133,1.46003,1.4602,1.00,1.10
2016.09.08 07:08:12.235,1.46003,1.46021,1.00,3.41
2016.09.08 07:08:12.389,1.46003,1.46021,1.00,2.66
2016.09.08 07:08:12.677,1.46003,1.46021,1.00,2.29
2016.09.08 07:08:12.830,1.46005,1.46021,1.00,2.29
2016.09.08 07:08:12.941,1.46005,1.46021,1.00,1.25
2016.09.08 07:08:13.146,1.46005,1.46022,1.00,1.87
2016.09.08 07:08:13.197,1.46005,1.46022,1.12,2.06
2016.09.08 07:08:13.248,1.46005,1.46021,1.12,1.25
2016.09.08 07:08:13.453,1.46005,1.46022,1.12,2.47
2016.09.08 07:08:13.504,1.46005,1.46022,1.12,2.10
2016.09.08 07:08:13.555,1.46005,1.46021,1.12,1.16
2016.09.08 07:08:13.772,1.46004,1.46021,1.00,1.16
2016.09.08 07:08:13.823,1.46004,1.46022,1.00,3.60
2016.09.08 07:08:13.992,1.46004,1.46022,1.00,3.67
2016.09.08 07:08:14.043,1.46004,1.46022,1.00,4.42
2016.09.08 07:08:14.145,1.46004,1.46021,1.00,1.16
2016.09.08 07:08:14.248,1.46004,1.4602,1.00,1.67
2016.09.08 07:08:14.300,1.46004,1.4602,1.00,1.35
2016.09.08 07:08:14.351,1.46004,1.4602,1.00,1.30
2016.09.08 07:08:14.504,1.46002,1.46018,1.50,1.50
2016.09.08 07:08:14.555,1.46001,1.46017,1.00,1.00
2016.09.08 07:08:14.608,1.46001,1.46017,1.00,1.50
2016.09.08 07:08:14.659,1.46001,1.46017,1.00,2.32
2016.09.08 07:08:14.710,1.46001,1.46017,1.00,2.70
2016.09.08 07:08:14.863,1.46,1.46017,1.12,1.95
2016.09.08 07:08:15.050,1.46001,1.46016,1.00,1.20
2016.09.08 07:08:15.102,1.46003,1.46017,1.00,1.47
2016.09.08 07:08:15.154,1.46003,1.46017,1.00,1.10
2016.09.08 07:08:15.206,1.46003,1.46018,1.00,1.22
2016.09.08 07:08:15.257,1.46003,1.46019,1.00,4.01
2016.09.08 07:08:15.359,1.46003,1.46019,1.00,4.24
2016.09.08 07:08:15.411,1.46003,1.46019,1.00,3.86
2016.09.08 07:08:15.462,1.46003,1.46019,1.00,2.55
2016.09.08 07:08:15.870,1.46003,1.46019,1.00,2.32
2016.09.08 07:08:15.972,1.46003,1.46019,1.00,1.95
2016.09.08 07:08:16.023,1.46003,1.46019,1.00,2.70
2016.09.08 07:08:16.074,1.46003,1.46019,1.00,3.07
2016.09.08 07:08:16.125,1.46003,1.46019,1.00,2.70
2016.09.08 07:08:16.483,1.46003,1.46019,1.00,2.92
2016.09.08 07:08:16.534,1.46003,1.46019,1.00,1.80
2016.09.08 07:08:16.585,1.46003,1.46019,1.00,1.57
2016.09.08 07:08:17.156,1.46003,1.46019,1.00,2.70
2016.09.08 07:08:17.513,1.46003,1.46019,1.00,1.95
2016.09.08 07:08:17.754,1.46003,1.46019,1.00,2.17
2016.09.08 07:08:17.856,1.46003,1.46019,1.00,1.20
2016.09.08 07:08:17.951,1.46003,1.46019,1.00,1.10
2016.09.08 07:08:18.134,1.46003,1.46018,1.00,1.00
2016.09.08 07:08:22.889,1.46003,1.46016,1.00,1.00
2016.09.08 07:08:22.941,1.46003,1.46016,1.00,1.10
2016.09.08 07:08:23.094,1.46003,1.46015,1.00,1.00
2016.09.08 07:08:23.196,1.46001,1.46015,1.00,1.00
2016.09.08 07:08:23.373,1.46001,1.46013,1.00,1.00
2016.09.08 07:08:25.876,1.46001,1.46016,1.00,1.10
2016.09.08 07:08:27.222,1.46002,1.46016,1.00,1.10
2016.09.08 07:08:27.325,1.46002,1.46016,1.00,1.00
2016.09.08 07:08:28.696,1.46002,1.46018,1.00,1.31
2016.09.08 07:08:28.851,1.46002,1.46019,1.00,1.76
2016.09.08 07:08:29.055,1.46004,1.46019,1.00,1.66
2016.09.08 07:08:29.106,1.46004,1.4602,1.00,2.89
2016.09.08 07:08:29.157,1.46004,1.46019,1.00,1.01
2016.09.08 07:08:29.208,1.46004,1.46019,1.00,1.29
2016.09.08 07:08:29.259,1.46004,1.4602,1.00,2.89
2016.09.08 07:08:29.566,1.46004,1.4602,1.00,2.14
2016.09.08 07:08:29.820,1.46004,1.4602,1.00,1.31
2016.09.08 07:08:29.871,1.46004,1.4602,1.00,1.22
2016.09.08 07:08:30.076,1.46006,1.46022,1.00,3.64
2016.09.08 07:08:30.129,1.46006,1.46022,1.00,2.89
2016.09.08 07:08:30.282,1.46006,1.46022,1.00,2.81
2016.09.08 07:08:30.422,1.46006,1.46022,1.00,2.44
2016.09.08 07:08:30.473,1.46006,1.46022,1.00,2.81
2016.09.08 07:08:30.634,1.46005,1.46022,1.00,2.06
2016.09.08 07:08:30.787,1.46008,1.46022,1.00,1.69
2016.09.08 07:08:30.838,1.46008,1.46022,1.00,1.12
2016.09.08 07:08:30.940,1.46009,1.46022,1.00,1.00
2016.09.08 07:08:30.991,1.46009,1.46025,1.00,3.26
2016.09.08 07:08:31.042,1.46009,1.46025,1.00,2.89
2016.09.08 07:08:31.198,1.46009,1.46025,1.00,3.26
2016.09.08 07:08:31.407,1.46007,1.46025,1.00,2.51
2016.09.08 07:08:31.458,1.46007,1.46024,1.00,1.32
2016.09.08 07:08:31.510,1.46007,1.46024,1.00,1.60
2016.09.08 07:08:32.116,1.46007,1.46023,1.00,1.07
2016.09.08 07:08:33.159,1.46007,1.46023,1.00,1.42
2016.09.08 07:08:33.210,1.46005,1.46022,1.00,1.10
2016.09.08 07:08:33.261,1.46005,1.46019,1.00,1.60
2016.09.08 07:08:33.312,1.46002,1.46019,1.00,1.60
2016.09.08 07:08:33.364,1.46004,1.46018,1.00,1.12
2016.09.08 07:08:33.415,1.46001,1.46017,1.00,1.00
2016.09.08 07:08:33.547,1.46001,1.46016,1.00,1.87
2016.09.08 07:08:33.598,1.46001,1.46016,1.00,2.62
2016.09.08 07:08:34.729,1.46001,1.46016,1.00,3.00
2016.09.08 07:08:34.781,1.45995,1.46011,1.00,1.50
2016.09.08 07:08:34.833,1.45997,1.46011,1.00,1.00
2016.09.08 07:08:34.885,1.45999,1.46014,1.00,1.31
2016.09.08 07:08:34.938,1.45999,1.46014,1.00,1.12
2016.09.08 07:08:34.990,1.45999,1.46016,1.00,2.10
2016.09.08 07:08:35.042,1.46001,1.46016,1.00,1.72
2016.09.08 07:08:35.093,1.46003,1.46016,1.00,1.00
2016.09.08 07:08:35.196,1.46001,1.46016,1.00,1.00
2016.09.08 07:08:35.299,1.46002,1.46018,1.00,1.00
2016.09.08 07:08:35.449,1.46002,1.46018,1.00,1.31
2016.09.08 07:08:35.500,1.46002,1.46018,1.00,1.54
2016.09.08 07:08:35.706,1.46001,1.46018,1.00,2.22
2016.09.08 07:08:35.809,1.46001,1.46017,1.00,1.35
2016.09.08 07:08:35.861,1.46001,1.46015,1.00,1.01
2016.09.08 07:08:35.912,1.46001,1.46015,1.00,1.01
2016.09.08 07:08:36.015,1.46,1.46015,1.00,1.61
2016.09.08 07:08:36.067,1.46,1.46015,1.00,2.36
2016.09.08 07:08:36.246,1.45999,1.46015,1.00,2.89
2016.09.08 07:08:36.297,1.45999,1.46015,1.00,2.51
2016.09.08 07:08:36.501,1.45999,1.46015,1.00,1.72
2016.09.08 07:08:36.603,1.45999,1.46015,1.00,2.10
2016.09.08 07:08:36.705,1.45999,1.46015,1.00,2.29
2016.09.08 07:08:36.807,1.45999,1.46015,1.00,2.51
2016.09.08 07:08:36.909,1.45999,1.46014,1.00,1.49
2016.09.08 07:08:37.200,1.45999,1.46014,1.00,1.25
2016.09.08 07:08:37.252,1.45999,1.46015,1.00,3.64
2016.09.08 07:08:37.303,1.45999,1.46015,1.00,3.26
2016.09.08 07:08:37.508,1.45999,1.46015,1.00,3.45
2016.09.08 07:08:37.891,1.45999,1.46015,1.00,4.20
2016.09.08 07:08:37.993,1.45999,1.46013,1.00,1.49
2016.09.08 07:08:38.182,1.45993,1.46009,1.37,1.00
2016.09.08 07:08:38.234,1.45994,1.46009,1.00,1.00
2016.09.08 07:08:38.285,1.45994,1.46008,1.00,1.12
2016.09.08 07:08:38.797,1.45995,1.46009,1.00,2.10
2016.09.08 07:08:38.848,1.45995,1.46009,1.00,1.72
2016.09.08 07:08:38.959,1.45995,1.46009,1.00,1.30
2016.09.08 07:08:39.010,1.45995,1.4601,1.00,1.60
2016.09.08 07:08:39.061,1.45993,1.4601,1.00,2.10
2016.09.08 07:08:39.113,1.45993,1.4601,1.00,1.60
2016.09.08 07:08:40.577,1.45994,1.4601,1.00,1.60
2016.09.08 07:08:41.677,1.45995,1.4601,1.00,1.60
2016.09.08 07:08:41.728,1.45995,1.46011,1.00,1.70
2016.09.08 07:08:41.780,1.45996,1.46012,1.00,4.20
2016.09.08 07:08:41.831,1.45996,1.46012,1.00,3.75
2016.09.08 07:08:41.882,1.45996,1.46012,1.00,3.00
2016.09.08 07:08:42.137,1.45997,1.46012,1.00,2.25
2016.09.08 07:08:42.294,1.45996,1.46011,1.00,1.35
2016.09.08 07:08:42.499,1.45996,1.4601,1.00,1.46
2016.09.08 07:08:42.934,1.45996,1.46011,1.00,1.84
2016.09.08 07:08:42.985,1.45996,1.46011,1.00,1.46
2016.09.08 07:08:43.036,1.45996,1.46011,1.00,1.76
2016.09.08 07:08:43.266,1.45991,1.46008,1.50,1.87
2016.09.08 07:08:43.318,1.4599,1.46008,1.00,1.87
2016.09.08 07:08:43.454,1.45989,1.46005,1.00,1.50
2016.09.08 07:08:43.505,1.45989,1.46004,1.00,1.00
2016.09.08 07:08:43.607,1.45989,1.46005,1.00,2.25
2016.09.08 07:08:43.709,1.45989,1.46005,1.00,1.50
2016.09.08 07:08:43.811,1.45988,1.46005,1.00,1.00
2016.09.08 07:08:44.726,1.45988,1.46005,1.00,1.50
2016.09.08 07:08:44.828,1.45988,1.46005,1.00,1.00
2016.09.08 07:08:45.789,1.45988,1.46005,1.00,1.20
2016.09.08 07:08:45.957,1.45988,1.46005,1.00,2.29
2016.09.08 07:08:46.492,1.45988,1.46005,1.00,2.81
2016.09.08 07:08:46.543,1.45984,1.46,1.87,1.00
2016.09.08 07:08:46.595,1.45984,1.46,1.12,1.00
2016.09.08 07:08:47.721,1.45982,1.46001,2.25,1.00
2016.09.08 07:08:47.772,1.45982,1.46001,1.87,1.00
2016.09.08 07:08:47.823,1.45983,1.45999,1.12,1.00
2016.09.08 07:08:47.874,1.45983,1.45999,1.00,1.00
2016.09.08 07:08:48.737,1.45982,1.45999,1.00,1.00
2016.09.08 07:08:48.791,1.4598,1.45999,1.20,1.00
2016.09.08 07:08:49.711,1.45982,1.45998,1.00,1.00
2016.09.08 07:08:50.540,1.45982,1.45999,1.00,1.00
2016.09.08 07:08:51.001,1.45982,1.45999,1.00,1.50
2016.09.08 07:08:51.669,1.45981,1.45998,1.00,1.00
2016.09.08 07:08:51.720,1.4598,1.45996,1.20,1.00
2016.09.08 07:08:51.771,1.45981,1.45999,1.00,1.00
2016.09.08 07:08:51.904,1.45981,1.45999,1.12,1.00
2016.09.08 07:08:51.955,1.45983,1.45999,1.00,1.00
2016.09.08 07:08:52.314,1.45982,1.46001,1.10,1.30
2016.09.08 07:08:52.695,1.45982,1.46001,1.20,1.30
2016.09.08 07:08:52.747,1.45982,1.46001,1.20,1.00
2016.09.08 07:08:53.721,1.45982,1.46001,1.39,1.00
2016.09.08 07:08:53.772,1.45984,1.46,1.00,1.00
2016.09.08 07:08:56.510,1.45984,1.46002,1.00,1.00
2016.09.08 07:08:59.019,1.45983,1.46002,1.10,1.00
2016.09.08 07:09:00.531,1.45983,1.46002,1.10,1.25
2016.09.08 07:09:00.840,1.45983,1.46002,1.10,1.49
2016.09.08 07:09:00.917,1.45983,1.46002,1.10,1.91
2016.09.08 07:09:01.336,1.45984,1.46,1.00,1.00
2016.09.08 07:09:04.894,1.45983,1.46002,1.10,1.50
2016.09.08 07:09:04.996,1.45983,1.46002,1.10,1.00
2016.09.08 07:09:05.197,1.45987,1.46003,1.00,1.50
2016.09.08 07:09:05.251,1.45987,1.46006,1.00,1.50
2016.09.08 07:09:05.303,1.45987,1.46006,1.10,1.00
2016.09.08 07:09:05.354,1.45988,1.46007,1.00,3.37
2016.09.08 07:09:05.509,1.45988,1.46007,1.00,2.62
2016.09.08 07:09:05.561,1.45988,1.46007,1.00,1.87
2016.09.08 07:09:05.612,1.45988,1.46005,1.00,1.00
2016.09.08 07:09:05.663,1.45987,1.46004,1.10,1.00
2016.09.08 07:09:05.714,1.45987,1.46003,1.00,1.00
2016.09.08 07:09:05.817,1.45985,1.46003,1.00,1.00
2016.09.08 07:09:06.134,1.45985,1.46004,1.25,2.62
2016.09.08 07:09:06.443,1.45987,1.46004,1.00,1.12
2016.09.08 07:09:06.494,1.45987,1.46004,1.10,1.12
2016.09.08 07:09:06.545,1.45988,1.46006,1.00,2.25
2016.09.08 07:09:06.647,1.45988,1.46006,1.00,1.87
2016.09.08 07:09:06.698,1.45988,1.46006,1.00,1.50
2016.09.08 07:09:08.261,1.45988,1.46006,1.00,1.00
2016.09.08 07:09:08.568,1.45989,1.46006,1.10,1.00
2016.09.08 07:09:08.721,1.45989,1.46008,1.10,3.00
2016.09.08 07:09:09.463,1.45989,1.46008,1.10,2.62
2016.09.08 07:09:09.514,1.45989,1.46008,1.10,1.87
2016.09.08 07:09:10.415,1.45989,1.46008,1.10,2.62
2016.09.08 07:09:10.568,1.45989,1.46008,1.10,1.87
2016.09.08 07:09:12.025,1.45989,1.46007,1.57,1.00
2016.09.08 07:09:12.427,1.45989,1.46007,1.10,1.50
2016.09.08 07:09:12.478,1.45988,1.46007,2.32,2.25
2016.09.08 07:09:12.656,1.45988,1.46007,1.20,2.25
2016.09.08 07:09:12.861,1.45988,1.46006,1.20,1.00
2016.09.08 07:09:12.912,1.45988,1.46004,1.20,1.00
2016.09.08 07:09:12.963,1.45987,1.46004,1.10,1.00
2016.09.08 07:09:13.116,1.45987,1.46005,1.10,2.25
2016.09.08 07:09:13.167,1.45987,1.46005,1.57,2.25
2016.09.08 07:09:13.269,1.45987,1.46005,1.10,3.75
2016.09.08 07:09:13.371,1.45987,1.46005,1.10,3.00
2016.09.08 07:09:13.801,1.45987,1.46005,1.10,3.75
2016.09.08 07:09:14.361,1.45987,1.46005,1.10,4.12
2016.09.08 07:09:14.413,1.45986,1.46005,1.20,3.37
2016.09.08 07:09:14.516,1.45986,1.46005,1.10,4.12
2016.09.08 07:09:14.982,1.45986,1.46004,1.10,1.00
2016.09.08 07:09:17.436,1.45986,1.46004,1.95,1.00
2016.09.08 07:09:19.441,1.45986,1.46004,1.57,1.00
2016.09.08 07:09:19.681,1.45986,1.46004,1.50,1.00
2016.09.08 07:09:19.885,1.45987,1.46003,1.00,1.00
2016.09.08 07:09:20.195,1.45987,1.46003,1.00,1.50
2016.09.08 07:09:20.298,1.45986,1.46002,1.00,1.00
2016.09.08 07:09:20.349,1.45984,1.46002,1.00,1.00
2016.09.08 07:09:20.400,1.45983,1.46001,1.25,1.00
2016.09.08 07:09:20.502,1.45983,1.46001,1.25,1.12
2016.09.08 07:09:20.988,1.45981,1.45998,1.19,1.00
2016.09.08 07:09:21.040,1.45981,1.45998,1.00,1.00
2016.09.08 07:09:21.091,1.45983,1.46,1.00,2.62
2016.09.08 07:09:21.142,1.45983,1.46,1.00,2.70
2016.09.08 07:09:21.194,1.45983,1.45997,1.00,1.00
2016.09.08 07:09:21.603,1.45983,1.45999,1.00,1.00
2016.09.08 07:09:21.871,1.45981,1.46,1.00,2.62
2016.09.08 07:09:21.973,1.45981,1.46,1.00,1.87
2016.09.08 07:09:23.011,1.45981,1.45999,1.00,1.00
2016.09.08 07:09:23.497,1.45983,1.45999,1.00,1.00
2016.09.08 07:09:23.600,1.45983,1.46,1.00,1.50
2016.09.08 07:09:23.882,1.45982,1.46,1.00,1.00
2016.09.08 07:09:24.588,1.45982,1.46,1.00,1.50
