2012.01.02 05:00:01.350,1.26406,1.26465,1.50,1.34
2012.01.02 05:00:01.805,1.2641,1.26465,1.50,1.34
2012.01.02 05:00:11.641,1.26412,1.26465,1.50,1.34
2012.01.02 05:00:12.632,1.26412,1.26465,1.50,1.34
2012.01.02 05:00:41.133,1.26412,1.26465,1.50,1.34
2012.01.02 05:00:47.028,1.26417,1.26469,1.13,1.48
2012.01.02 05:00:47.216,1.26419,1.26469,1.13,1.48
2012.01.02 05:00:47.596,1.26417,1.26467,1.74,1.50
2012.01.02 05:01:09.207,1.26419,1.26469,1.13,1.88
2012.01.02 05:01:10.438,1.26419,1.26465,1.13,1.50
2012.01.02 05:01:11.429,1.26422,1.26469,1.50,1.13
2012.01.02 05:01:30.437,1.26422,1.26465,1.13,1.50
2012.01.02 05:01:30.642,1.26422,1.26469,1.50,1.13
2012.01.02 05:01:34.173,1.26419,1.26469,1.88,1.13
2012.01.02 05:01:34.243,1.26421,1.26469,1.50,1.13
2012.01.02 05:01:37.392,1.26421,1.26473,1.50,1.50
2012.01.02 05:01:38.012,1.26421,1.2647,1.50,1.50
2012.01.02 05:01:49.487,1.26424,1.2647,1.50,1.50
2012.01.02 05:01:49.749,1.26422,1.265,1.37,1.64
2012.01.02 05:02:50.207,1.26421,1.26508,2.55,1.10
2012.01.02 05:03:02.416,1.26421,1.26505,1.80,1.13
2012.01.02 05:03:14.943,1.26421,1.26505,1.80,1.48
2012.01.02 05:03:15.947,1.26421,1.26507,2.55,1.10
2012.01.02 05:03:34.134,1.26422,1.26508,1.13,1.10
2012.01.02 05:04:14.994,1.26422,1.26508,1.13,1.10
2012.01.02 05:04:42.809,1.26425,1.26503,1.13,1.13
2012.01.02 05:04:45.297,1.26425,1.26503,1.74,1.27
2012.01.02 05:04:54.326,1.26437,1.26505,1.50,1.27
2012.01.02 05:04:54.668,1.26445,1.26505,1.13,1.27
2012.01.02 05:04:55.240,1.26445,1.26505,1.13,1.27
2012.01.02 05:05:04.047,1.26447,1.26505,1.13,1.64
2012.01.02 05:05:04.478,1.26447,1.26505,1.13,1.64
2012.01.02 05:05:19.207,1.26447,1.26505,1.50,1.64
2012.01.02 05:05:19.278,1.26453,1.26503,1.13,1.50
2012.01.02 05:05:19.467,1.26453,1.26503,1.13,1.50
2012.01.02 05:05:21.469,1.26457,1.26511,1.13,1.64
2012.01.02 05:05:53.111,1.26453,1.26496,1.88,3.00
2012.01.02 05:05:53.237,1.26453,1.26496,1.50,3.00
2012.01.02 05:05:53.308,1.26449,1.26493,1.37,1.50
2012.01.02 05:05:53.439,1.26441,1.26486,1.37,1.13
2012.01.02 05:05:53.959,1.2644,1.2649,1.88,1.50
2012.01.02 05:05:54.210,1.26445,1.26493,1.50,1.50
2012.01.02 05:05:54.398,1.26446,1.26493,1.50,1.50
2012.01.02 05:05:59.069,1.26448,1.26496,1.50,1.88
2012.01.02 05:06:04.021,1.26449,1.26494,1.13,1.50
2012.01.02 05:06:04.461,1.26449,1.26494,1.13,1.50
2012.01.02 05:06:04.792,1.26456,1.26498,1.13,1.13
2012.01.02 05:06:08.116,1.26457,1.265,1.13,1.50
2012.01.02 05:06:11.275,1.26457,1.265,1.13,1.50
2012.01.02 05:06:11.408,1.26457,1.26502,1.13,1.50
2012.01.02 05:06:11.596,1.26458,1.26505,1.88,1.50
2012.01.02 05:06:14.699,1.26458,1.26505,1.88,1.50
2012.01.02 05:06:18.323,1.26458,1.26505,1.88,1.50
2012.01.02 05:06:18.639,1.26461,1.26509,1.13,1.50
2012.01.02 05:06:22.216,1.26461,1.26509,1.13,1.50
2012.01.02 05:06:25.687,1.26459,1.26503,1.50,1.50
2012.01.02 05:06:26.019,1.26452,1.26491,1.37,1.88
2012.01.02 05:06:26.094,1.26439,1.26491,1.37,1.88
2012.01.02 05:06:26.250,1.26443,1.26491,1.13,1.50
2012.01.02 05:06:26.449,1.26438,1.26483,1.37,1.50
2012.01.02 05:06:26.757,1.26438,1.26483,1.37,1.50
2012.01.02 05:06:28.797,1.26439,1.26483,1.37,1.50
2012.01.02 05:06:38.408,1.26442,1.2649,1.13,1.27
2012.01.02 05:06:38.670,1.26442,1.26502,1.13,1.64
2012.01.02 05:07:03.266,1.26442,1.26502,1.13,1.64
2012.01.02 05:07:03.815,1.26445,1.26502,1.13,1.64
2012.01.02 05:08:03.849,1.26442,1.26513,1.13,1.10
2012.01.02 05:09:27.715,1.26438,1.26513,1.37,1.10
2012.01.02 05:09:35.207,1.26445,1.26506,1.13,1.34
2012.01.02 05:09:35.516,1.26445,1.26505,1.13,1.10
2012.01.02 05:09:38.776,1.26437,1.26501,1.37,1.27
2012.01.02 05:10:39.281,1.26423,1.26504,1.50,1.13
2012.01.02 05:12:03.294,1.26429,1.26501,1.13,1.13
2012.01.02 05:13:03.418,1.26424,1.26509,1.50,1.10
2012.01.02 05:13:20.473,1.26429,1.26501,1.13,1.13
2012.01.02 05:14:20.811,1.26424,1.26502,2.12,1.27
2012.01.02 05:15:01.945,1.26423,1.26503,3.30,1.13
2012.01.02 05:15:02.137,1.26423,1.26502,3.30,1.13
2012.01.02 05:15:46.555,1.26425,1.26502,1.37,1.27
2012.01.02 05:15:47.192,1.26441,1.265,1.37,1.50
2012.01.02 05:15:47.928,1.26443,1.265,1.37,1.50
2012.01.02 05:15:48.458,1.26443,1.265,1.37,1.50
2012.01.02 05:15:56.417,1.26438,1.265,1.13,1.64
2012.01.02 05:16:13.746,1.26442,1.26501,1.37,1.64
2012.01.02 05:17:14.043,1.26436,1.2651,1.13,1.10
2012.01.02 05:17:34.887,1.26432,1.26517,2.55,1.10
2012.01.02 05:17:34.959,1.26428,1.26514,1.37,1.27
2012.01.02 05:17:35.275,1.2644,1.265,1.37,1.50
2012.01.02 05:17:35.587,1.26435,1.26504,1.37,1.64
2012.01.02 05:17:37.928,1.26435,1.26504,1.37,1.64
2012.01.02 05:17:40.568,1.26439,1.26504,1.37,1.64
2012.01.02 05:17:45.480,1.26438,1.26491,1.37,1.13
2012.01.02 05:18:45.633,1.26423,1.26498,1.13,1.10
2012.01.02 05:19:02.340,1.26424,1.26498,1.13,1.10
2012.01.02 05:19:03.998,1.26431,1.26491,1.37,1.27
2012.01.02 05:19:06.125,1.26427,1.2649,1.37,1.27
2012.01.02 05:19:14.599,1.26424,1.2649,1.37,1.27
2012.01.02 05:20:02.562,1.26424,1.26495,1.37,1.10
2012.01.02 05:20:13.578,1.26433,1.26504,1.37,1.64
2012.01.02 05:20:14.791,1.26432,1.26507,1.37,1.64
2012.01.02 05:20:38.238,1.26432,1.26507,1.37,1.64
2012.01.02 05:20:38.367,1.2643,1.26535,1.37,1.50
2012.01.02 05:20:38.437,1.2643,1.26547,1.37,2.39
2012.01.02 05:20:38.687,1.2644,1.26557,1.37,1.64
2012.01.02 05:20:39.236,1.26431,1.26564,1.50,2.39
2012.01.02 05:20:39.678,1.26438,1.2657,1.37,1.64
2012.01.02 05:20:40.407,1.26449,1.2657,1.37,1.64
2012.01.02 05:20:41.630,1.26449,1.26563,1.37,1.64
2012.01.02 05:20:42.627,1.26439,1.26565,1.37,2.39
2012.01.02 05:21:03.536,1.26445,1.26571,1.37,1.64
2012.01.02 05:21:09.268,1.26445,1.26571,1.37,1.64
2012.01.02 05:21:09.817,1.26451,1.26571,1.37,1.64
2012.01.02 05:21:13.555,1.26451,1.26569,1.37,2.39
2012.01.02 05:21:25.270,1.26444,1.26571,2.12,1.64
2012.01.02 05:21:27.802,1.26453,1.26571,1.37,1.64
2012.01.02 05:21:28.409,1.26453,1.26571,1.37,1.64
2012.01.02 05:21:39.190,1.26463,1.26571,1.37,1.64
2012.01.02 05:21:39.469,1.26452,1.26571,1.37,1.64
2012.01.02 05:22:02.365,1.26495,1.26572,0.62,1.64
2012.01.02 05:22:02.674,1.26506,1.26572,1.37,1.50
2012.01.02 05:22:02.738,1.26506,1.26597,1.37,1.64
2012.01.02 05:22:02.930,1.26509,1.26597,1.37,1.64
2012.01.02 05:22:08.370,1.26516,1.26598,1.37,1.64
2012.01.02 05:22:08.950,1.26511,1.26598,1.37,1.64
2012.01.02 05:22:09.199,1.26514,1.26598,1.37,1.64
2012.01.02 05:22:14.729,1.26514,1.26598,1.37,1.64
2012.01.02 05:22:23.521,1.26509,1.26598,1.37,1.64
2012.01.02 05:22:26.978,1.26495,1.26583,1.37,1.64
2012.01.02 05:22:27.111,1.26495,1.26588,1.37,1.64
2012.01.02 05:22:27.241,1.26481,1.26588,1.50,1.64
2012.01.02 05:22:27.310,1.26471,1.26588,1.37,1.64
2012.01.02 05:22:30.389,1.26471,1.26594,1.37,2.39
2012.01.02 05:22:31.170,1.26474,1.26598,1.37,2.39
2012.01.02 05:22:31.344,1.26469,1.26598,1.50,2.39
2012.01.02 05:23:31.173,1.26455,1.26594,1.37,1.64
2012.01.02 05:23:32.285,1.26455,1.26594,1.37,1.64
2012.01.02 05:23:43.866,1.26455,1.26594,1.37,1.64
2012.01.02 05:23:44.550,1.26464,1.26595,1.50,2.39
2012.01.02 05:24:27.228,1.26464,1.26595,1.50,2.25
2012.01.02 05:24:46.136,1.26449,1.2659,2.25,1.50
2012.01.02 05:24:48.045,1.26452,1.26592,2.25,1.50
2012.01.02 05:24:48.887,1.26452,1.26594,2.25,1.50
2012.01.02 05:24:49.137,1.26449,1.26589,2.25,1.50
2012.01.02 05:24:56.645,1.26451,1.26596,2.25,1.50
2012.01.02 05:25:19.957,1.26449,1.26589,2.25,1.50
2012.01.02 05:25:20.455,1.2645,1.26592,2.25,1.50
2012.01.02 05:25:21.018,1.2645,1.26596,2.25,1.50
2012.01.02 05:25:21.085,1.26448,1.26588,2.25,1.50
2012.01.02 05:25:34.015,1.26448,1.26588,2.25,1.50
2012.01.02 05:25:34.365,1.26479,1.26588,1.37,1.64
2012.01.02 05:25:34.425,1.26474,1.26588,1.37,1.64
2012.01.02 05:25:34.500,1.26479,1.26588,1.50,2.39
2012.01.02 05:25:35.438,1.26474,1.26596,1.37,2.39
2012.01.02 05:25:35.570,1.26479,1.26601,2.12,1.64
2012.01.02 05:25:50.778,1.26471,1.26601,1.50,1.64
2012.01.02 05:25:50.966,1.26479,1.26601,1.37,1.64
2012.01.02 05:25:51.374,1.26482,1.26601,1.37,1.64
2012.01.02 05:25:59.715,1.26479,1.26601,1.50,1.64
2012.01.02 05:26:19.356,1.26476,1.26598,1.37,2.39
2012.01.02 05:26:19.607,1.26478,1.26598,1.50,2.39
2012.01.02 05:26:25.877,1.26477,1.26601,1.37,1.64
2012.01.02 05:26:25.948,1.26478,1.26601,1.37,1.64
2012.01.02 05:26:26.445,1.26496,1.26601,1.37,1.64
2012.01.02 05:26:26.754,1.26496,1.26601,1.37,1.64
2012.01.02 05:26:28.298,1.26478,1.26601,2.12,1.64
2012.01.02 05:26:28.366,1.26478,1.26601,1.50,1.64
2012.01.02 05:26:28.480,1.26509,1.26601,0.75,1.64
2012.01.02 05:26:50.211,1.26495,1.2658,1.37,1.64
2012.01.02 05:26:50.463,1.26466,1.26576,1.50,2.39
2012.01.02 05:26:51.494,1.26459,1.26576,1.50,2.39
2012.01.02 05:26:56.299,1.26459,1.26576,1.50,2.39
2012.01.02 05:26:56.497,1.26469,1.26576,1.50,1.50
2012.01.02 05:26:56.819,1.26469,1.26602,1.50,3.14
2012.01.02 05:27:02.947,1.26478,1.26602,1.50,3.14
2012.01.02 05:27:03.258,1.26487,1.26595,1.37,1.64
2012.01.02 05:27:03.727,1.26487,1.26595,1.37,1.64
2012.01.02 05:27:09.588,1.26487,1.26591,1.37,1.64
2012.01.02 05:27:11.448,1.26487,1.26591,1.37,1.64
2012.01.02 05:27:11.779,1.26494,1.26591,1.37,1.64
2012.01.02 05:27:25.599,1.26486,1.26584,1.37,1.64
2012.01.02 05:27:27.457,1.26489,1.26591,1.37,1.64
2012.01.02 05:27:27.950,1.26489,1.26591,1.37,1.64
2012.01.02 05:27:29.708,1.26492,1.26591,1.37,1.64
2012.01.02 05:27:29.777,1.26492,1.26591,1.37,1.64
2012.01.02 05:27:33.867,1.26528,1.26607,0.75,1.64
2012.01.02 05:27:34.002,1.26515,1.26604,1.37,1.50
2012.01.02 05:27:34.985,1.26521,1.26606,1.37,1.50
2012.01.02 05:27:35.054,1.26521,1.26603,1.37,1.50
2012.01.02 05:27:36.313,1.26519,1.26595,1.37,1.50
2012.01.02 05:27:37.302,1.26517,1.26599,1.37,1.64
2012.01.02 05:27:39.580,1.26501,1.26594,1.37,1.64
2012.01.02 05:27:39.650,1.265,1.26594,1.50,1.64
2012.01.02 05:27:42.405,1.2651,1.26595,1.37,1.64
2012.01.02 05:27:42.738,1.26516,1.26595,1.37,1.50
2012.01.02 05:27:49.373,1.26516,1.2661,1.37,1.64
2012.01.02 05:27:49.477,1.26518,1.2661,1.37,1.50
2012.01.02 05:27:50.538,1.26519,1.2661,1.37,1.50
2012.01.02 05:27:50.960,1.26519,1.2661,1.37,1.50
2012.01.02 05:27:51.535,1.26518,1.2661,1.37,1.64
2012.01.02 05:28:37.589,1.26558,1.2661,0.75,1.64
2012.01.02 05:28:45.569,1.26555,1.2661,1.37,1.50
2012.01.02 05:28:47.628,1.26551,1.2661,1.37,1.50
2012.01.02 05:28:47.917,1.26529,1.2661,1.37,1.50
2012.01.02 05:28:47.988,1.26521,1.2661,1.37,1.50
2012.01.02 05:28:49.628,1.26561,1.26628,0.75,2.39
2012.01.02 05:28:55.176,1.26558,1.26634,1.37,1.64
2012.01.02 05:28:55.296,1.26529,1.26629,1.37,2.39
2012.01.02 05:28:55.485,1.26516,1.26629,1.74,2.39
2012.01.02 05:29:04.091,1.26523,1.26631,1.13,1.50
2012.01.02 05:29:04.260,1.26523,1.26599,1.13,0.75
2012.01.02 05:29:04.573,1.26523,1.2661,1.13,1.64
2012.01.02 05:29:08.050,1.26522,1.26611,1.13,1.50
2012.01.02 05:29:08.241,1.26522,1.26611,1.13,1.64
2012.01.02 05:29:11.775,1.26528,1.26611,1.13,1.64
2012.01.02 05:29:14.739,1.26534,1.26614,1.37,1.64
2012.01.02 05:29:16.969,1.26539,1.26616,1.50,1.64
2012.01.02 05:29:17.042,1.26565,1.26616,1.13,1.64
2012.01.02 05:29:17.231,1.26564,1.26603,1.13,1.50
2012.01.02 05:29:17.600,1.26565,1.26624,1.13,1.64
2012.01.02 05:29:17.913,1.26602,1.26607,1.13,2.25
2012.01.02 05:29:18.104,1.26549,1.26597,1.13,1.13
2012.01.02 05:29:18.232,1.26548,1.26589,1.13,1.50
2012.01.02 05:29:18.720,1.26548,1.26584,1.50,1.50
2012.01.02 05:29:18.792,1.26548,1.26597,1.50,1.13
2012.01.02 05:29:18.924,1.26541,1.26597,1.50,1.13
2012.01.02 05:29:19.113,1.26527,1.26596,1.37,1.13
2012.01.02 05:29:19.183,1.26462,1.26605,1.37,2.39
2012.01.02 05:29:19.393,1.26459,1.26603,1.50,2.39
2012.01.02 05:29:19.699,1.26453,1.26588,1.50,2.39
2012.01.02 05:29:19.769,1.26453,1.26588,1.50,2.39
2012.01.02 05:29:19.839,1.26453,1.26591,1.50,3.00
2012.01.02 05:29:20.390,1.26467,1.2659,1.13,2.39
2012.01.02 05:29:20.698,1.26466,1.26581,1.13,1.27
2012.01.02 05:29:21.008,1.26466,1.26562,1.13,1.64
2012.01.02 05:29:21.321,1.26466,1.26562,1.13,1.64
2012.01.02 05:29:30.862,1.26465,1.2656,1.88,1.04
2012.01.02 05:29:32.059,1.26477,1.26561,1.13,1.79
2012.01.02 05:29:35.711,1.26486,1.26561,1.37,1.64
2012.01.02 05:29:38.691,1.26489,1.26557,1.13,1.64
2012.01.02 05:29:38.763,1.26491,1.26557,1.13,1.64
2012.01.02 05:29:38.891,1.26491,1.26557,1.13,1.64
2012.01.02 05:29:51.853,1.2649,1.26565,1.13,1.64
2012.01.02 05:30:02.721,1.2649,1.26555,1.13,1.64
2012.01.02 05:30:06.885,1.2649,1.26563,1.13,1.64
2012.01.02 05:30:10.110,1.2649,1.26569,1.13,1.64
2012.01.02 05:30:21.993,1.2649,1.26566,1.13,1.64
2012.01.02 05:30:30.410,1.2649,1.26566,1.13,1.64
2012.01.02 05:30:39.963,1.26495,1.26565,1.50,1.64
2012.01.02 05:30:40.031,1.265,1.26562,1.13,1.64
2012.01.02 05:30:41.299,1.26501,1.26557,1.13,1.64
2012.01.02 05:31:09.616,1.26501,1.26557,1.13,1.64
2012.01.02 05:31:09.920,1.26502,1.26571,1.13,1.27
2012.01.02 05:31:09.989,1.26532,1.26585,0.75,1.64
2012.01.02 05:31:10.061,1.26519,1.26587,1.37,1.64
2012.01.02 05:31:10.582,1.26519,1.26647,1.37,1.50
2012.01.02 05:31:10.649,1.26519,1.26608,1.37,0.75
2012.01.02 05:31:11.531,1.26518,1.26619,1.37,0.89
2012.01.02 05:31:12.043,1.26516,1.26613,1.37,0.89
2012.01.02 05:31:12.540,1.26531,1.26611,1.37,0.89
2012.01.02 05:31:30.667,1.26532,1.26649,1.37,2.39
2012.01.02 05:31:30.798,1.26532,1.26612,1.37,0.75
2012.01.02 05:31:45.301,1.26532,1.266,1.37,0.75
2012.01.02 05:31:59.250,1.26531,1.26606,1.37,1.64
2012.01.02 05:31:59.561,1.26531,1.26602,1.37,1.50
2012.01.02 05:31:59.872,1.26531,1.26606,1.37,1.64
2012.01.02 05:32:08.080,1.2653,1.26608,1.37,1.64
2012.01.02 05:32:20.651,1.26532,1.26606,1.13,1.64
2012.01.02 05:32:20.899,1.2653,1.26606,1.37,1.64
2012.01.02 05:32:20.969,1.26476,1.26606,2.12,1.64
2012.01.02 05:32:21.101,1.26466,1.26546,1.37,0.75
2012.01.02 05:32:21.174,1.26462,1.26559,1.50,0.89
2012.01.02 05:32:21.362,1.26462,1.26559,1.50,0.89
2012.01.02 05:32:51.830,1.2647,1.2655,1.37,0.89
2012.01.02 05:32:52.143,1.26486,1.26556,1.37,0.89
2012.01.02 05:32:52.272,1.26474,1.26566,1.37,0.89
2012.01.02 05:32:53.057,1.26474,1.26564,1.50,0.89
2012.01.02 05:32:53.528,1.26476,1.26565,1.37,0.89
2012.01.02 05:32:53.779,1.26476,1.26565,1.37,0.89
2012.01.02 05:32:54.578,1.26479,1.26568,1.37,0.89
2012.01.02 05:32:54.648,1.26479,1.26572,1.37,0.89
2012.01.02 05:32:54.938,1.26489,1.26598,1.37,1.64
2012.01.02 05:32:55.168,1.26493,1.26598,1.37,1.64
2012.01.02 05:32:55.918,1.26493,1.26595,1.37,2.39
2012.01.02 05:32:56.064,1.26486,1.26598,1.37,1.64
2012.01.02 05:32:59.507,1.26486,1.26598,1.37,1.64
2012.01.02 05:32:59.639,1.26492,1.26598,1.37,1.64
2012.01.02 05:32:59.828,1.26494,1.26594,1.37,1.64
2012.01.02 05:33:00.078,1.26507,1.26594,1.37,1.64
2012.01.02 05:33:00.147,1.26507,1.26594,1.37,1.64
2012.01.02 05:33:00.378,1.26507,1.26594,1.37,1.64
2012.01.02 05:33:00.702,1.26506,1.26594,1.37,1.64
2012.01.02 05:33:00.949,1.26506,1.26594,1.37,1.64
2012.01.02 05:33:01.149,1.26506,1.26594,1.37,1.64
2012.01.02 05:33:02.671,1.26501,1.26594,1.37,1.64
2012.01.02 05:33:02.969,1.26478,1.26594,1.37,1.64
2012.01.02 05:33:03.221,1.2647,1.26594,1.37,1.64
2012.01.02 05:33:07.829,1.26474,1.26594,1.37,1.64
2012.01.02 05:33:10.699,1.26474,1.26594,1.37,1.64
2012.01.02 05:33:11.027,1.26478,1.26594,1.37,1.64
2012.01.02 05:33:20.688,1.26478,1.26594,1.37,1.64
2012.01.02 05:33:20.934,1.26476,1.26594,1.13,1.64
2012.01.02 05:33:30.708,1.2648,1.26594,1.37,1.64
2012.01.02 05:33:30.778,1.26476,1.26594,1.13,1.64
2012.01.02 05:33:30.854,1.2648,1.26594,1.37,1.64
2012.01.02 05:33:32.293,1.26482,1.26594,1.37,1.64
2012.01.02 05:33:40.700,1.26479,1.26594,1.37,1.64
2012.01.02 05:33:40.769,1.26467,1.26594,2.12,1.64
2012.01.02 05:33:40.955,1.26479,1.26594,1.37,1.64
2012.01.02 05:33:42.097,1.26481,1.26594,1.37,1.64
2012.01.02 05:33:50.707,1.2648,1.26594,1.37,1.64
2012.01.02 05:33:50.918,1.26468,1.26594,1.37,1.64
2012.01.02 05:34:00.729,1.2648,1.26595,1.37,1.64
2012.01.02 05:34:00.919,1.26467,1.26595,2.87,1.64
2012.01.02 05:34:20.698,1.2648,1.26595,1.37,1.64
2012.01.02 05:34:20.860,1.26467,1.26595,1.37,1.64
2012.01.02 05:34:25.739,1.26483,1.26595,1.37,1.64
2012.01.02 05:34:26.089,1.26478,1.26595,1.37,1.64
2012.01.02 05:34:30.648,1.26478,1.26595,1.37,1.64
2012.01.02 05:34:30.836,1.26469,1.26595,1.37,1.64
2012.01.02 05:34:40.776,1.26481,1.26595,1.37,1.64
2012.01.02 05:34:40.997,1.26468,1.26595,1.37,1.64
2012.01.02 05:34:41.747,1.26479,1.26595,1.37,1.64
2012.01.02 05:34:47.488,1.26498,1.26594,1.13,1.64
2012.01.02 05:34:47.908,1.26498,1.26566,1.74,0.89
2012.01.02 05:34:52.790,1.26498,1.26566,1.37,0.89
2012.01.02 05:34:53.040,1.26499,1.26571,1.37,0.89
2012.01.02 05:35:53.053,1.26496,1.26609,1.80,1.94
2012.01.02 05:35:53.583,1.26496,1.26609,1.80,1.94
2012.01.02 05:36:00.755,1.26496,1.26609,1.80,1.94
2012.01.02 05:36:03.220,1.26496,1.26609,1.80,1.94
2012.01.02 05:36:20.826,1.26496,1.26609,1.80,1.94
2012.01.02 05:36:23.196,1.26496,1.26609,1.80,1.94
2012.01.02 05:36:40.856,1.26496,1.26609,1.80,1.94
2012.01.02 05:36:50.786,1.26496,1.26609,1.80,1.94
2012.01.02 05:36:53.124,1.26496,1.26609,1.80,1.94
2012.01.02 05:37:00.883,1.26496,1.26609,1.80,1.94
2012.01.02 05:37:30.827,1.26496,1.26609,1.80,1.94
2012.01.02 05:37:33.418,1.26496,1.26609,1.80,1.94
2012.01.02 05:37:40.746,1.26496,1.26609,1.80,1.94
2012.01.02 05:37:43.444,1.26496,1.26609,1.80,1.94
2012.01.02 05:37:49.698,1.26496,1.26595,1.80,1.50
2012.01.02 05:37:50.864,1.26496,1.26558,2.55,0.89
2012.01.02 05:38:03.070,1.26496,1.26548,2.55,0.89
2012.01.02 05:38:03.231,1.26497,1.26619,1.37,2.69
2012.01.02 05:38:03.328,1.26499,1.26619,1.37,2.69
2012.01.02 05:38:11.134,1.26498,1.26609,1.37,2.69
2012.01.02 05:38:12.398,1.26498,1.26578,1.37,0.89
2012.01.02 05:38:42.663,1.26498,1.26578,1.37,0.89
2012.01.02 05:38:43.762,1.26498,1.26575,1.37,0.89
2012.01.02 05:38:44.879,1.26498,1.26543,1.37,0.75
2012.01.02 05:39:01.420,1.26496,1.26547,2.55,0.89
2012.01.02 05:39:09.390,1.26503,1.26548,1.50,0.89
2012.01.02 05:39:09.580,1.2651,1.26548,1.13,0.89
2012.01.02 05:39:09.651,1.2652,1.26609,2.55,1.64
2012.01.02 05:39:09.841,1.26525,1.26609,1.37,1.64
2012.01.02 05:39:10.910,1.2652,1.26599,3.17,1.64
2012.01.02 05:39:11.551,1.26526,1.26599,1.37,1.64
2012.01.02 05:39:20.890,1.26526,1.26599,1.37,1.64
2012.01.02 05:39:21.469,1.26522,1.26599,1.37,1.64
2012.01.02 05:39:33.851,1.26527,1.26599,1.37,1.64
2012.01.02 05:40:34.074,1.2652,1.2661,2.42,2.69
2012.01.02 05:40:34.138,1.2652,1.2661,1.80,2.55
2012.01.02 05:41:13.738,1.2652,1.26611,1.80,1.80
2012.01.02 05:41:14.650,1.2652,1.26611,1.80,2.55
2012.01.02 05:41:15.639,1.2652,1.26611,1.80,2.55
2012.01.02 05:42:08.970,1.2652,1.26611,2.42,2.69
2012.01.02 05:42:09.475,1.26532,1.26599,1.13,1.64
2012.01.02 05:42:13.220,1.2654,1.26592,1.13,1.64
2012.01.02 05:42:43.092,1.26535,1.26567,1.37,0.75
2012.01.02 05:42:43.283,1.26534,1.26601,1.80,1.64
2012.01.02 05:42:43.611,1.26534,1.26601,1.80,1.64
2012.01.02 05:42:44.261,1.26521,1.26601,1.37,1.64
2012.01.02 05:42:54.783,1.2652,1.26589,2.55,1.64
2012.01.02 05:42:55.313,1.26519,1.26589,1.13,1.64
2012.01.02 05:43:06.573,1.2652,1.26589,1.13,1.64
2012.01.02 05:43:06.754,1.26523,1.26589,1.37,1.64
2012.01.02 05:43:11.915,1.26529,1.26589,1.37,1.64
2012.01.02 05:43:33.960,1.26521,1.26578,1.74,1.50
2012.01.02 05:43:36.347,1.26526,1.26574,1.37,1.50
2012.01.02 05:43:36.478,1.26518,1.26571,1.13,1.50
2012.01.02 05:43:36.798,1.26518,1.26571,1.13,1.50
2012.01.02 05:43:40.872,1.26519,1.26575,1.37,1.50
2012.01.02 05:43:46.132,1.26519,1.26578,1.74,1.50
2012.01.02 05:43:47.903,1.26519,1.26578,1.13,1.64
2012.01.02 05:44:08.563,1.26519,1.26578,1.13,1.64
2012.01.02 05:44:23.685,1.26521,1.26579,1.37,1.50
2012.01.02 05:45:23.710,1.26516,1.26596,1.50,1.27
2012.01.02 05:45:23.902,1.26516,1.26596,1.50,1.27
2012.01.02 05:45:24.891,1.26516,1.26596,1.50,1.27
2012.01.02 05:45:28.719,1.26516,1.26593,1.50,1.27
2012.01.02 05:45:29.031,1.26514,1.26593,1.50,1.27
2012.01.02 05:45:52.063,1.26519,1.26576,1.74,1.50
2012.01.02 05:45:56.739,1.26522,1.26576,1.37,1.50
2012.01.02 05:46:13.033,1.26521,1.26571,1.37,1.50
2012.01.02 05:46:38.323,1.26517,1.26566,1.37,1.50
2012.01.02 05:47:38.347,1.26514,1.26581,1.13,1.13
2012.01.02 05:48:05.205,1.26513,1.2658,1.13,1.13
2012.01.02 05:48:22.224,1.26514,1.2658,1.13,1.13
2012.01.02 05:48:22.414,1.26516,1.2657,1.37,1.50
2012.01.02 05:49:22.520,1.26512,1.26579,1.13,1.71
2012.01.02 05:49:33.731,1.26512,1.26579,1.13,1.71
2012.01.02 05:49:34.611,1.26512,1.26579,1.13,1.71
2012.01.02 05:50:00.520,1.26512,1.26578,1.50,1.13
2012.01.02 05:50:13.421,1.26512,1.26578,1.50,1.13
2012.01.02 05:50:13.793,1.26511,1.2658,2.12,1.27
2012.01.02 05:50:14.103,1.26521,1.26567,1.37,1.50
2012.01.02 05:50:47.973,1.26523,1.26569,1.37,1.50
2012.01.02 05:50:48.044,1.26515,1.26569,1.13,1.50
2012.01.02 05:50:54.642,1.26535,1.26568,2.25,1.50
2012.01.02 05:50:54.775,1.26538,1.26581,1.50,1.64
2012.01.02 05:50:54.848,1.26538,1.26581,1.50,1.50
2012.01.02 05:50:55.179,1.26542,1.26577,1.13,1.50
2012.01.02 05:50:55.444,1.26543,1.2658,1.13,1.50
2012.01.02 05:50:57.384,1.26543,1.26584,1.13,1.50
2012.01.02 05:50:57.457,1.26538,1.26577,1.37,1.50
2012.01.02 05:50:57.934,1.26524,1.26574,1.37,1.50
2012.01.02 05:51:10.723,1.26519,1.26574,1.37,1.13
2012.01.02 05:51:18.483,1.26519,1.26578,1.37,1.10
2012.01.02 05:51:23.993,1.26521,1.26579,1.37,1.27
2012.01.02 05:52:24.024,1.26489,1.26583,1.37,1.48
2012.01.02 05:53:46.338,1.26491,1.26584,1.37,1.71
2012.01.02 05:53:57.635,1.26492,1.26581,1.37,1.48
2012.01.02 05:54:01.219,1.26492,1.26584,1.37,1.85
2012.01.02 05:54:07.926,1.26509,1.26584,1.37,1.10
2012.01.02 05:54:09.325,1.26509,1.26584,1.37,1.10
2012.01.02 05:54:20.386,1.26509,1.26584,1.37,1.10
2012.01.02 05:54:37.788,1.26509,1.26584,1.37,1.10
2012.01.02 05:54:50.808,1.26509,1.26584,1.37,1.10
2012.01.02 05:55:09.130,1.26489,1.26584,1.37,1.85
2012.01.02 05:55:18.916,1.26491,1.26584,1.37,1.85
2012.01.02 05:55:20.438,1.26491,1.26584,1.37,1.85
2012.01.02 05:55:22.732,1.26512,1.26579,1.13,1.10
2012.01.02 05:56:03.102,1.26518,1.26578,1.37,1.10
2012.01.02 05:56:55.614,1.26518,1.26564,1.37,1.50
2012.01.02 05:56:55.741,1.26518,1.26555,1.37,1.13
2012.01.02 05:57:25.732,1.26511,1.26554,1.13,1.64
2012.01.02 05:57:26.041,1.26512,1.26566,1.74,1.50
2012.01.02 05:57:44.942,1.26512,1.26566,1.74,1.71
2012.01.02 05:57:45.134,1.26482,1.26566,1.37,1.85
2012.01.02 05:57:53.562,1.26476,1.26566,1.37,1.85
2012.01.02 05:57:54.235,1.2649,1.26568,1.50,1.27
2012.01.02 05:57:55.276,1.26492,1.26567,1.37,1.27
2012.01.02 05:57:56.003,1.26491,1.26567,1.37,1.27
2012.01.02 05:57:56.132,1.26491,1.26567,1.37,1.27
2012.01.02 05:57:56.447,1.26491,1.26568,1.37,1.27
2012.01.02 05:57:59.845,1.26487,1.26568,1.50,2.02
2012.01.02 05:58:00.583,1.26488,1.26567,1.50,2.02
2012.01.02 05:58:06.347,1.26491,1.26567,1.37,2.02
2012.01.02 05:58:10.484,1.26487,1.2656,1.50,1.64
2012.01.02 05:58:10.786,1.26487,1.2656,1.50,1.64
2012.01.02 05:58:19.927,1.26494,1.26567,1.37,1.64
2012.01.02 05:58:29.014,1.26494,1.26555,1.37,1.88
2012.01.02 05:58:29.538,1.26483,1.26555,1.37,1.27
2012.01.02 05:59:29.582,1.26469,1.26559,1.13,2.90
2012.01.02 05:59:35.030,1.26462,1.26559,2.55,2.90
2012.01.02 05:59:36.644,1.26469,1.26559,1.13,2.90
2012.01.02 05:59:37.314,1.26469,1.2656,1.13,2.90
2012.01.02 05:59:37.816,1.26469,1.2656,1.13,3.65
