2012.11.02 09:00:00.627,1.24145,1.24159,2.48,1.29
2012.11.02 09:00:00.755,1.24146,1.24159,1.50,1.44
2012.11.02 09:00:01.072,1.24147,1.24161,1.54,1.29
2012.11.02 09:00:01.386,1.24148,1.24165,2.48,1.52
2012.11.02 09:00:01.694,1.24156,1.24172,4.32,1.74
2012.11.02 09:00:01.821,1.24156,1.24175,4.32,2.42
2012.11.02 09:00:01.943,1.24156,1.24175,5.29,1.73
2012.11.02 09:00:02.433,1.24157,1.24176,1.54,2.48
2012.11.02 09:00:02.671,1.24159,1.24173,1.54,1.50
2012.11.02 09:00:02.971,1.24159,1.24174,1.54,1.73
2012.11.02 09:00:03.272,1.24163,1.24181,1.54,1.52
2012.11.02 09:00:03.814,1.24156,1.24175,2.29,1.65
2012.11.02 09:00:03.941,1.24156,1.24175,1.54,1.65
2012.11.02 09:00:04.061,1.24156,1.24175,1.54,1.65
2012.11.02 09:00:04.123,1.24156,1.24175,1.32,1.65
2012.11.02 09:00:04.252,1.24156,1.24174,1.54,2.19
2012.11.02 09:00:04.372,1.24153,1.24166,1.54,1.32
2012.11.02 09:00:04.611,1.24153,1.24166,1.32,1.54
2012.11.02 09:00:04.791,1.24158,1.24166,1.50,1.32
2012.11.02 09:00:04.913,1.24152,1.24166,1.50,1.54
2012.11.02 09:00:04.982,1.24149,1.24166,1.73,1.54
2012.11.02 09:00:05.044,1.24149,1.24166,1.50,1.54
2012.11.02 09:00:05.350,1.24149,1.24164,1.50,1.73
2012.11.02 09:00:05.712,1.24147,1.24164,1.50,1.52
2012.11.02 09:00:06.538,1.24145,1.24162,1.50,1.54
2012.11.02 09:00:07.115,1.24138,1.24156,1.73,1.35
2012.11.02 09:00:07.634,1.24138,1.24155,1.54,1.54
2012.11.02 09:00:07.703,1.24139,1.24157,1.54,3.77
2012.11.02 09:00:08.064,1.24144,1.24159,1.50,1.33
2012.11.02 09:00:08.405,1.24144,1.24161,2.83,1.11
2012.11.02 09:00:08.471,1.24144,1.2416,1.54,1.52
2012.11.02 09:00:08.711,1.24149,1.24165,1.32,1.54
2012.11.02 09:00:09.171,1.24149,1.24165,1.32,1.54
2012.11.02 09:00:09.239,1.24145,1.24162,2.40,1.35
2012.11.02 09:00:09.305,1.24145,1.24161,1.65,1.33
2012.11.02 09:00:09.612,1.24145,1.24161,1.54,1.73
2012.11.02 09:00:09.921,1.24141,1.24157,1.50,2.29
2012.11.02 09:00:10.363,1.2414,1.24157,1.54,1.54
2012.11.02 09:00:10.724,1.24143,1.24159,1.54,1.73
2012.11.02 09:00:11.093,1.24143,1.24157,1.54,1.35
2012.11.02 09:00:11.403,1.24137,1.24154,1.73,1.73
2012.11.02 09:00:11.461,1.24136,1.24154,2.29,1.73
2012.11.02 09:00:11.701,1.24136,1.24155,2.29,3.23
2012.11.02 09:00:12.002,1.24141,1.24154,1.54,1.73
2012.11.02 09:00:12.321,1.24141,1.24154,1.54,1.50
2012.11.02 09:00:12.381,1.24141,1.24158,2.29,1.73
2012.11.02 09:00:12.621,1.2414,1.24152,1.54,3.00
2012.11.02 09:00:12.941,1.24136,1.24151,1.50,1.33
2012.11.02 09:00:13.063,1.24138,1.24151,1.32,1.54
2012.11.02 09:00:13.362,1.24133,1.2415,1.73,1.35
2012.11.02 09:00:13.724,1.24132,1.2415,1.50,1.35
2012.11.02 09:00:14.248,1.24132,1.2415,1.50,1.89
2012.11.02 09:00:14.810,1.24133,1.2415,1.50,1.54
2012.11.02 09:00:15.351,1.24133,1.24152,5.82,1.97
2012.11.02 09:00:15.412,1.24133,1.24152,6.04,2.27
2012.11.02 09:00:16.610,1.24134,1.24152,1.35,1.73
2012.11.02 09:00:16.981,1.24134,1.24152,1.13,2.25
2012.11.02 09:00:17.522,1.24136,1.24152,1.54,1.52
2012.11.02 09:00:18.061,1.24138,1.24153,1.50,1.52
2012.11.02 09:00:18.362,1.24142,1.2416,3.04,3.02
2012.11.02 09:00:18.901,1.24137,1.24153,1.73,1.32
2012.11.02 09:00:19.264,1.24137,1.24152,1.73,1.73
2012.11.02 09:00:19.333,1.24137,1.24152,1.50,1.73
2012.11.02 09:00:20.751,1.24136,1.24151,1.50,1.54
2012.11.02 09:00:20.932,1.2413,1.24146,1.73,3.00
2012.11.02 09:00:21.113,1.24128,1.24146,2.48,3.79
2012.11.02 09:00:21.232,1.24128,1.24146,2.48,3.79
2012.11.02 09:00:21.352,1.24128,1.24145,1.73,1.54
2012.11.02 09:00:21.772,1.24129,1.24145,1.73,1.33
2012.11.02 09:00:23.031,1.24129,1.24146,1.54,1.54
2012.11.02 09:00:23.334,1.24128,1.24143,1.54,1.54
2012.11.02 09:00:23.823,1.24126,1.24142,1.73,1.54
2012.11.02 09:00:24.131,1.24122,1.24138,2.10,3.98
2012.11.02 09:00:24.559,1.2412,1.24137,1.54,1.54
2012.11.02 09:00:24.811,1.24118,1.24137,1.73,1.54
2012.11.02 09:00:25.004,1.24121,1.24137,1.73,1.54
2012.11.02 09:00:25.073,1.24122,1.24138,1.54,1.54
2012.11.02 09:00:25.198,1.24122,1.24139,2.10,2.27
2012.11.02 09:00:25.621,1.24124,1.24143,2.29,1.54
2012.11.02 09:00:26.371,1.24126,1.24143,1.73,1.54
2012.11.02 09:00:26.851,1.24127,1.24145,1.54,1.52
2012.11.02 09:00:27.175,1.24134,1.24146,1.54,1.29
2012.11.02 09:00:27.422,1.24134,1.24149,1.54,1.73
2012.11.02 09:00:28.104,1.24134,1.24153,1.54,2.29
2012.11.02 09:00:28.234,1.24134,1.24153,1.54,2.29
2012.11.02 09:00:28.302,1.24134,1.24153,1.54,2.29
2012.11.02 09:00:28.420,1.24133,1.24151,2.85,1.32
2012.11.02 09:00:28.723,1.24133,1.24147,1.73,1.54
2012.11.02 09:00:29.274,1.24128,1.24148,1.73,6.21
2012.11.02 09:00:29.341,1.24127,1.24144,2.29,1.73
2012.11.02 09:00:29.525,1.24128,1.24146,1.73,1.54
2012.11.02 09:00:30.070,1.24127,1.24146,3.79,1.54
2012.11.02 09:00:30.601,1.24126,1.24145,1.54,1.54
2012.11.02 09:00:31.422,1.24124,1.24141,4.54,1.73
2012.11.02 09:00:31.482,1.24124,1.24138,1.54,1.73
2012.11.02 09:00:31.841,1.24122,1.24139,1.54,1.73
2012.11.02 09:00:32.381,1.2412,1.2414,2.10,2.08
2012.11.02 09:00:32.752,1.2412,1.24138,1.54,1.54
2012.11.02 09:00:35.024,1.24118,1.24139,3.57,3.35
2012.11.02 09:00:35.093,1.24118,1.24138,2.82,1.54
2012.11.02 09:00:35.164,1.24118,1.24135,2.25,3.23
2012.11.02 09:00:35.472,1.24115,1.24132,3.23,1.54
2012.11.02 09:00:35.592,1.24115,1.24132,3.00,1.54
2012.11.02 09:00:35.982,1.24115,1.24133,1.50,1.22
2012.11.02 09:00:36.291,1.24119,1.24134,1.50,1.56
2012.11.02 09:00:36.415,1.24118,1.24134,2.48,1.35
2012.11.02 09:00:36.603,1.24115,1.24134,2.48,2.10
2012.11.02 09:00:36.828,1.24116,1.24134,1.73,1.35
2012.11.02 09:00:37.294,1.24115,1.24134,2.48,2.10
2012.11.02 09:00:38.082,1.24115,1.24132,1.73,1.73
2012.11.02 09:00:38.391,1.24113,1.24132,1.32,2.48
2012.11.02 09:00:38.931,1.24113,1.24132,2.07,2.48
2012.11.02 09:00:39.615,1.24111,1.24127,2.07,1.32
2012.11.02 09:00:40.118,1.2411,1.24125,2.33,1.54
2012.11.02 09:00:40.652,1.24109,1.24124,1.35,1.54
2012.11.02 09:00:41.565,1.24108,1.24121,1.20,3.04
2012.11.02 09:00:42.104,1.24105,1.24114,2.25,1.88
2012.11.02 09:00:42.183,1.24105,1.24116,1.35,4.41
2012.11.02 09:00:42.265,1.24102,1.24113,2.33,2.07
2012.11.02 09:00:42.645,1.24099,1.24113,1.35,1.95
2012.11.02 09:00:42.715,1.24099,1.24113,2.10,1.54
2012.11.02 09:00:42.964,1.241,1.24113,1.65,1.54
2012.11.02 09:00:43.335,1.24102,1.24119,1.47,1.52
2012.11.02 09:00:43.406,1.24105,1.24119,1.32,1.52
2012.11.02 09:00:43.712,1.24101,1.24114,1.35,1.13
2012.11.02 09:00:44.014,1.24098,1.24113,1.50,1.17
2012.11.02 09:00:44.084,1.24101,1.24114,1.50,1.51
2012.11.02 09:00:44.153,1.24101,1.24114,1.50,1.35
2012.11.02 09:00:44.284,1.24105,1.24116,1.32,1.11
2012.11.02 09:00:44.352,1.24106,1.24117,1.13,1.52
2012.11.02 09:00:44.833,1.24107,1.24122,1.32,2.33
2012.11.02 09:00:44.954,1.24107,1.24122,1.54,1.73
2012.11.02 09:00:45.024,1.24109,1.24122,1.73,1.50
2012.11.02 09:00:45.271,1.24109,1.24123,1.50,1.73
2012.11.02 09:00:45.631,1.24107,1.24126,2.29,2.27
2012.11.02 09:00:47.152,1.24106,1.24123,1.73,1.54
2012.11.02 09:00:47.513,1.24106,1.24122,1.50,1.54
2012.11.02 09:00:47.702,1.24106,1.24123,2.48,1.35
2012.11.02 09:00:48.101,1.24106,1.24123,2.48,1.35
2012.11.02 09:00:48.825,1.24103,1.24122,3.23,2.29
2012.11.02 09:00:49.470,1.24103,1.24117,1.50,1.73
2012.11.02 09:00:49.701,1.241,1.24114,1.95,1.54
2012.11.02 09:00:49.941,1.24099,1.24114,1.95,1.54
2012.11.02 09:00:50.248,1.24097,1.24114,1.73,2.29
2012.11.02 09:00:50.372,1.24102,1.24114,1.35,1.54
2012.11.02 09:00:50.733,1.2411,1.2412,1.54,1.29
2012.11.02 09:00:50.794,1.2411,1.24124,1.54,1.73
2012.11.02 09:00:50.861,1.2411,1.24125,1.54,1.73
2012.11.02 09:00:51.162,1.2411,1.24123,1.47,1.73
2012.11.02 09:00:51.417,1.24108,1.24123,1.47,1.54
2012.11.02 09:00:51.482,1.24108,1.24123,1.32,1.54
2012.11.02 09:00:51.722,1.24104,1.24123,2.40,3.04
2012.11.02 09:00:51.901,1.24103,1.2412,2.97,1.73
2012.11.02 09:00:52.212,1.24103,1.24115,1.73,1.73
2012.11.02 09:00:52.752,1.24103,1.24118,1.73,1.54
2012.11.02 09:00:53.111,1.24101,1.24117,1.50,1.54
2012.11.02 09:00:53.172,1.24101,1.24117,1.73,3.04
2012.11.02 09:00:53.231,1.24101,1.24113,1.73,1.50
2012.11.02 09:00:53.356,1.24099,1.24116,2.10,1.73
2012.11.02 09:00:53.425,1.24099,1.24117,2.10,1.54
2012.11.02 09:00:54.094,1.241,1.24118,1.50,1.54
2012.11.02 09:00:54.281,1.241,1.2412,2.29,1.73
2012.11.02 09:00:54.583,1.24101,1.24119,1.32,1.73
2012.11.02 09:00:54.702,1.24101,1.24119,1.32,1.73
2012.11.02 09:00:54.824,1.24101,1.24119,1.54,1.73
2012.11.02 09:00:54.954,1.24101,1.24119,1.54,1.73
2012.11.02 09:00:55.321,1.24108,1.24124,1.73,1.33
2012.11.02 09:00:55.952,1.24108,1.24125,1.73,1.54
2012.11.02 09:00:56.084,1.24108,1.24125,2.48,1.54
2012.11.02 09:00:56.621,1.24109,1.24126,1.50,1.35
2012.11.02 09:00:57.172,1.24108,1.24126,1.73,1.54
2012.11.02 09:00:57.969,1.2411,1.24126,1.73,1.54
2012.11.02 09:00:58.326,1.24113,1.24129,1.73,1.33
2012.11.02 09:00:58.833,1.24112,1.2413,2.29,2.08
2012.11.02 09:00:59.026,1.24113,1.24132,1.73,1.35
2012.11.02 09:00:59.543,1.24115,1.24132,1.50,1.35
2012.11.02 09:00:59.723,1.24112,1.2413,2.29,1.54
2012.11.02 09:01:00.290,1.24113,1.24131,1.73,1.54
2012.11.02 09:01:00.605,1.24113,1.2413,1.73,1.54
2012.11.02 09:01:02.642,1.24114,1.24131,1.54,1.73
2012.11.02 09:01:05.595,1.24114,1.24132,1.54,2.29
2012.11.02 09:01:06.033,1.24104,1.24118,1.50,1.62
2012.11.02 09:01:06.105,1.24101,1.24116,1.50,3.23
2012.11.02 09:01:06.332,1.241,1.24115,1.50,1.35
2012.11.02 09:01:06.597,1.24102,1.24115,3.75,1.35
2012.11.02 09:01:06.738,1.24103,1.24116,1.32,3.23
2012.11.02 09:01:06.874,1.24107,1.24118,1.50,1.52
2012.11.02 09:01:07.072,1.24104,1.24118,1.73,1.86
2012.11.02 09:01:07.196,1.24103,1.24118,1.54,1.11
2012.11.02 09:01:07.505,1.24103,1.24116,1.54,4.50
2012.11.02 09:01:07.572,1.241,1.24116,1.54,4.73
2012.11.02 09:01:08.818,1.24096,1.24113,2.29,1.73
2012.11.02 09:01:10.190,1.24103,1.2412,1.73,2.29
2012.11.02 09:01:10.639,1.24101,1.24112,2.48,3.57
2012.11.02 09:01:10.955,1.24102,1.24119,1.77,2.27
2012.11.02 09:01:11.203,1.24103,1.24119,1.73,1.52
2012.11.02 09:01:11.505,1.24103,1.24119,1.73,1.52
2012.11.02 09:01:11.632,1.24103,1.2412,1.73,1.54
2012.11.02 09:01:12.165,1.241,1.24108,2.25,1.32
2012.11.02 09:01:12.472,1.24102,1.24111,1.32,1.73
2012.11.02 09:01:12.533,1.24101,1.24113,2.29,1.50
2012.11.02 09:01:12.891,1.24099,1.24118,5.29,2.57
2012.11.02 09:01:13.442,1.24102,1.24119,2.29,1.52
2012.11.02 09:01:13.563,1.24101,1.24118,1.32,1.73
2012.11.02 09:01:14.244,1.24102,1.2412,1.32,2.14
2012.11.02 09:01:14.432,1.24103,1.2412,1.32,1.58
2012.11.02 09:01:15.272,1.24102,1.24121,1.54,1.54
2012.11.02 09:01:15.753,1.24103,1.24121,1.54,1.54
2012.11.02 09:01:16.584,1.24101,1.24121,2.63,1.54
2012.11.02 09:01:16.713,1.24101,1.24121,3.38,2.29
2012.11.02 09:01:16.953,1.24101,1.2412,2.07,1.54
2012.11.02 09:01:17.262,1.24101,1.24121,1.50,2.10
2012.11.02 09:01:17.621,1.24102,1.24121,1.73,2.10
2012.11.02 09:01:18.491,1.24106,1.24124,1.35,1.52
2012.11.02 09:01:19.804,1.24106,1.24122,2.82,1.54
2012.11.02 09:01:19.932,1.24106,1.24121,1.32,1.54
2012.11.02 09:01:20.232,1.24101,1.24121,3.04,1.54
2012.11.02 09:01:23.211,1.241,1.24114,1.54,2.07
2012.11.02 09:01:23.633,1.24099,1.24115,1.54,1.39
2012.11.02 09:01:24.063,1.24102,1.24118,1.32,1.54
2012.11.02 09:01:24.182,1.241,1.24118,3.04,2.08
2012.11.02 09:01:24.303,1.24098,1.24117,1.73,2.10
2012.11.02 09:01:26.852,1.24101,1.24117,1.73,1.35
2012.11.02 09:01:27.212,1.24105,1.24122,1.50,1.87
2012.11.02 09:01:27.704,1.24103,1.24122,1.50,2.62
2012.11.02 09:01:27.785,1.24103,1.24122,1.73,1.54
2012.11.02 09:01:27.973,1.24103,1.24123,2.48,2.68
2012.11.02 09:01:29.585,1.24109,1.24125,1.50,2.48
2012.11.02 09:01:29.712,1.24109,1.24125,1.73,1.50
2012.11.02 09:01:29.833,1.24107,1.24125,1.54,2.48
2012.11.02 09:01:31.712,1.24107,1.24121,1.73,1.32
2012.11.02 09:01:31.772,1.24107,1.24121,1.50,1.54
2012.11.02 09:01:32.014,1.24106,1.24121,2.48,2.29
2012.11.02 09:01:32.276,1.24109,1.24124,1.54,1.54
2012.11.02 09:01:32.402,1.24109,1.24125,1.54,2.83
2012.11.02 09:01:32.953,1.2411,1.24129,1.73,2.08
2012.11.02 09:01:33.354,1.2411,1.24129,2.48,1.33
2012.11.02 09:01:33.982,1.2411,1.2413,1.73,2.10
2012.11.02 09:01:34.562,1.24111,1.2413,1.73,2.64
2012.11.02 09:01:34.742,1.2411,1.2413,2.48,3.39
2012.11.02 09:01:35.572,1.24109,1.24129,3.04,2.08
2012.11.02 09:01:37.613,1.24109,1.24126,3.79,1.73
2012.11.02 09:01:37.852,1.24105,1.24123,3.04,1.54
2012.11.02 09:01:38.104,1.24105,1.24123,2.97,1.54
2012.11.02 09:01:39.852,1.24106,1.24124,1.73,1.33
2012.11.02 09:01:40.172,1.24109,1.24125,1.73,1.35
2012.11.02 09:01:42.372,1.24111,1.24128,1.73,2.08
2012.11.02 09:01:42.493,1.24112,1.24128,1.73,1.54
2012.11.02 09:01:43.043,1.24117,1.2413,1.73,1.13
2012.11.02 09:01:43.292,1.24117,1.2413,1.32,1.54
2012.11.02 09:01:43.412,1.24112,1.2413,1.73,2.29
2012.11.02 09:01:43.712,1.24114,1.24133,1.73,3.39
2012.11.02 09:01:44.491,1.24112,1.24131,2.29,2.48
2012.11.02 09:01:45.413,1.24118,1.24131,3.00,2.48
2012.11.02 09:01:45.543,1.24119,1.24133,1.35,2.27
2012.11.02 09:01:45.785,1.24119,1.24136,1.35,1.73
2012.11.02 09:01:46.154,1.24119,1.24136,1.35,1.65
2012.11.02 09:01:46.865,1.24114,1.24132,1.50,1.88
2012.11.02 09:01:46.948,1.24114,1.24129,1.50,1.31
2012.11.02 09:01:48.139,1.24113,1.24133,3.00,1.54
2012.11.02 09:01:48.213,1.24114,1.24133,1.54,2.10
2012.11.02 09:01:48.881,1.24115,1.24134,1.65,1.54
2012.11.02 09:01:50.041,1.24119,1.24134,1.73,1.54
2012.11.02 09:01:50.245,1.24119,1.24134,1.73,1.54
2012.11.02 09:01:50.583,1.24119,1.24134,1.73,1.54
2012.11.02 09:01:50.772,1.24118,1.24134,1.73,1.54
2012.11.02 09:01:51.012,1.24119,1.24134,2.29,1.73
2012.11.02 09:01:53.122,1.24119,1.24135,1.54,1.73
2012.11.02 09:01:54.012,1.24119,1.24137,1.54,3.04
2012.11.02 09:01:54.072,1.24119,1.24137,1.54,2.29
2012.11.02 09:01:54.571,1.24119,1.24136,1.54,1.73
2012.11.02 09:01:54.692,1.24122,1.24137,1.73,2.29
2012.11.02 09:01:54.877,1.24122,1.24138,1.73,1.54
2012.11.02 09:01:55.421,1.24123,1.24142,1.54,2.29
2012.11.02 09:01:56.562,1.24124,1.24142,1.73,2.29
2012.11.02 09:01:59.501,1.24125,1.24142,1.73,2.29
2012.11.02 09:02:00.012,1.24122,1.24138,2.29,1.73
2012.11.02 09:02:00.312,1.24122,1.24136,1.54,1.73
2012.11.02 09:02:00.732,1.24122,1.24141,2.29,1.52
2012.11.02 09:02:01.984,1.24123,1.24142,1.73,2.08
2012.11.02 09:02:02.302,1.24127,1.24143,1.73,1.88
2012.11.02 09:02:02.423,1.24127,1.24143,1.73,2.10
2012.11.02 09:02:02.983,1.24129,1.24147,2.29,1.52
2012.11.02 09:02:05.101,1.24138,1.24149,3.00,1.29
2012.11.02 09:02:05.161,1.2414,1.24151,1.54,1.86
2012.11.02 09:02:05.283,1.24139,1.24156,1.35,2.04
2012.11.02 09:02:05.404,1.24139,1.24155,1.35,1.35
2012.11.02 09:02:05.713,1.24134,1.24149,1.50,4.35
2012.11.02 09:02:05.775,1.24136,1.24149,1.50,3.79
2012.11.02 09:02:06.622,1.2413,1.24149,1.73,4.54
2012.11.02 09:02:07.064,1.2413,1.2415,1.54,3.04
2012.11.02 09:02:07.621,1.2413,1.2415,1.54,2.29
2012.11.02 09:02:07.981,1.2413,1.2415,1.73,3.98
2012.11.02 09:02:08.723,1.24129,1.24147,1.54,1.54
2012.11.02 09:02:08.964,1.24129,1.24146,1.54,1.35
2012.11.02 09:02:09.153,1.24129,1.24146,1.54,1.73
2012.11.02 09:02:09.212,1.24129,1.24143,1.54,1.73
2012.11.02 09:02:10.313,1.24127,1.24147,3.79,5.08
2012.11.02 09:02:10.674,1.24128,1.24147,2.48,3.79
2012.11.02 09:02:10.742,1.24128,1.24147,1.73,4.33
2012.11.02 09:02:10.983,1.24127,1.24147,3.04,4.33
2012.11.02 09:02:11.102,1.24129,1.24149,1.54,2.08
2012.11.02 09:02:12.861,1.24128,1.24149,4.54,1.73
2012.11.02 09:02:13.221,1.24128,1.24149,4.54,2.48
2012.11.02 09:02:13.282,1.24128,1.24149,4.54,2.48
2012.11.02 09:02:13.702,1.24129,1.24147,1.54,1.54
2012.11.02 09:02:14.972,1.24131,1.24149,3.04,1.54
2012.11.02 09:02:15.104,1.24131,1.24149,3.04,1.54
2012.11.02 09:02:15.613,1.24131,1.24147,1.54,1.73
2012.11.02 09:02:15.673,1.24131,1.24145,1.32,1.54
2012.11.02 09:02:15.852,1.24127,1.24144,1.73,2.10
2012.11.02 09:02:16.362,1.24125,1.24144,3.98,2.10
2012.11.02 09:02:16.773,1.24127,1.24144,1.54,1.54
2012.11.02 09:02:16.894,1.24127,1.24145,2.29,1.54
2012.11.02 09:02:17.085,1.24129,1.24147,2.07,4.17
2012.11.02 09:02:17.151,1.24128,1.24147,1.32,4.17
2012.11.02 09:02:17.512,1.24128,1.24147,1.54,2.83
2012.11.02 09:02:18.604,1.24129,1.24149,1.54,2.64
2012.11.02 09:02:19.376,1.24131,1.24147,1.73,1.32
2012.11.02 09:02:19.754,1.24128,1.24144,2.48,1.32
2012.11.02 09:02:19.943,1.24129,1.24145,1.54,2.48
2012.11.02 09:02:20.523,1.24128,1.24147,4.54,1.73
2012.11.02 09:02:20.841,1.24125,1.24141,1.73,1.54
2012.11.02 09:02:21.343,1.24125,1.24142,1.73,2.29
2012.11.02 09:02:21.588,1.24125,1.24142,2.48,1.54
2012.11.02 09:02:21.654,1.24127,1.24142,1.73,1.54
2012.11.02 09:02:22.003,1.24131,1.24144,1.54,1.52
2012.11.02 09:02:22.534,1.24131,1.24148,2.29,1.52
2012.11.02 09:02:23.290,1.24133,1.24148,1.73,1.52
2012.11.02 09:02:23.812,1.2413,1.24148,1.54,1.73
2012.11.02 09:02:24.423,1.24134,1.24148,2.10,1.52
2012.11.02 09:02:24.602,1.24134,1.24148,2.10,1.29
2012.11.02 09:02:25.515,1.24134,1.24149,2.10,1.50
2012.11.02 09:02:26.143,1.24134,1.2415,2.10,1.73
2012.11.02 09:02:26.394,1.24134,1.2415,2.10,1.73
2012.11.02 09:02:31.026,1.24129,1.24143,3.00,1.54
2012.11.02 09:02:31.094,1.24129,1.24143,1.50,1.54
2012.11.02 09:02:31.401,1.24131,1.24144,1.50,1.33
2012.11.02 09:02:32.502,1.24129,1.24147,1.73,1.54
2012.11.02 09:02:33.013,1.24132,1.24148,1.73,1.35
2012.11.02 09:02:35.841,1.24132,1.24149,2.48,1.54
2012.11.02 09:02:37.432,1.24132,1.24152,3.04,2.29
2012.11.02 09:02:38.081,1.24132,1.24144,1.50,1.54
2012.11.02 09:02:38.325,1.24135,1.24146,1.54,1.54
2012.11.02 09:02:38.451,1.2413,1.24146,2.07,1.33
2012.11.02 09:02:38.512,1.24129,1.24146,1.73,2.08
2012.11.02 09:02:38.633,1.24129,1.24141,1.50,1.35
2012.11.02 09:02:39.013,1.24129,1.24143,1.54,1.73
2012.11.02 09:02:39.593,1.24129,1.24148,1.54,1.73
2012.11.02 09:02:40.014,1.24131,1.24149,3.00,2.27
2012.11.02 09:02:40.572,1.24134,1.24151,1.32,1.77
2012.11.02 09:02:40.636,1.24134,1.24151,1.54,2.12
2012.11.02 09:02:41.257,1.24131,1.24143,2.29,1.54
2012.11.02 09:02:41.573,1.24129,1.24145,1.50,1.74
2012.11.02 09:02:41.694,1.24127,1.24146,2.07,2.20
2012.11.02 09:02:41.765,1.24127,1.24146,2.29,1.73
2012.11.02 09:02:42.262,1.2413,1.24147,1.50,1.33
2012.11.02 09:02:42.622,1.2413,1.24149,1.50,1.89
2012.11.02 09:02:43.315,1.2413,1.24147,1.50,1.54
2012.11.02 09:02:43.562,1.24134,1.24149,2.10,1.52
2012.11.02 09:02:44.802,1.24134,1.2415,1.35,1.73
2012.11.02 09:02:45.241,1.24133,1.2415,2.29,1.73
2012.11.02 09:02:47.172,1.24133,1.2415,1.54,1.73
2012.11.02 09:02:47.661,1.24131,1.24145,3.23,1.50
2012.11.02 09:02:47.901,1.24127,1.24145,1.54,1.73
2012.11.02 09:02:48.414,1.24132,1.24145,1.13,1.73
2012.11.02 09:02:48.542,1.24133,1.24145,1.54,1.73
2012.11.02 09:02:48.604,1.24133,1.24147,1.54,1.73
2012.11.02 09:02:48.672,1.24133,1.24147,1.32,1.73
2012.11.02 09:02:49.632,1.24131,1.24146,1.32,1.73
2012.11.02 09:02:49.811,1.24138,1.24149,3.00,1.73
2012.11.02 09:02:50.053,1.24143,1.24152,1.54,1.29
2012.11.02 09:02:50.173,1.24138,1.24152,2.44,4.10
2012.11.02 09:02:50.231,1.24134,1.2415,1.50,2.08
2012.11.02 09:02:50.352,1.24137,1.24152,1.32,2.81
2012.11.02 09:02:50.472,1.24137,1.24153,1.32,1.73
2012.11.02 09:02:51.589,1.24136,1.24152,1.50,1.54
2012.11.02 09:02:51.872,1.24132,1.2415,1.32,1.73
2012.11.02 09:02:52.391,1.24131,1.24146,1.50,1.06
2012.11.02 09:02:52.474,1.2413,1.24147,1.50,1.35
2012.11.02 09:02:53.072,1.24128,1.24146,1.73,2.08
2012.11.02 09:02:53.621,1.24128,1.24147,1.54,2.27
2012.11.02 09:02:53.867,1.24128,1.24145,1.54,2.33
2012.11.02 09:02:54.412,1.24125,1.2414,1.73,2.48
2012.11.02 09:02:54.771,1.24124,1.24141,1.50,2.04
2012.11.02 09:02:55.672,1.24125,1.24142,3.75,1.79
2012.11.02 09:02:55.731,1.24126,1.24142,1.54,1.52
2012.11.02 09:02:55.912,1.24132,1.24147,1.32,1.95
2012.11.02 09:02:56.091,1.24134,1.24147,1.32,1.52
2012.11.02 09:02:56.213,1.24138,1.24147,3.00,1.29
2012.11.02 09:02:56.514,1.24138,1.24147,3.98,1.29
2012.11.02 09:02:56.653,1.24139,1.24156,1.54,2.10
2012.11.02 09:02:57.433,1.24137,1.24152,1.32,2.48
2012.11.02 09:02:57.555,1.24136,1.24152,1.32,2.48
2012.11.02 09:02:58.925,1.24135,1.24152,1.54,1.73
2012.11.02 09:02:59.892,1.24135,1.2415,1.54,2.48
2012.11.02 09:03:02.991,1.24137,1.24154,1.50,3.21
2012.11.02 09:03:03.052,1.24137,1.24154,1.73,3.21
2012.11.02 09:03:03.753,1.24141,1.24153,1.13,1.73
2012.11.02 09:03:03.994,1.2414,1.24157,2.10,3.02
2012.11.02 09:03:04.302,1.2414,1.24155,1.88,2.10
2012.11.02 09:03:05.022,1.24139,1.24154,1.13,2.10
2012.11.02 09:03:05.083,1.24139,1.24154,1.35,1.35
2012.11.02 09:03:06.622,1.24144,1.24155,3.00,1.73
2012.11.02 09:03:06.812,1.24145,1.24156,2.10,1.73
2012.11.02 09:03:07.293,1.24145,1.24164,1.35,1.73
2012.11.02 09:03:08.162,1.24145,1.24159,1.35,1.73
2012.11.02 09:03:09.994,1.24142,1.24159,1.50,1.54
2012.11.02 09:03:10.282,1.24141,1.24159,1.71,2.29
2012.11.02 09:03:10.586,1.24145,1.24159,3.00,1.50
2012.11.02 09:03:11.089,1.24147,1.24163,1.32,2.10
2012.11.02 09:03:11.211,1.24145,1.24163,4.54,1.73
2012.11.02 09:03:11.631,1.24145,1.24163,3.79,1.73
2012.11.02 09:03:12.821,1.24145,1.24162,1.35,1.73
2012.11.02 09:03:15.412,1.24145,1.24161,1.54,1.73
2012.11.02 09:03:15.532,1.24147,1.24163,1.50,2.83
2012.11.02 09:03:15.595,1.24149,1.24163,1.54,2.27
2012.11.02 09:03:16.163,1.24149,1.24163,1.54,1.73
2012.11.02 09:03:16.694,1.2415,1.24167,1.54,1.73
2012.11.02 09:03:17.063,1.24148,1.24162,2.29,4.50
2012.11.02 09:03:17.422,1.24145,1.24162,3.23,4.54
2012.11.02 09:03:17.781,1.24146,1.2416,1.73,1.54
2012.11.02 09:03:17.841,1.24146,1.2416,1.73,1.54
2012.11.02 09:03:18.480,1.24143,1.24159,1.73,1.73
2012.11.02 09:03:19.063,1.24149,1.2416,1.13,1.73
2012.11.02 09:03:19.842,1.24149,1.24165,1.35,1.73
2012.11.02 09:03:20.573,1.2415,1.24165,1.54,1.73
2012.11.02 09:03:21.753,1.2415,1.24165,1.73,1.73
2012.11.02 09:03:22.293,1.24154,1.24169,1.35,2.48
2012.11.02 09:03:24.773,1.24152,1.24169,2.85,1.73
2012.11.02 09:03:26.044,1.24154,1.24169,1.54,1.73
2012.11.02 09:03:26.571,1.24155,1.24171,1.54,1.73
2012.11.02 09:03:27.182,1.24154,1.24171,1.54,2.48
2012.11.02 09:03:27.680,1.24154,1.24171,1.54,2.48
2012.11.02 09:03:27.756,1.24152,1.24166,4.54,1.50
2012.11.02 09:03:27.832,1.24152,1.24166,3.57,1.50
2012.11.02 09:03:28.045,1.2415,1.24164,1.32,2.10
2012.11.02 09:03:28.115,1.2415,1.24164,1.32,2.10
2012.11.02 09:03:28.543,1.24146,1.2416,1.32,1.73
2012.11.02 09:03:28.783,1.24146,1.24159,1.54,1.73
2012.11.02 09:03:29.142,1.24149,1.24164,1.73,1.52
2012.11.02 09:03:31.373,1.24152,1.24168,1.32,2.08
2012.11.02 09:03:31.492,1.24152,1.24167,1.54,1.73
2012.11.02 09:03:36.312,1.24155,1.2417,1.13,1.73
2012.11.02 09:03:37.374,1.24153,1.24171,1.35,1.73
2012.11.02 09:03:37.862,1.24153,1.24171,1.13,3.23
2012.11.02 09:03:37.981,1.24155,1.24171,1.54,2.48
2012.11.02 09:03:41.997,1.24157,1.24178,2.29,2.65
2012.11.02 09:03:42.249,1.24158,1.24177,1.73,2.29
2012.11.02 09:03:42.372,1.2416,1.24177,1.73,2.29
2012.11.02 09:03:42.612,1.24166,1.24179,1.54,1.52
2012.11.02 09:03:42.912,1.24162,1.2418,2.07,2.29
2012.11.02 09:03:42.972,1.2416,1.24179,1.73,1.54
2012.11.02 09:03:43.091,1.2416,1.24179,2.48,1.54
2012.11.02 09:03:43.284,1.2416,1.24179,2.48,1.54
2012.11.02 09:03:43.412,1.24162,1.2418,3.00,3.23
2012.11.02 09:03:43.473,1.24164,1.2418,1.54,1.73
2012.11.02 09:03:47.700,1.24168,1.2418,3.00,1.73
2012.11.02 09:03:47.913,1.24166,1.24182,1.73,1.73
2012.11.02 09:03:47.992,1.24166,1.24182,1.73,1.50
2012.11.02 09:03:48.242,1.24165,1.24182,2.29,1.50
2012.11.02 09:03:48.363,1.24165,1.24182,1.54,1.73
2012.11.02 09:03:48.722,1.24165,1.24179,1.54,2.33
2012.11.02 09:03:49.023,1.24166,1.24179,1.35,1.73
2012.11.02 09:03:49.147,1.24163,1.2418,3.79,1.73
2012.11.02 09:03:49.212,1.24163,1.2418,3.57,1.73
2012.11.02 09:03:50.313,1.24163,1.24181,1.13,2.29
2012.11.02 09:03:50.832,1.24161,1.24181,2.10,2.83
2012.11.02 09:03:51.372,1.24161,1.2418,1.88,1.73
2012.11.02 09:03:52.721,1.24161,1.24179,1.13,1.54
2012.11.02 09:03:55.012,1.2416,1.24179,1.54,3.58
2012.11.02 09:03:55.571,1.2416,1.24179,2.29,2.27
2012.11.02 09:03:56.142,1.24159,1.24173,1.73,1.54
2012.11.02 09:03:56.321,1.24156,1.24173,1.73,1.54
2012.11.02 09:03:56.641,1.24157,1.24173,1.73,2.08
2012.11.02 09:03:57.235,1.2416,1.24178,1.54,1.52
2012.11.02 09:03:57.754,1.2416,1.24178,1.54,1.73
2012.11.02 09:03:58.324,1.24158,1.24177,1.73,1.54
2012.11.02 09:03:58.392,1.24157,1.24177,2.29,1.54
2012.11.02 09:04:02.564,1.24156,1.24175,2.29,1.73
2012.11.02 09:04:04.642,1.24156,1.24166,2.29,2.10
2012.11.02 09:04:04.945,1.24152,1.24165,1.88,2.00
2012.11.02 09:04:05.452,1.24143,1.24162,1.32,1.54
2012.11.02 09:04:05.577,1.24143,1.24163,2.29,1.35
2012.11.02 09:04:05.883,1.24147,1.24164,1.54,1.54
2012.11.02 09:04:06.459,1.24145,1.2416,1.73,1.54
2012.11.02 09:04:06.832,1.24146,1.24165,2.10,1.52
2012.11.02 09:04:07.316,1.24146,1.2416,2.29,2.10
2012.11.02 09:04:07.623,1.24145,1.24151,1.32,2.07
2012.11.02 09:04:07.744,1.24145,1.24154,2.07,1.50
2012.11.02 09:04:07.992,1.24144,1.24154,1.13,1.89
2012.11.02 09:04:08.243,1.2414,1.24152,1.32,1.32
2012.11.02 09:04:08.302,1.24138,1.24152,1.32,1.32
2012.11.02 09:04:08.483,1.24135,1.24151,1.73,1.73
2012.11.02 09:04:08.542,1.24135,1.24151,1.50,1.73
2012.11.02 09:04:08.783,1.24135,1.24152,1.73,1.54
2012.11.02 09:04:08.974,1.24134,1.24152,1.32,2.29
2012.11.02 09:04:09.292,1.24132,1.24149,1.50,2.29
2012.11.02 09:04:09.652,1.24131,1.24149,1.73,1.54
2012.11.02 09:04:10.102,1.24135,1.2415,1.50,2.10
2012.11.02 09:04:10.162,1.24136,1.2415,1.54,1.54
2012.11.02 09:04:11.539,1.24136,1.24155,3.04,1.39
2012.11.02 09:04:11.602,1.24136,1.24154,1.32,1.24
2012.11.02 09:04:11.728,1.24136,1.24151,1.50,1.39
2012.11.02 09:04:12.032,1.24132,1.2415,1.32,2.29
2012.11.02 09:04:12.333,1.24132,1.24149,1.17,1.73
2012.11.02 09:04:12.467,1.24138,1.24148,1.54,1.50
2012.11.02 09:04:12.609,1.24138,1.24153,2.29,1.52
2012.11.02 09:04:12.748,1.24141,1.24155,1.73,1.73
2012.11.02 09:04:13.172,1.24144,1.24155,3.00,1.43
2012.11.02 09:04:13.232,1.24144,1.24156,3.23,1.29
2012.11.02 09:04:13.414,1.24144,1.2416,3.23,1.54
2012.11.02 09:04:13.533,1.24144,1.2416,3.23,1.54
2012.11.02 09:04:13.894,1.24143,1.24152,1.54,1.50
2012.11.02 09:04:14.203,1.24135,1.24151,1.32,1.73
2012.11.02 09:04:14.381,1.24135,1.24151,1.32,2.48
2012.11.02 09:04:14.894,1.24127,1.24145,1.32,3.79
2012.11.02 09:04:14.968,1.24129,1.24144,1.50,1.73
2012.11.02 09:04:15.038,1.24128,1.24145,2.48,2.08
2012.11.02 09:04:15.246,1.24128,1.24145,2.48,1.54
2012.11.02 09:04:15.504,1.24126,1.24141,2.29,1.58
2012.11.02 09:04:15.566,1.24127,1.24139,1.73,1.73
2012.11.02 09:04:15.883,1.24123,1.24133,1.32,1.58
2012.11.02 09:04:16.184,1.2412,1.24135,2.85,1.38
2012.11.02 09:04:16.376,1.24123,1.24135,1.32,3.08
2012.11.02 09:04:17.062,1.24124,1.24134,1.32,1.73
2012.11.02 09:04:17.184,1.24124,1.24134,1.32,1.73
2012.11.02 09:04:17.741,1.24123,1.24134,1.32,3.04
2012.11.02 09:04:18.164,1.24116,1.24132,1.32,1.52
2012.11.02 09:04:18.411,1.24114,1.24132,2.10,2.27
2012.11.02 09:04:18.533,1.24114,1.2413,3.04,1.73
2012.11.02 09:04:18.855,1.24112,1.2412,2.25,4.32
2012.11.02 09:04:18.924,1.24114,1.24119,1.50,1.32
2012.11.02 09:04:19.117,1.24112,1.24119,1.50,1.32
2012.11.02 09:04:19.496,1.24105,1.24118,1.28,2.07
2012.11.02 09:04:19.567,1.241,1.24118,1.54,2.07
2012.11.02 09:04:19.813,1.241,1.2412,1.54,4.15
2012.11.02 09:04:20.356,1.241,1.24117,2.29,1.35
2012.11.02 09:04:20.423,1.241,1.24117,1.54,1.35
2012.11.02 09:04:20.483,1.241,1.24115,1.54,1.50
2012.11.02 09:04:21.043,1.24097,1.24113,1.32,1.73
2012.11.02 09:04:21.403,1.24094,1.24102,1.50,2.85
2012.11.02 09:04:21.584,1.24094,1.24102,1.50,2.10
2012.11.02 09:04:22.201,1.24091,1.24105,1.32,1.50
2012.11.02 09:04:22.523,1.24089,1.24105,1.47,1.73
2012.11.02 09:04:22.582,1.24083,1.24105,1.50,1.50
2012.11.02 09:04:22.784,1.24089,1.24105,1.32,3.23
2012.11.02 09:04:23.154,1.24085,1.241,1.32,2.13
2012.11.02 09:04:23.634,1.24089,1.24103,1.32,2.77
2012.11.02 09:04:23.763,1.24089,1.24103,1.32,2.14
2012.11.02 09:04:24.003,1.24086,1.24103,1.17,1.92
2012.11.02 09:04:24.127,1.24087,1.24103,1.17,1.92
2012.11.02 09:04:24.493,1.24083,1.24103,2.10,1.92
2012.11.02 09:04:24.737,1.24084,1.24103,1.13,3.06
2012.11.02 09:04:24.862,1.24081,1.24103,2.07,2.21
2012.11.02 09:04:25.427,1.24083,1.24103,1.32,2.96
2012.11.02 09:04:25.614,1.24082,1.24099,1.39,1.35
2012.11.02 09:04:25.683,1.2408,1.24097,1.50,3.19
2012.11.02 09:04:25.746,1.2408,1.24097,2.25,2.44
2012.11.02 09:04:26.063,1.2408,1.24095,1.73,1.92
2012.11.02 09:04:26.122,1.2408,1.24095,1.50,1.92
2012.11.02 09:04:26.243,1.2408,1.24094,1.50,1.54
2012.11.02 09:04:26.942,1.24079,1.24095,1.50,3.02
2012.11.02 09:04:27.135,1.24081,1.24095,1.67,1.29
2012.11.02 09:04:27.683,1.24082,1.24095,1.32,1.54
2012.11.02 09:04:28.160,1.2408,1.24097,3.00,1.59
2012.11.02 09:04:28.238,1.24076,1.24097,2.07,1.59
2012.11.02 09:04:28.661,1.24078,1.24097,3.00,1.86
2012.11.02 09:04:28.785,1.2408,1.24097,1.13,1.65
2012.11.02 09:04:29.152,1.24084,1.24099,2.85,1.13
2012.11.02 09:04:29.454,1.24088,1.24102,1.32,1.93
2012.11.02 09:04:29.583,1.24088,1.24103,2.29,1.59
2012.11.02 09:04:29.703,1.2409,1.24105,1.50,1.44
2012.11.02 09:04:30.244,1.2409,1.24106,1.50,2.01
2012.11.02 09:04:30.553,1.24099,1.24112,1.50,1.33
2012.11.02 09:04:30.733,1.24099,1.24115,1.73,1.35
2012.11.02 09:04:31.153,1.24103,1.24118,1.50,1.52
2012.11.02 09:04:31.667,1.24104,1.24119,1.50,1.54
2012.11.02 09:04:32.042,1.24102,1.24118,2.48,1.58
2012.11.02 09:04:32.352,1.24098,1.24113,3.57,1.54
2012.11.02 09:04:32.605,1.24096,1.24112,1.28,1.54
2012.11.02 09:04:32.733,1.24095,1.24113,2.29,2.10
2012.11.02 09:04:33.272,1.24097,1.24113,2.25,2.29
2012.11.02 09:04:33.811,1.24097,1.24114,3.00,1.47
2012.11.02 09:04:34.204,1.24096,1.24113,3.08,1.54
2012.11.02 09:04:34.272,1.24096,1.24107,1.50,1.35
2012.11.02 09:04:34.394,1.24094,1.24107,3.23,1.35
2012.11.02 09:04:34.582,1.24097,1.24107,1.50,1.35
2012.11.02 09:04:34.943,1.24102,1.24113,1.32,1.33
2012.11.02 09:04:35.432,1.24103,1.24117,1.50,1.13
2012.11.02 09:04:35.554,1.24103,1.24118,1.73,1.13
2012.11.02 09:04:36.174,1.24104,1.24124,2.29,2.85
2012.11.02 09:04:36.553,1.24106,1.24124,1.73,1.54
2012.11.02 09:04:37.123,1.24105,1.24122,1.58,2.48
2012.11.02 09:04:37.182,1.24102,1.24118,1.58,1.35
2012.11.02 09:04:37.434,1.24102,1.24117,1.58,1.32
2012.11.02 09:04:37.974,1.241,1.24117,1.58,1.54
2012.11.02 09:04:38.482,1.24101,1.24117,1.73,1.54
2012.11.02 09:04:38.843,1.24105,1.2412,1.73,1.13
2012.11.02 09:04:38.905,1.24104,1.2412,1.50,1.35
2012.11.02 09:04:39.045,1.24103,1.2412,1.73,1.35
2012.11.02 09:04:39.113,1.24103,1.2412,1.73,1.35
2012.11.02 09:04:39.293,1.24104,1.24121,2.48,2.70
2012.11.02 09:04:39.354,1.24104,1.2412,2.25,2.29
2012.11.02 09:04:39.782,1.24104,1.24114,1.50,1.73
2012.11.02 09:04:39.902,1.24104,1.24119,1.50,1.50
2012.11.02 09:04:40.022,1.24104,1.24119,1.73,2.04
2012.11.02 09:04:40.205,1.24104,1.24118,1.73,2.27
2012.11.02 09:04:40.274,1.24108,1.24118,2.10,1.29
2012.11.02 09:04:40.343,1.24108,1.24122,2.10,1.50
2012.11.02 09:04:40.403,1.24108,1.24119,1.32,3.00
2012.11.02 09:04:40.463,1.24108,1.24118,1.32,1.54
2012.11.02 09:04:40.763,1.24101,1.24115,1.94,2.48
2012.11.02 09:04:40.823,1.241,1.24115,2.47,2.48
2012.11.02 09:04:40.883,1.241,1.24111,1.50,1.73
2012.11.02 09:04:40.942,1.241,1.24111,1.50,1.73
2012.11.02 09:04:41.303,1.241,1.24117,1.73,1.54
2012.11.02 09:04:41.744,1.241,1.24116,1.73,2.29
2012.11.02 09:04:42.281,1.24097,1.24114,1.73,1.54
2012.11.02 09:04:42.583,1.24097,1.24113,1.50,1.73
2012.11.02 09:04:42.822,1.24096,1.24113,1.54,2.48
2012.11.02 09:04:43.122,1.24096,1.24112,1.54,1.73
2012.11.02 09:04:43.423,1.24095,1.24108,1.50,1.54
2012.11.02 09:04:43.543,1.24095,1.24108,1.73,1.54
2012.11.02 09:04:43.662,1.24095,1.24108,1.73,1.32
2012.11.02 09:04:43.962,1.24099,1.24114,1.54,1.52
2012.11.02 09:04:44.842,1.24099,1.24117,1.54,1.54
2012.11.02 09:04:44.928,1.24101,1.24116,1.32,2.10
2012.11.02 09:04:45.243,1.24097,1.24111,3.24,1.13
2012.11.02 09:04:45.302,1.24097,1.24111,1.50,1.35
2012.11.02 09:04:47.641,1.24094,1.24109,2.25,1.54
2012.11.02 09:04:47.702,1.24094,1.24108,2.25,1.73
2012.11.02 09:04:48.061,1.24093,1.24109,2.48,1.54
2012.11.02 09:04:48.513,1.24094,1.2411,3.23,1.32
2012.11.02 09:04:48.815,1.24099,1.2411,1.50,1.32
2012.11.02 09:04:49.241,1.24098,1.2411,1.73,1.32
2012.11.02 09:04:49.301,1.24101,1.24113,1.54,1.11
2012.11.02 09:04:49.482,1.241,1.24114,1.50,1.89
2012.11.02 09:04:50.043,1.24098,1.24114,2.48,1.54
2012.11.02 09:04:50.823,1.24101,1.24117,1.54,2.08
2012.11.02 09:04:51.063,1.24102,1.24119,2.29,2.27
2012.11.02 09:04:51.187,1.24102,1.24117,3.04,2.27
2012.11.02 09:04:51.502,1.24099,1.24115,1.32,2.67
2012.11.02 09:04:51.886,1.241,1.24115,3.04,1.92
2012.11.02 09:04:51.957,1.24102,1.24115,1.54,1.13
2012.11.02 09:04:52.463,1.24102,1.24116,1.32,1.73
2012.11.02 09:04:52.583,1.24103,1.24121,1.50,2.27
2012.11.02 09:04:53.422,1.24101,1.24115,3.79,1.35
2012.11.02 09:04:53.902,1.24104,1.2412,1.73,2.10
2012.11.02 09:04:54.359,1.24098,1.2411,3.98,3.00
2012.11.02 09:04:54.662,1.24093,1.24109,1.72,2.10
2012.11.02 09:04:54.842,1.24091,1.24107,1.50,1.54
2012.11.02 09:04:55.362,1.2409,1.24109,2.48,1.35
2012.11.02 09:04:55.575,1.2409,1.24108,1.73,1.54
2012.11.02 09:04:55.882,1.24087,1.24103,1.50,3.79
2012.11.02 09:04:56.193,1.24087,1.24104,2.29,1.54
2012.11.02 09:04:56.372,1.24089,1.24107,1.73,1.54
2012.11.02 09:04:57.063,1.2409,1.24109,1.73,1.32
2012.11.02 09:04:57.423,1.24088,1.24106,2.48,1.29
2012.11.02 09:04:57.791,1.24089,1.24106,2.29,1.52
2012.11.02 09:04:57.912,1.24091,1.24106,1.50,1.52
2012.11.02 09:04:58.493,1.2409,1.24107,1.50,1.54
2012.11.02 09:04:59.001,1.24088,1.24107,1.73,3.00
2012.11.02 09:04:59.561,1.24086,1.24107,3.04,3.00
2012.11.02 09:05:00.402,1.24087,1.24107,1.73,3.54
2012.11.02 09:05:00.962,1.24091,1.24106,1.50,1.35
2012.11.02 09:05:01.023,1.24091,1.24106,1.73,1.35
2012.11.02 09:05:01.393,1.24094,1.24107,1.50,3.77
2012.11.02 09:05:01.513,1.24095,1.24112,1.73,2.08
2012.11.02 09:05:01.717,1.24095,1.24113,1.73,3.79
2012.11.02 09:05:01.902,1.24096,1.24113,1.73,3.79
2012.11.02 09:05:02.952,1.24097,1.24114,1.73,1.35
2012.11.02 09:05:03.136,1.24101,1.24117,1.73,2.83
2012.11.02 09:05:03.262,1.24102,1.24117,1.73,1.52
2012.11.02 09:05:03.762,1.241,1.24119,3.04,2.29
2012.11.02 09:05:04.063,1.24098,1.24111,2.48,3.00
2012.11.02 09:05:04.126,1.24098,1.24111,1.73,3.57
2012.11.02 09:05:04.711,1.24093,1.24107,1.73,1.73
2012.11.02 09:05:04.892,1.24095,1.24109,1.73,1.54
2012.11.02 09:05:05.395,1.24095,1.24111,1.73,3.79
2012.11.02 09:05:06.024,1.24098,1.24111,1.73,3.79
2012.11.02 09:05:06.152,1.24101,1.24115,1.73,1.52
2012.11.02 09:05:06.753,1.24097,1.24115,3.04,1.73
2012.11.02 09:05:07.064,1.24095,1.24108,1.73,1.13
2012.11.02 09:05:07.214,1.24093,1.24108,2.25,1.35
2012.11.02 09:05:07.418,1.24095,1.24108,1.73,1.35
2012.11.02 09:05:07.969,1.24097,1.24114,1.73,1.54
2012.11.02 09:05:08.094,1.24098,1.24114,1.73,1.32
2012.11.02 09:05:08.282,1.241,1.24116,1.73,1.35
2012.11.02 09:05:08.402,1.24101,1.24116,1.73,2.10
2012.11.02 09:05:08.964,1.241,1.24114,1.73,2.29
2012.11.02 09:05:09.095,1.24102,1.24116,1.73,1.13
2012.11.02 09:05:09.285,1.24103,1.24117,1.54,2.29
2012.11.02 09:05:09.423,1.24103,1.2412,1.54,1.52
2012.11.02 09:05:10.562,1.24104,1.24121,1.73,1.54
2012.11.02 09:05:10.891,1.24104,1.24122,2.48,1.54
2012.11.02 09:05:11.863,1.24104,1.24122,1.50,1.54
2012.11.02 09:05:12.102,1.24102,1.2412,2.29,1.54
2012.11.02 09:05:12.462,1.24101,1.24112,1.73,1.54
2012.11.02 09:05:12.583,1.241,1.24114,1.73,1.54
2012.11.02 09:05:13.063,1.241,1.24115,1.50,3.23
2012.11.02 09:05:13.301,1.241,1.24113,1.50,1.35
2012.11.02 09:05:14.542,1.24099,1.24116,3.23,1.54
2012.11.02 09:05:14.896,1.24101,1.24117,1.50,1.35
2012.11.02 09:05:15.382,1.241,1.24115,1.54,2.10
2012.11.02 09:05:15.572,1.241,1.24115,1.54,1.73
2012.11.02 09:05:15.692,1.241,1.24115,1.54,1.73
2012.11.02 09:05:16.272,1.24099,1.24117,2.10,1.73
2012.11.02 09:05:17.132,1.24101,1.24119,3.23,2.29
2012.11.02 09:05:17.253,1.24102,1.24119,1.35,1.73
2012.11.02 09:05:17.374,1.24102,1.24119,1.35,2.25
2012.11.02 09:05:17.682,1.241,1.24115,3.23,1.50
2012.11.02 09:05:17.803,1.24101,1.24116,1.73,1.73
2012.11.02 09:05:18.043,1.24099,1.24116,2.48,1.73
2012.11.02 09:05:18.461,1.24099,1.24117,2.85,1.54
2012.11.02 09:05:18.762,1.24102,1.24117,1.50,1.54
2012.11.02 09:05:18.824,1.24102,1.24119,1.50,2.10
2012.11.02 09:05:19.432,1.24101,1.24116,1.73,1.73
2012.11.02 09:05:19.552,1.24101,1.24115,1.73,1.73
2012.11.02 09:05:19.612,1.24101,1.24115,1.50,2.48
2012.11.02 09:05:19.924,1.24098,1.24111,1.73,1.50
2012.11.02 09:05:20.113,1.24096,1.2411,2.48,2.29
2012.11.02 09:05:20.232,1.24096,1.24111,3.00,2.29
2012.11.02 09:05:20.771,1.24096,1.24113,1.73,4.54
2012.11.02 09:05:21.132,1.24096,1.24111,2.25,1.54
2012.11.02 09:05:21.312,1.24096,1.2411,2.25,1.35
2012.11.02 09:05:21.491,1.24096,1.24114,3.00,2.64
2012.11.02 09:05:21.552,1.24096,1.24114,3.23,2.10
2012.11.02 09:05:21.612,1.24098,1.24114,1.73,1.54
2012.11.02 09:05:21.791,1.24098,1.24114,1.73,1.54
2012.11.02 09:05:23.336,1.24095,1.24113,1.73,1.88
2012.11.02 09:05:23.792,1.24093,1.24113,3.23,2.85
2012.11.02 09:05:24.093,1.24092,1.24109,2.29,1.50
2012.11.02 09:05:24.404,1.24091,1.24109,2.48,1.54
2012.11.02 09:05:25.732,1.24094,1.24111,2.29,1.32
2012.11.02 09:05:26.292,1.24095,1.24115,2.29,2.83
2012.11.02 09:05:29.464,1.24097,1.24114,1.73,1.32
2012.11.02 09:05:29.533,1.24097,1.24114,1.73,2.07
2012.11.02 09:05:29.714,1.24095,1.24114,1.73,2.29
2012.11.02 09:05:30.142,1.24093,1.24111,2.29,2.29
2012.11.02 09:05:30.721,1.24096,1.24111,1.58,2.29
2012.11.02 09:05:31.022,1.24097,1.24109,1.73,1.50
2012.11.02 09:05:31.562,1.24096,1.24109,2.29,1.50
2012.11.02 09:05:31.622,1.24096,1.24115,3.04,1.73
2012.11.02 09:05:32.157,1.24096,1.2411,2.22,1.73
2012.11.02 09:05:32.522,1.24094,1.2411,1.65,1.73
2012.11.02 09:05:33.004,1.24094,1.24113,2.48,1.54
2012.11.02 09:05:33.134,1.24097,1.24114,1.73,1.35
2012.11.02 09:05:33.467,1.24096,1.24114,2.48,2.10
2012.11.02 09:05:33.898,1.24096,1.24114,1.73,2.10
2012.11.02 09:05:34.204,1.24098,1.24114,1.50,1.54
2012.11.02 09:05:34.505,1.24098,1.24115,1.73,1.35
2012.11.02 09:05:34.777,1.24096,1.24113,1.73,1.54
2012.11.02 09:05:35.333,1.24093,1.2411,1.73,1.32
2012.11.02 09:05:36.094,1.24094,1.24111,2.48,3.98
2012.11.02 09:05:36.293,1.24094,1.24112,1.73,2.10
2012.11.02 09:05:36.721,1.24094,1.24112,2.48,1.88
2012.11.02 09:05:36.904,1.24094,1.24112,2.48,1.88
2012.11.02 09:05:37.163,1.24094,1.24112,2.48,2.10
2012.11.02 09:05:37.771,1.24094,1.24111,1.73,1.73
2012.11.02 09:05:38.243,1.24093,1.24111,3.23,1.73
2012.11.02 09:05:38.542,1.24095,1.24113,3.23,1.54
2012.11.02 09:05:39.082,1.24095,1.24112,1.73,1.73
2012.11.02 09:05:39.632,1.24094,1.2411,3.08,1.73
2012.11.02 09:05:40.134,1.24094,1.2411,3.83,1.54
2012.11.02 09:05:40.669,1.24096,1.24113,1.73,3.79
2012.11.02 09:05:41.179,1.24094,1.24109,1.58,2.48
2012.11.02 09:05:41.508,1.24092,1.24108,6.08,1.73
2012.11.02 09:05:41.581,1.24092,1.24105,3.23,1.54
2012.11.02 09:05:41.645,1.24092,1.24108,2.07,1.54
2012.11.02 09:05:41.713,1.24093,1.24108,1.54,1.32
2012.11.02 09:05:42.397,1.24095,1.24111,1.50,1.54
2012.11.02 09:05:42.470,1.24093,1.24111,2.29,1.54
2012.11.02 09:05:42.977,1.24091,1.24107,1.54,1.73
2012.11.02 09:05:43.577,1.2409,1.24107,4.54,1.73
2012.11.02 09:05:43.763,1.2409,1.24103,1.54,1.50
2012.11.02 09:05:44.003,1.24087,1.24104,3.79,1.50
2012.11.02 09:05:44.062,1.24087,1.24106,3.04,2.82
2012.11.02 09:05:44.604,1.24086,1.24104,1.54,1.29
2012.11.02 09:05:45.153,1.24086,1.24105,1.54,1.29
2012.11.02 09:05:45.513,1.2408,1.24099,1.73,2.07
2012.11.02 09:05:45.643,1.24079,1.24097,2.89,1.32
2012.11.02 09:05:45.944,1.24077,1.24095,1.73,4.02
2012.11.02 09:05:46.073,1.24077,1.24095,1.73,3.42
2012.11.02 09:05:46.198,1.24075,1.24095,1.73,3.96
2012.11.02 09:05:46.478,1.24077,1.24095,1.32,3.73
2012.11.02 09:05:46.685,1.24077,1.24095,1.32,3.73
2012.11.02 09:05:47.114,1.24075,1.24094,1.50,1.86
2012.11.02 09:05:47.258,1.24072,1.24092,2.29,1.32
2012.11.02 09:05:47.403,1.24072,1.24092,2.29,2.07
2012.11.02 09:05:47.475,1.24072,1.24092,2.29,1.32
2012.11.02 09:05:47.833,1.24073,1.24092,1.73,3.04
2012.11.02 09:05:47.893,1.24072,1.24092,2.29,3.04
2012.11.02 09:05:48.345,1.24073,1.24092,1.73,1.32
2012.11.02 09:05:48.879,1.24074,1.24092,1.73,3.04
2012.11.02 09:05:49.082,1.24073,1.24093,1.73,1.88
2012.11.02 09:05:49.385,1.24072,1.24092,2.14,1.32
2012.11.02 09:05:49.574,1.24072,1.24092,2.14,1.32
2012.11.02 09:05:49.704,1.24072,1.24092,2.89,2.29
2012.11.02 09:05:49.823,1.24073,1.24092,1.73,3.04
2012.11.02 09:05:49.882,1.24073,1.24092,1.73,2.29
2012.11.02 09:05:50.203,1.24073,1.24092,1.73,1.32
2012.11.02 09:05:50.383,1.2407,1.24092,3.04,2.07
2012.11.02 09:05:50.504,1.2407,1.24092,2.29,1.32
2012.11.02 09:05:50.695,1.2407,1.2409,1.39,2.07
2012.11.02 09:05:51.013,1.2407,1.2409,1.39,1.32
2012.11.02 09:05:51.374,1.2407,1.24091,2.29,2.61
2012.11.02 09:05:51.622,1.2407,1.2409,2.29,1.11
2012.11.02 09:05:51.814,1.2407,1.24091,3.79,1.86
2012.11.02 09:05:52.389,1.24071,1.24092,1.73,2.07
2012.11.02 09:05:52.965,1.24072,1.2409,1.73,3.94
2012.11.02 09:05:53.282,1.24071,1.24087,1.73,1.32
2012.11.02 09:05:53.582,1.24071,1.24087,1.73,2.82
2012.11.02 09:05:53.643,1.24065,1.24087,1.35,3.04
2012.11.02 09:05:54.182,1.24069,1.24087,1.35,2.07
2012.11.02 09:05:54.305,1.24067,1.24087,2.89,2.07
2012.11.02 09:05:54.943,1.24068,1.24087,1.58,1.32
2012.11.02 09:05:55.303,1.24072,1.24088,1.35,1.52
2012.11.02 09:05:55.664,1.24072,1.24088,1.13,2.25
2012.11.02 09:05:57.049,1.24073,1.24091,1.54,1.73
2012.11.02 09:05:57.424,1.24073,1.24092,1.54,1.73
2012.11.02 09:05:57.793,1.24073,1.24091,1.32,1.53
2012.11.02 09:05:57.852,1.24072,1.24091,1.54,2.07
2012.11.02 09:05:58.964,1.2407,1.24091,2.85,4.48
2012.11.02 09:06:01.071,1.24074,1.24091,1.13,1.29
2012.11.02 09:06:01.555,1.24076,1.24094,1.54,3.59
2012.11.02 09:06:02.348,1.24075,1.24094,1.54,2.27
2012.11.02 09:06:02.774,1.24077,1.24096,1.73,2.64
2012.11.02 09:06:04.297,1.24075,1.24092,1.54,2.25
2012.11.02 09:06:04.666,1.24075,1.24092,1.13,2.25
2012.11.02 09:06:05.412,1.24074,1.2409,1.32,1.73
2012.11.02 09:06:05.962,1.24071,1.2409,2.29,1.73
2012.11.02 09:06:07.234,1.24072,1.24089,1.73,1.73
2012.11.02 09:06:09.030,1.24072,1.24089,1.54,1.73
2012.11.02 09:06:10.616,1.24072,1.2409,1.54,2.27
2012.11.02 09:06:13.274,1.24072,1.2409,2.29,1.52
2012.11.02 09:06:13.333,1.24072,1.2409,2.29,1.52
2012.11.02 09:06:13.814,1.24071,1.2409,1.50,3.19
2012.11.02 09:06:14.363,1.2407,1.2409,1.73,3.75
2012.11.02 09:06:14.604,1.24074,1.24092,1.54,2.07
2012.11.02 09:06:15.193,1.24074,1.24094,5.29,1.54
2012.11.02 09:06:15.444,1.24075,1.24095,3.00,5.25
2012.11.02 09:06:15.503,1.24075,1.24092,2.25,1.17
2012.11.02 09:06:15.862,1.24072,1.24092,2.07,4.34
2012.11.02 09:06:16.363,1.24071,1.24091,1.50,2.61
2012.11.02 09:06:18.122,1.24069,1.24085,1.54,1.73
2012.11.02 09:06:18.183,1.24068,1.24079,1.35,3.00
2012.11.02 09:06:18.483,1.24064,1.24082,1.35,2.29
2012.11.02 09:06:18.976,1.24062,1.24081,2.10,1.52
2012.11.02 09:06:19.533,1.24064,1.24083,1.54,2.22
2012.11.02 09:06:20.411,1.24064,1.24083,1.54,2.83
2012.11.02 09:06:24.095,1.24066,1.24086,1.54,3.39
2012.11.02 09:06:24.164,1.24066,1.24086,1.54,3.39
2012.11.02 09:06:24.293,1.24069,1.24086,1.35,2.08
2012.11.02 09:06:24.413,1.24071,1.24087,3.00,1.33
2012.11.02 09:06:24.604,1.24072,1.24087,1.54,1.33
2012.11.02 09:06:25.152,1.24071,1.24087,3.23,2.83
2012.11.02 09:06:25.702,1.24069,1.24088,1.73,1.54
2012.11.02 09:06:26.003,1.24068,1.24088,2.29,1.54
2012.11.02 09:06:26.134,1.24068,1.24088,2.29,1.54
2012.11.02 09:06:26.323,1.24068,1.24088,3.04,1.54
2012.11.02 09:06:26.624,1.24075,1.2409,1.54,1.52
2012.11.02 09:06:27.178,1.24075,1.24094,1.54,2.27
2012.11.02 09:06:27.483,1.24074,1.24091,1.88,1.73
2012.11.02 09:06:27.853,1.2407,1.24085,1.54,1.73
2012.11.02 09:06:27.913,1.2407,1.24086,1.54,3.04
2012.11.02 09:06:27.983,1.24068,1.24086,1.73,3.04
2012.11.02 09:06:28.811,1.24068,1.24087,1.73,2.85
2012.11.02 09:06:29.222,1.24069,1.24087,2.10,1.54
2012.11.02 09:06:29.582,1.24074,1.24087,1.54,2.04
2012.11.02 09:06:30.072,1.24075,1.24092,1.54,1.52
2012.11.02 09:06:30.132,1.24073,1.24087,1.54,3.23
2012.11.02 09:06:30.192,1.24073,1.24087,1.32,3.98
2012.11.02 09:06:30.434,1.2407,1.24087,1.50,3.00
2012.11.02 09:06:30.621,1.24069,1.24087,1.50,3.75
2012.11.02 09:06:30.802,1.24066,1.24085,1.73,1.32
2012.11.02 09:06:30.982,1.24068,1.24085,1.73,1.35
2012.11.02 09:06:36.442,1.24072,1.24089,3.23,1.52
2012.11.02 09:06:36.743,1.24074,1.2409,1.54,1.33
2012.11.02 09:06:36.864,1.24076,1.24091,1.58,1.29
2012.11.02 09:06:36.984,1.24074,1.24092,1.54,1.33
2012.11.02 09:06:38.315,1.24074,1.24092,1.54,2.29
2012.11.02 09:06:40.196,1.24072,1.24089,1.54,2.29
2012.11.02 09:06:40.452,1.24072,1.24087,1.50,2.29
2012.11.02 09:06:40.572,1.24069,1.24087,2.29,3.04
2012.11.02 09:06:40.692,1.24069,1.24087,1.54,2.29
2012.11.02 09:06:44.283,1.24071,1.24088,1.73,1.54
2012.11.02 09:06:44.763,1.24074,1.2409,1.50,3.79
2012.11.02 09:06:45.124,1.24076,1.24094,2.29,1.33
2012.11.02 09:06:45.671,1.24075,1.24095,1.54,1.86
2012.11.02 09:06:46.564,1.24074,1.24092,1.73,3.94
2012.11.02 09:06:47.119,1.24074,1.24092,1.73,3.94
2012.11.02 09:06:47.452,1.24075,1.24092,2.48,3.19
2012.11.02 09:06:48.145,1.24076,1.24093,1.54,1.54
2012.11.02 09:06:48.878,1.24078,1.24094,1.73,2.08
2012.11.02 09:06:48.945,1.24078,1.24094,1.73,2.08
2012.11.02 09:06:49.253,1.24078,1.24094,1.73,1.32
2012.11.02 09:06:49.554,1.24081,1.24097,1.73,4.33
2012.11.02 09:06:49.623,1.24081,1.24097,1.73,3.79
2012.11.02 09:06:50.315,1.24081,1.24099,2.29,1.89
2012.11.02 09:06:51.474,1.24078,1.24095,1.73,1.73
2012.11.02 09:06:51.781,1.24076,1.24092,1.34,1.32
2012.11.02 09:06:51.843,1.24073,1.24092,2.69,1.54
2012.11.02 09:06:51.902,1.24073,1.24092,1.94,2.29
2012.11.02 09:06:52.037,1.24071,1.24092,1.73,2.82
2012.11.02 09:06:52.225,1.2407,1.24089,2.29,1.50
2012.11.02 09:06:52.292,1.2407,1.24089,2.29,1.50
2012.11.02 09:06:52.833,1.24069,1.24089,1.35,1.29
2012.11.02 09:06:55.493,1.24071,1.24085,1.17,1.52
2012.11.02 09:06:55.613,1.24071,1.24088,2.14,2.61
2012.11.02 09:06:55.913,1.24071,1.24088,1.35,3.75
2012.11.02 09:06:55.972,1.24071,1.24088,1.35,3.23
2012.11.02 09:06:56.392,1.24069,1.24086,1.54,1.54
2012.11.02 09:06:56.513,1.24068,1.24086,1.73,1.54
2012.11.02 09:06:57.162,1.24067,1.24087,3.79,1.33
2012.11.02 09:06:57.522,1.24069,1.24088,1.73,3.04
2012.11.02 09:06:57.642,1.24068,1.24088,2.29,2.61
2012.11.02 09:06:59.463,1.24068,1.24087,2.29,1.52
2012.11.02 09:06:59.782,1.24072,1.24089,1.73,4.54
2012.11.02 09:07:00.452,1.24071,1.24089,1.73,2.29
2012.11.02 09:07:00.632,1.24074,1.24091,1.54,2.83
2012.11.02 09:07:00.695,1.24074,1.24091,1.54,2.83
2012.11.02 09:07:00.825,1.2407,1.24089,2.33,1.54
2012.11.02 09:07:01.464,1.24074,1.24091,1.73,1.54
2012.11.02 09:07:02.764,1.24076,1.24094,2.48,2.29
2012.11.02 09:07:02.894,1.24074,1.24094,3.23,3.00
2012.11.02 09:07:02.962,1.24074,1.24093,1.73,1.50
2012.11.02 09:07:03.512,1.24072,1.24091,1.73,4.29
2012.11.02 09:07:03.632,1.24072,1.24091,1.73,5.61
2012.11.02 09:07:03.999,1.24072,1.24085,1.73,3.19
2012.11.02 09:07:04.123,1.2407,1.24085,1.73,3.19
2012.11.02 09:07:04.302,1.24069,1.24086,1.54,1.50
2012.11.02 09:07:05.282,1.24069,1.24086,1.54,1.73
2012.11.02 09:07:05.642,1.24071,1.24087,3.19,1.93
2012.11.02 09:07:05.823,1.24072,1.24088,2.10,1.52
2012.11.02 09:07:05.942,1.24073,1.24091,1.54,1.73
2012.11.02 09:07:06.247,1.2407,1.24084,1.73,3.23
2012.11.02 09:07:06.493,1.24071,1.24085,1.50,2.29
2012.11.02 09:07:06.853,1.24064,1.24083,1.73,1.54
2012.11.02 09:07:06.912,1.24067,1.24083,3.98,1.54
2012.11.02 09:07:07.164,1.24069,1.24085,1.54,1.33
2012.11.02 09:07:07.544,1.24069,1.24084,1.73,1.13
2012.11.02 09:07:07.793,1.24072,1.24085,1.73,1.33
2012.11.02 09:07:08.442,1.24071,1.24085,1.50,1.35
2012.11.02 09:07:08.563,1.24069,1.24085,1.50,1.35
2012.11.02 09:07:08.623,1.24069,1.24085,1.50,1.35
2012.11.02 09:07:09.632,1.24067,1.24086,1.73,3.73
2012.11.02 09:07:10.096,1.2407,1.24087,1.54,1.52
2012.11.02 09:07:10.623,1.24073,1.2409,1.73,2.29
2012.11.02 09:07:10.985,1.24075,1.2409,1.58,1.32
2012.11.02 09:07:11.293,1.24086,1.24094,1.35,1.54
2012.11.02 09:07:11.749,1.24081,1.24098,1.73,1.29
2012.11.02 09:07:11.873,1.2408,1.24098,3.04,1.52
2012.11.02 09:07:12.237,1.24082,1.24101,1.73,1.35
2012.11.02 09:07:12.788,1.24084,1.24099,1.50,1.54
2012.11.02 09:07:13.114,1.24084,1.24094,1.50,3.00
2012.11.02 09:07:13.304,1.24076,1.24094,1.73,4.54
2012.11.02 09:07:13.623,1.24075,1.24095,3.23,2.61
2012.11.02 09:07:14.162,1.24074,1.24095,1.73,2.79
2012.11.02 09:07:15.537,1.24072,1.24089,1.73,1.50
2012.11.02 09:07:15.842,1.24068,1.24087,3.98,3.94
2012.11.02 09:07:16.144,1.24068,1.24077,1.73,2.44
2012.11.02 09:07:16.342,1.24067,1.24079,2.07,1.06
2012.11.02 09:07:16.463,1.24067,1.24078,1.54,1.32
2012.11.02 09:07:16.522,1.24067,1.24082,1.54,1.52
2012.11.02 09:07:16.824,1.24066,1.2408,1.50,1.33
2012.11.02 09:07:17.026,1.24063,1.24082,2.48,2.10
2012.11.02 09:07:17.162,1.24063,1.24082,2.48,2.64
2012.11.02 09:07:17.524,1.2407,1.24083,1.35,1.52
2012.11.02 09:07:18.062,1.24068,1.24085,2.48,2.48
2012.11.02 09:07:18.632,1.24067,1.24083,1.54,1.73
2012.11.02 09:07:18.813,1.24066,1.24083,1.35,1.73
2012.11.02 09:07:20.622,1.24066,1.24083,1.73,1.35
2012.11.02 09:07:20.862,1.24068,1.24085,1.54,1.52
2012.11.02 09:07:21.585,1.2407,1.24087,2.07,1.73
2012.11.02 09:07:22.116,1.24067,1.24088,4.54,1.86
2012.11.02 09:07:23.012,1.24066,1.24086,1.73,4.50
2012.11.02 09:07:24.683,1.24062,1.2408,2.14,1.54
2012.11.02 09:07:25.313,1.24061,1.24081,1.73,2.10
2012.11.02 09:07:26.501,1.24067,1.24083,1.17,2.27
2012.11.02 09:07:26.843,1.24068,1.24087,3.08,2.08
2012.11.02 09:07:27.402,1.24068,1.24087,1.58,1.32
2012.11.02 09:07:27.703,1.24067,1.24086,1.54,1.73
2012.11.02 09:07:27.827,1.24069,1.24087,3.08,1.54
2012.11.02 09:07:27.955,1.2407,1.24087,2.33,1.33
2012.11.02 09:07:28.502,1.24075,1.24091,3.98,1.29
2012.11.02 09:07:28.743,1.24075,1.24093,3.98,1.52
2012.11.02 09:07:29.281,1.24075,1.24094,3.23,2.04
2012.11.02 09:07:30.469,1.24078,1.24095,1.35,1.52
2012.11.02 09:07:30.653,1.2408,1.24095,1.39,1.73
2012.11.02 09:07:31.013,1.2408,1.24097,1.39,2.25
2012.11.02 09:07:31.076,1.2408,1.24097,1.39,2.48
2012.11.02 09:07:31.446,1.24078,1.24096,1.54,2.44
2012.11.02 09:07:31.575,1.24075,1.24094,1.73,1.32
2012.11.02 09:07:32.139,1.24074,1.24093,1.58,1.54
2012.11.02 09:07:33.012,1.24073,1.2409,1.54,1.50
2012.11.02 09:07:33.191,1.24073,1.24092,2.29,2.48
2012.11.02 09:07:33.492,1.24075,1.24093,1.73,1.32
2012.11.02 09:07:35.369,1.24078,1.24095,1.39,1.73
2012.11.02 09:07:35.494,1.24079,1.24097,1.54,2.29
2012.11.02 09:07:35.851,1.2408,1.24097,1.73,2.29
2012.11.02 09:07:37.651,1.24079,1.24096,1.73,2.29
2012.11.02 09:07:37.894,1.24084,1.24099,1.54,1.52
2012.11.02 09:07:38.082,1.24084,1.24103,1.54,2.08
2012.11.02 09:07:38.584,1.24083,1.24103,3.60,2.29
2012.11.02 09:07:38.942,1.24083,1.24099,2.29,1.54
2012.11.02 09:07:41.042,1.24083,1.241,1.73,1.35
2012.11.02 09:07:41.166,1.24084,1.241,2.48,1.35
2012.11.02 09:07:41.292,1.24088,1.24105,1.73,1.52
2012.11.02 09:07:41.984,1.24088,1.24106,1.73,1.54
2012.11.02 09:07:42.632,1.24088,1.24106,1.73,2.29
2012.11.02 09:07:44.673,1.24093,1.24108,1.32,1.52
2012.11.02 09:07:44.988,1.24093,1.24108,1.54,1.29
2012.11.02 09:07:45.053,1.24093,1.2411,1.54,1.50
2012.11.02 09:07:45.233,1.24093,1.24108,2.48,1.13
2012.11.02 09:07:45.294,1.24093,1.24108,2.48,2.10
2012.11.02 09:07:45.424,1.24091,1.24107,1.73,1.54
2012.11.02 09:07:45.973,1.24087,1.24107,1.54,2.29
2012.11.02 09:07:46.472,1.24085,1.24101,1.54,1.54
2012.11.02 09:07:46.593,1.24085,1.241,1.54,1.73
2012.11.02 09:07:48.240,1.24086,1.24104,1.73,1.54
2012.11.02 09:07:48.552,1.24084,1.24099,1.73,1.13
2012.11.02 09:07:48.912,1.24084,1.24099,1.50,1.35
2012.11.02 09:07:48.972,1.24081,1.24098,1.73,1.54
2012.11.02 09:07:49.212,1.24082,1.24099,1.50,1.35
2012.11.02 09:07:49.512,1.24082,1.24099,1.50,2.64
2012.11.02 09:07:50.142,1.2408,1.24098,1.73,2.08
2012.11.02 09:07:50.682,1.24079,1.24097,2.29,1.54
2012.11.02 09:07:51.206,1.24079,1.24094,1.54,1.73
2012.11.02 09:07:53.502,1.24079,1.24097,1.54,3.58
2012.11.02 09:07:53.864,1.24079,1.24097,2.29,1.32
2012.11.02 09:07:53.994,1.24077,1.24092,1.54,1.50
2012.11.02 09:07:54.125,1.24076,1.24092,1.32,2.47
2012.11.02 09:07:54.253,1.24077,1.24091,1.32,1.32
2012.11.02 09:07:54.792,1.24078,1.24093,2.07,1.52
2012.11.02 09:07:54.852,1.24079,1.24093,1.50,2.08
2012.11.02 09:07:55.154,1.24081,1.24098,1.50,3.58
2012.11.02 09:07:55.222,1.24081,1.24098,1.73,3.58
2012.11.02 09:07:56.572,1.2408,1.24099,2.29,1.73
2012.11.02 09:07:58.002,1.2408,1.24098,1.54,2.27
2012.11.02 09:08:00.865,1.24083,1.24101,3.98,3.77
2012.11.02 09:08:01.544,1.24086,1.24101,1.32,1.73
2012.11.02 09:08:01.673,1.24084,1.24101,1.35,2.48
2012.11.02 09:08:02.373,1.24087,1.24103,3.75,1.52
2012.11.02 09:08:02.553,1.24089,1.24107,2.85,3.02
2012.11.02 09:08:02.687,1.24089,1.24107,2.85,3.02
2012.11.02 09:08:02.992,1.24089,1.241,1.54,1.32
2012.11.02 09:08:03.116,1.24089,1.241,1.32,1.54
2012.11.02 09:08:03.712,1.2408,1.24096,1.54,2.48
2012.11.02 09:08:08.794,1.24073,1.24088,1.32,1.73
2012.11.02 09:08:08.854,1.24072,1.24088,3.04,1.73
2012.11.02 09:08:09.932,1.24072,1.24088,1.73,3.00
2012.11.02 09:08:10.052,1.24072,1.24088,2.25,3.75
2012.11.02 09:08:10.291,1.24068,1.24087,1.73,1.50
2012.11.02 09:08:10.834,1.24071,1.24087,1.50,1.14
2012.11.02 09:08:10.963,1.24069,1.24087,1.73,1.50
2012.11.02 09:08:11.712,1.24069,1.24086,1.50,3.98
2012.11.02 09:08:11.892,1.24071,1.24086,2.29,1.54
2012.11.02 09:08:12.283,1.24072,1.2409,1.35,3.02
2012.11.02 09:08:12.403,1.24071,1.24082,2.10,1.50
2012.11.02 09:08:12.585,1.24069,1.24082,2.29,1.73
2012.11.02 09:08:12.845,1.24066,1.2408,1.54,1.73
2012.11.02 09:08:12.914,1.24066,1.2408,1.54,1.73
2012.11.02 09:08:13.245,1.24064,1.24079,1.02,2.29
2012.11.02 09:08:13.792,1.24064,1.24079,1.24,1.54
2012.11.02 09:08:13.914,1.24062,1.24079,3.04,1.54
2012.11.02 09:08:14.453,1.24061,1.24079,1.73,1.54
2012.11.02 09:08:14.814,1.24061,1.24079,1.73,2.29
2012.11.02 09:08:14.933,1.24062,1.2408,1.58,2.83
2012.11.02 09:08:15.574,1.24059,1.2408,1.54,2.07
2012.11.02 09:08:15.943,1.24058,1.2407,1.54,2.44
2012.11.02 09:08:16.244,1.24047,1.24064,1.72,2.67
2012.11.02 09:08:16.553,1.24045,1.24059,1.50,1.73
2012.11.02 09:08:16.930,1.24043,1.24058,1.50,3.19
2012.11.02 09:08:16.994,1.2404,1.24058,2.44,3.94
2012.11.02 09:08:17.053,1.2404,1.24058,1.69,4.69
2012.11.02 09:08:17.496,1.24044,1.24058,1.50,2.98
2012.11.02 09:08:17.625,1.24041,1.24058,1.50,2.65
2012.11.02 09:08:18.063,1.24047,1.24058,1.50,2.08
2012.11.02 09:08:18.243,1.2405,1.24058,1.13,1.11
2012.11.02 09:08:18.303,1.2405,1.24058,1.88,1.11
2012.11.02 09:08:19.033,1.2405,1.24061,1.32,3.23
2012.11.02 09:08:19.097,1.24051,1.24069,1.13,1.73
2012.11.02 09:08:19.165,1.24051,1.24069,1.13,2.48
2012.11.02 09:08:19.483,1.24049,1.24062,1.32,1.39
2012.11.02 09:08:19.543,1.24048,1.24062,1.50,1.39
2012.11.02 09:08:19.602,1.24048,1.24062,1.50,1.39
2012.11.02 09:08:19.905,1.24054,1.24062,1.17,1.50
2012.11.02 09:08:20.212,1.24055,1.24064,1.32,1.29
2012.11.02 09:08:20.332,1.24058,1.24066,1.50,1.08
2012.11.02 09:08:20.393,1.24061,1.24071,1.32,1.08
2012.11.02 09:08:20.693,1.24056,1.24074,1.32,1.03
2012.11.02 09:08:20.753,1.24056,1.24075,1.54,2.83
2012.11.02 09:08:21.112,1.24057,1.24076,1.73,2.64
2012.11.02 09:08:21.627,1.24059,1.24076,1.50,1.35
2012.11.02 09:08:21.951,1.24061,1.24076,1.50,1.35
2012.11.02 09:08:22.075,1.24063,1.24077,1.73,3.23
2012.11.02 09:08:22.219,1.24062,1.24077,1.50,3.98
2012.11.02 09:08:22.582,1.24057,1.24076,1.73,1.54
2012.11.02 09:08:23.012,1.24055,1.24074,2.29,1.73
2012.11.02 09:08:23.203,1.24057,1.24075,1.73,1.54
2012.11.02 09:08:23.601,1.24057,1.24075,1.73,1.54
2012.11.02 09:08:25.396,1.24058,1.24075,1.54,1.73
2012.11.02 09:08:25.535,1.24058,1.24074,1.32,1.73
2012.11.02 09:08:25.782,1.24055,1.24074,2.10,2.48
2012.11.02 09:08:26.206,1.24052,1.24069,1.50,3.04
2012.11.02 09:08:26.632,1.2405,1.24068,1.73,1.73
2012.11.02 09:08:28.147,1.24051,1.24067,3.00,2.48
2012.11.02 09:08:28.291,1.24048,1.24067,2.89,3.58
2012.11.02 09:08:28.822,1.24047,1.24067,1.54,4.33
2012.11.02 09:08:29.123,1.24047,1.24067,3.04,3.58
2012.11.02 09:08:29.482,1.24051,1.24068,1.73,2.64
2012.11.02 09:08:29.602,1.24051,1.24068,1.50,2.29
2012.11.02 09:08:29.662,1.2405,1.24068,1.54,2.29
2012.11.02 09:08:30.064,1.2405,1.24068,1.54,2.08
2012.11.02 09:08:33.283,1.24049,1.24068,1.73,1.89
2012.11.02 09:08:33.773,1.24052,1.24068,1.54,1.33
2012.11.02 09:08:34.085,1.24056,1.24073,1.73,1.86
2012.11.02 09:08:34.154,1.24056,1.24073,1.58,2.07
2012.11.02 09:08:34.222,1.24056,1.24073,1.96,2.07
2012.11.02 09:08:34.342,1.24056,1.24073,1.58,2.29
2012.11.02 09:08:34.882,1.24055,1.24074,3.04,1.54
2012.11.02 09:08:36.763,1.24055,1.24075,1.54,3.04
2012.11.02 09:08:38.354,1.24052,1.24071,2.10,1.73
2012.11.02 09:08:38.938,1.24053,1.24071,1.54,1.73
2012.11.02 09:08:39.484,1.24053,1.2407,1.35,1.73
2012.11.02 09:08:39.733,1.24054,1.24071,1.54,1.73
2012.11.02 09:08:39.853,1.24055,1.24072,2.29,2.27
2012.11.02 09:08:40.152,1.24055,1.24072,1.54,1.73
2012.11.02 09:08:40.702,1.24052,1.2407,4.73,1.73
2012.11.02 09:08:43.373,1.2405,1.2407,3.04,2.29
2012.11.02 09:08:43.433,1.2405,1.24068,2.29,1.73
2012.11.02 09:08:44.482,1.2405,1.24068,2.10,2.29
2012.11.02 09:08:45.022,1.2405,1.24069,3.23,1.54
2012.11.02 09:08:45.143,1.2405,1.24069,3.83,1.54
2012.11.02 09:08:46.903,1.24051,1.24066,2.29,1.50
2012.11.02 09:08:46.963,1.24051,1.24066,2.29,1.73
2012.11.02 09:08:47.456,1.2405,1.24067,3.23,1.73
2012.11.02 09:08:47.883,1.24047,1.24065,1.35,2.48
2012.11.02 09:08:48.355,1.24045,1.24062,6.04,1.50
2012.11.02 09:08:48.744,1.24044,1.24062,1.54,2.25
2012.11.02 09:08:48.803,1.24044,1.24062,1.54,2.48
2012.11.02 09:08:48.923,1.24045,1.2406,1.54,1.73
2012.11.02 09:08:49.267,1.24045,1.24061,1.32,1.73
2012.11.02 09:08:50.393,1.24041,1.2406,3.04,2.29
2012.11.02 09:08:51.041,1.24041,1.2406,2.48,2.29
2012.11.02 09:08:51.633,1.24042,1.2406,2.48,1.54
2012.11.02 09:08:52.853,1.24045,1.2406,1.50,1.54
2012.11.02 09:08:52.913,1.24044,1.2406,1.50,1.54
2012.11.02 09:08:53.033,1.24045,1.2406,1.50,1.54
2012.11.02 09:08:53.152,1.24044,1.2406,1.50,1.54
2012.11.02 09:08:53.215,1.24044,1.2406,1.73,1.54
2012.11.02 09:08:53.781,1.24041,1.2406,2.48,2.29
2012.11.02 09:08:54.133,1.24042,1.2406,1.73,1.54
2012.11.02 09:08:54.493,1.24044,1.24062,3.98,1.52
2012.11.02 09:08:55.232,1.24046,1.24063,1.54,2.48
2012.11.02 09:08:55.533,1.24052,1.24065,1.32,1.52
2012.11.02 09:08:55.653,1.2405,1.24065,3.79,1.52
2012.11.02 09:08:56.192,1.2405,1.24063,3.79,2.25
2012.11.02 09:08:57.090,1.24046,1.24064,2.10,1.73
2012.11.02 09:08:58.208,1.24048,1.24066,1.54,1.32
2012.11.02 09:08:58.333,1.24048,1.24066,1.54,1.54
2012.11.02 09:08:58.753,1.24047,1.24064,2.29,2.48
2012.11.02 09:08:59.064,1.24048,1.24064,3.64,1.73
2012.11.02 09:08:59.134,1.2405,1.24064,1.39,1.50
2012.11.02 09:08:59.313,1.24051,1.24066,1.54,2.04
2012.11.02 09:08:59.551,1.24052,1.24066,1.73,2.04
2012.11.02 09:09:00.093,1.24054,1.24071,1.73,1.54
2012.11.02 09:09:00.630,1.24054,1.24071,1.73,1.54
2012.11.02 09:09:00.762,1.24052,1.24068,1.73,1.73
2012.11.02 09:09:00.823,1.24051,1.24068,1.32,1.73
2012.11.02 09:09:01.183,1.2405,1.24064,1.32,1.73
2012.11.02 09:09:01.422,1.24048,1.24061,1.54,2.29
2012.11.02 09:09:01.723,1.24045,1.24062,2.14,1.73
2012.11.02 09:09:03.414,1.24048,1.24066,1.73,1.33
2012.11.02 09:09:03.483,1.24048,1.24066,1.73,1.33
2012.11.02 09:09:03.848,1.24048,1.24066,1.73,1.54
2012.11.02 09:09:04.993,1.24049,1.24069,2.14,2.27
2012.11.02 09:09:05.306,1.2405,1.2407,3.04,1.54
2012.11.02 09:09:05.494,1.24051,1.24071,1.73,1.54
2012.11.02 09:09:09.093,1.24052,1.24071,3.23,2.48
2012.11.02 09:09:09.334,1.24053,1.24072,1.35,2.48
2012.11.02 09:09:14.612,1.24055,1.24073,1.54,3.04
2012.11.02 09:09:14.672,1.24055,1.24073,1.54,3.04
2012.11.02 09:09:16.822,1.24055,1.24072,1.54,1.73
2012.11.02 09:09:17.062,1.24058,1.24076,5.29,2.04
2012.11.02 09:09:17.613,1.24059,1.24078,1.54,2.48
2012.11.02 09:09:18.902,1.24058,1.24076,1.54,3.75
2012.11.02 09:09:19.082,1.24055,1.24073,1.54,1.54
2012.11.02 09:09:22.262,1.24059,1.24075,3.79,1.52
2012.11.02 09:09:22.582,1.24061,1.24076,1.39,1.29
2012.11.02 09:09:22.823,1.24062,1.24079,1.54,1.58
2012.11.02 09:09:23.064,1.24061,1.2408,2.29,2.14
2012.11.02 09:09:23.313,1.24059,1.24075,2.29,3.00
2012.11.02 09:09:23.622,1.24059,1.24075,2.29,3.98
2012.11.02 09:09:24.073,1.24058,1.24075,1.73,3.79
2012.11.02 09:09:24.432,1.24064,1.2408,2.29,1.52
2012.11.02 09:09:25.003,1.24064,1.24082,1.54,1.73
2012.11.02 09:09:25.443,1.24065,1.24083,1.73,1.73
2012.11.02 09:09:25.752,1.24067,1.24083,1.35,1.50
2012.11.02 09:09:26.262,1.24067,1.24082,1.35,1.73
2012.11.02 09:09:26.794,1.24067,1.24083,1.35,1.73
2012.11.02 09:09:27.153,1.24065,1.24082,1.54,1.73
2012.11.02 09:09:28.302,1.24063,1.24082,2.10,1.73
2012.11.02 09:09:28.693,1.24063,1.24081,1.54,1.73
2012.11.02 09:09:29.293,1.24063,1.24082,1.73,3.04
2012.11.02 09:09:31.685,1.24063,1.24071,2.25,1.32
2012.11.02 09:09:31.992,1.24055,1.24073,2.10,2.85
2012.11.02 09:09:32.051,1.24055,1.24073,3.08,2.10
2012.11.02 09:09:32.172,1.24062,1.24075,1.32,1.52
2012.11.02 09:09:32.482,1.24062,1.24076,1.54,1.73
2012.11.02 09:09:33.031,1.24064,1.24081,1.73,1.73
2012.11.02 09:09:33.572,1.24063,1.24076,1.73,1.54
2012.11.02 09:09:33.942,1.24058,1.24075,3.04,1.73
2012.11.02 09:09:34.482,1.24059,1.24076,1.73,1.54
2012.11.02 09:09:34.543,1.24061,1.24076,1.73,1.32
2012.11.02 09:09:35.693,1.24062,1.24075,3.00,1.73
2012.11.02 09:09:35.753,1.24056,1.24073,2.29,1.73
2012.11.02 09:09:36.263,1.24056,1.24073,2.29,1.73
2012.11.02 09:09:36.562,1.2406,1.24077,1.73,1.35
2012.11.02 09:09:36.863,1.24054,1.24067,1.50,1.54
2012.11.02 09:09:37.102,1.24056,1.24074,1.54,1.73
2012.11.02 09:09:37.222,1.24057,1.24076,1.73,2.83
2012.11.02 09:09:37.583,1.24057,1.24076,1.73,1.54
2012.11.02 09:09:37.892,1.24056,1.24076,2.29,1.54
2012.11.02 09:09:38.532,1.24055,1.2407,1.73,1.73
2012.11.02 09:09:38.774,1.24052,1.24066,1.50,2.29
2012.11.02 09:09:38.847,1.24052,1.24066,1.50,2.29
2012.11.02 09:09:39.093,1.24047,1.24065,1.73,1.73
2012.11.02 09:09:39.152,1.24046,1.24064,1.54,1.73
2012.11.02 09:09:39.719,1.24046,1.24065,1.54,1.73
2012.11.02 09:09:39.797,1.24047,1.24061,1.73,1.54
2012.11.02 09:09:40.045,1.24047,1.24061,1.73,1.54
2012.11.02 09:09:41.215,1.24044,1.24062,2.07,2.48
2012.11.02 09:09:41.283,1.24044,1.24062,1.50,2.48
2012.11.02 09:09:41.344,1.24044,1.24063,1.50,2.27
2012.11.02 09:09:41.464,1.24044,1.24059,2.48,1.32
2012.11.02 09:09:41.772,1.24043,1.24059,1.73,1.54
2012.11.02 09:09:41.893,1.24042,1.24059,3.23,1.54
2012.11.02 09:09:42.235,1.24048,1.24061,2.25,1.11
2012.11.02 09:09:42.311,1.2405,1.24062,1.73,1.54
2012.11.02 09:09:42.525,1.2405,1.24065,2.48,1.33
2012.11.02 09:09:42.774,1.24051,1.24066,1.50,1.35
2012.11.02 09:09:43.301,1.2405,1.24064,1.73,1.54
2012.11.02 09:09:44.753,1.2405,1.2406,1.73,1.50
2012.11.02 09:09:44.874,1.2405,1.2406,1.50,2.85
2012.11.02 09:09:45.233,1.24046,1.2406,1.50,1.35
2012.11.02 09:09:45.353,1.24047,1.2406,1.50,1.35
2012.11.02 09:09:45.484,1.24047,1.24063,1.73,1.52
2012.11.02 09:09:45.543,1.24045,1.24063,1.54,1.73
2012.11.02 09:09:46.022,1.24045,1.24064,3.04,1.73
2012.11.02 09:09:46.532,1.24045,1.24064,1.32,1.73
2012.11.02 09:09:46.592,1.24045,1.24064,1.32,2.48
2012.11.02 09:09:46.787,1.24046,1.24064,1.50,1.73
2012.11.02 09:09:46.911,1.24044,1.24064,2.07,2.48
2012.11.02 09:09:47.033,1.24045,1.24064,2.07,1.73
2012.11.02 09:09:47.213,1.24041,1.24059,1.50,1.54
2012.11.02 09:09:47.342,1.2404,1.24059,2.25,1.54
2012.11.02 09:09:47.524,1.24042,1.24059,1.50,1.54
2012.11.02 09:09:47.653,1.24039,1.24059,2.48,1.54
2012.11.02 09:09:48.352,1.24039,1.24058,1.73,1.54
2012.11.02 09:09:48.672,1.24039,1.24056,1.73,1.73
2012.11.02 09:09:49.045,1.24038,1.24056,1.54,1.73
2012.11.02 09:09:49.594,1.24036,1.24054,1.54,1.54
2012.11.02 09:09:50.250,1.24035,1.24052,1.50,1.54
2012.11.02 09:09:50.562,1.24035,1.24053,2.25,1.54
2012.11.02 09:09:50.852,1.24035,1.24053,1.50,1.54
2012.11.02 09:09:50.973,1.24035,1.24053,1.73,1.54
2012.11.02 09:09:51.032,1.24035,1.24053,1.73,1.54
2012.11.02 09:09:51.222,1.24035,1.24052,1.50,1.54
2012.11.02 09:09:51.582,1.24034,1.24052,2.29,2.29
2012.11.02 09:09:51.703,1.24035,1.2405,1.50,1.54
2012.11.02 09:09:52.584,1.24035,1.2405,1.50,2.29
2012.11.02 09:09:52.644,1.24035,1.2405,1.50,2.29
2012.11.02 09:09:54.152,1.24037,1.24052,1.32,2.48
2012.11.02 09:09:54.335,1.24038,1.24054,2.14,1.33
2012.11.02 09:09:54.464,1.2404,1.24054,1.73,1.11
2012.11.02 09:09:54.764,1.24041,1.24054,1.58,1.11
2012.11.02 09:09:55.183,1.24042,1.24058,1.58,1.54
2012.11.02 09:09:55.603,1.24041,1.24058,1.35,1.54
2012.11.02 09:09:56.789,1.24038,1.24057,1.54,2.29
2012.11.02 09:09:57.883,1.2404,1.24059,1.73,1.73
2012.11.02 09:09:57.943,1.2404,1.24059,1.73,1.73
2012.11.02 09:09:58.632,1.2404,1.24059,1.50,1.73
2012.11.02 09:10:00.802,1.24042,1.24061,1.50,1.73
2012.11.02 09:10:00.924,1.24042,1.24058,1.50,1.54
2012.11.02 09:10:00.982,1.2404,1.24058,2.10,2.29
2012.11.02 09:10:01.504,1.24039,1.24057,1.50,1.73
2012.11.02 09:10:01.622,1.24039,1.24058,1.73,2.29
2012.11.02 09:10:01.683,1.24039,1.24056,1.50,1.73
2012.11.02 09:10:02.709,1.24042,1.24054,1.50,1.73
2012.11.02 09:10:02.773,1.24042,1.24054,1.73,1.50
2012.11.02 09:10:02.833,1.24042,1.24058,1.73,2.29
2012.11.02 09:10:03.825,1.24041,1.24057,1.32,1.73
2012.11.02 09:10:04.134,1.2404,1.24056,1.54,1.54
2012.11.02 09:10:04.263,1.24038,1.24052,2.07,1.54
2012.11.02 09:10:04.323,1.24038,1.24052,1.50,1.54
2012.11.02 09:10:06.194,1.24044,1.24055,3.60,2.27
2012.11.02 09:10:06.329,1.24046,1.24055,1.32,1.29
2012.11.02 09:10:06.513,1.24048,1.24059,1.50,1.73
2012.11.02 09:10:06.576,1.24046,1.24059,2.07,1.73
2012.11.02 09:10:06.645,1.24046,1.24061,2.07,2.27
2012.11.02 09:10:06.773,1.24045,1.24059,1.32,1.54
2012.11.02 09:10:06.894,1.24045,1.24059,1.32,1.54
2012.11.02 09:10:07.612,1.24041,1.2406,2.48,1.35
2012.11.02 09:10:07.674,1.24041,1.2406,2.48,1.35
2012.11.02 09:10:08.073,1.24042,1.2406,1.50,2.10
2012.11.02 09:10:09.464,1.24043,1.24061,1.32,2.48
2012.11.02 09:10:09.643,1.24045,1.24061,1.17,1.73
2012.11.02 09:10:09.764,1.24045,1.24061,1.17,1.73
2012.11.02 09:10:10.733,1.24045,1.2406,2.29,1.73
2012.11.02 09:10:11.276,1.24046,1.24063,1.73,2.29
2012.11.02 09:10:11.824,1.24046,1.24063,4.73,1.73
2012.11.02 09:10:12.184,1.24049,1.24067,1.54,2.29
2012.11.02 09:10:12.543,1.24047,1.24067,3.04,3.04
2012.11.02 09:10:13.043,1.24046,1.24066,2.85,3.58
2012.11.02 09:10:13.973,1.24047,1.24066,1.73,1.54
2012.11.02 09:10:14.501,1.24048,1.24067,2.25,2.85
2012.11.02 09:10:15.253,1.24048,1.24067,2.25,2.10
2012.11.02 09:10:15.986,1.24048,1.24067,2.48,2.70
2012.11.02 09:10:16.612,1.24048,1.24067,3.23,2.85
2012.11.02 09:10:18.372,1.24048,1.24067,1.73,2.85
2012.11.02 09:10:18.432,1.24048,1.24067,1.73,2.85
2012.11.02 09:10:18.942,1.24048,1.24067,2.48,1.54
2012.11.02 09:10:19.868,1.24048,1.24067,1.50,1.39
2012.11.02 09:10:20.373,1.24048,1.24067,1.50,2.14
2012.11.02 09:10:20.982,1.24049,1.24067,1.50,2.14
2012.11.02 09:10:21.513,1.24048,1.24067,2.10,1.73
2012.11.02 09:10:21.572,1.2405,1.24067,1.92,1.73
2012.11.02 09:10:21.645,1.24058,1.24068,3.00,1.50
2012.11.02 09:10:21.893,1.24058,1.24071,3.79,1.73
2012.11.02 09:10:22.133,1.24058,1.24075,3.57,2.48
2012.11.02 09:10:22.493,1.24057,1.24068,1.32,1.54
2012.11.02 09:10:22.612,1.24054,1.24068,1.73,1.54
2012.11.02 09:10:23.093,1.24048,1.24068,2.29,3.79
2012.11.02 09:10:23.334,1.24051,1.24069,1.73,1.35
2012.11.02 09:10:23.454,1.24055,1.24072,1.54,1.52
2012.11.02 09:10:23.814,1.24056,1.24073,2.29,1.52
2012.11.02 09:10:24.115,1.24056,1.24073,1.32,1.73
2012.11.02 09:10:24.422,1.24056,1.24073,2.07,1.73
2012.11.02 09:10:25.093,1.24058,1.24074,1.50,2.29
2012.11.02 09:10:26.363,1.24054,1.24072,1.73,1.54
2012.11.02 09:10:26.630,1.24054,1.24072,1.73,1.54
2012.11.02 09:10:28.057,1.24054,1.24072,1.73,1.54
2012.11.02 09:10:30.904,1.24053,1.24069,2.07,1.73
2012.11.02 09:10:31.082,1.24052,1.24069,1.35,2.48
2012.11.02 09:10:31.382,1.24051,1.24066,1.73,3.57
2012.11.02 09:10:31.701,1.24047,1.24063,1.73,1.54
2012.11.02 09:10:31.883,1.24046,1.24063,2.48,1.54
2012.11.02 09:10:32.651,1.24046,1.24062,2.48,2.29
2012.11.02 09:10:32.718,1.24046,1.24062,2.48,2.29
2012.11.02 09:10:35.042,1.24045,1.24062,1.73,3.04
2012.11.02 09:10:35.103,1.24042,1.24058,3.23,3.00
2012.11.02 09:10:35.403,1.24041,1.24061,2.07,2.85
2012.11.02 09:10:35.584,1.24041,1.24061,3.04,2.08
2012.11.02 09:10:36.574,1.24046,1.24063,1.73,1.32
2012.11.02 09:10:36.883,1.2405,1.24065,1.73,1.52
2012.11.02 09:10:37.243,1.2405,1.24068,1.73,1.50
2012.11.02 09:10:37.603,1.24051,1.24069,1.73,1.54
2012.11.02 09:10:37.844,1.24051,1.24061,1.50,3.00
2012.11.02 09:10:38.083,1.24048,1.24059,2.25,1.54
2012.11.02 09:10:38.203,1.24045,1.24059,1.50,1.54
2012.11.02 09:10:38.590,1.24043,1.24059,1.73,1.54
2012.11.02 09:10:38.832,1.24045,1.2406,1.32,1.73
2012.11.02 09:10:39.082,1.24046,1.24064,2.29,1.33
2012.11.02 09:10:39.142,1.24046,1.24059,1.73,1.32
2012.11.02 09:10:39.261,1.24044,1.24059,1.73,1.54
2012.11.02 09:10:39.382,1.24044,1.24059,1.73,1.54
2012.11.02 09:10:39.562,1.24045,1.24062,2.29,1.32
2012.11.02 09:10:40.219,1.2405,1.24066,1.73,2.83
2012.11.02 09:10:42.062,1.2405,1.24065,1.73,1.54
2012.11.02 09:10:42.307,1.24045,1.24059,1.73,1.32
2012.11.02 09:10:42.373,1.24046,1.2406,1.32,1.73
2012.11.02 09:10:42.553,1.24046,1.24063,2.29,1.54
2012.11.02 09:10:42.852,1.24049,1.24066,1.73,2.64
2012.11.02 09:10:46.223,1.24046,1.24064,1.54,1.32
2012.11.02 09:10:46.762,1.24047,1.24066,2.48,2.64
2012.11.02 09:10:47.352,1.24046,1.24064,2.29,1.54
2012.11.02 09:10:53.785,1.24048,1.24066,1.54,1.73
2012.11.02 09:10:56.466,1.24046,1.24066,1.73,2.64
2012.11.02 09:10:59.694,1.24048,1.24068,1.54,1.52
2012.11.02 09:10:59.932,1.24049,1.24069,1.35,1.52
2012.11.02 09:11:00.472,1.24049,1.24066,1.35,2.48
2012.11.02 09:11:00.998,1.24044,1.24062,2.29,1.54
2012.11.02 09:11:01.242,1.24043,1.24062,1.54,1.54
2012.11.02 09:11:03.892,1.24044,1.24062,1.54,1.54
2012.11.02 09:11:04.074,1.24042,1.2406,2.85,1.73
2012.11.02 09:11:04.193,1.24043,1.2406,1.73,1.73
2012.11.02 09:11:05.226,1.24046,1.2406,3.23,1.73
2012.11.02 09:11:05.296,1.24047,1.24064,1.54,3.04
2012.11.02 09:11:05.842,1.24047,1.24064,1.54,2.29
2012.11.02 09:11:06.024,1.24049,1.24066,1.54,1.73
2012.11.02 09:11:07.723,1.24048,1.24066,1.54,1.54
2012.11.02 09:11:08.082,1.24049,1.24066,1.73,2.08
2012.11.02 09:11:09.082,1.24051,1.24066,1.32,1.52
2012.11.02 09:11:09.263,1.24051,1.24066,1.54,1.29
2012.11.02 09:11:09.383,1.24049,1.24065,2.25,1.54
2012.11.02 09:11:09.503,1.24046,1.24061,2.29,3.98
2012.11.02 09:11:09.562,1.24048,1.24061,1.32,3.98
2012.11.02 09:11:09.742,1.24046,1.2406,1.73,1.35
2012.11.02 09:11:10.105,1.24043,1.2406,1.73,1.35
2012.11.02 09:11:10.414,1.24049,1.24061,1.50,3.79
2012.11.02 09:11:10.592,1.24047,1.24061,1.50,3.79
2012.11.02 09:11:10.653,1.24047,1.24061,1.50,2.10
2012.11.02 09:11:10.714,1.24047,1.24061,1.50,2.29
2012.11.02 09:11:10.833,1.24043,1.24061,1.73,2.29
2012.11.02 09:11:11.112,1.24043,1.24061,1.50,2.29
2012.11.02 09:11:11.232,1.24042,1.2406,1.50,1.54
2012.11.02 09:11:12.685,1.24045,1.24061,1.32,1.52
2012.11.02 09:11:12.817,1.24045,1.24062,2.29,2.08
2012.11.02 09:11:12.893,1.24048,1.24064,1.50,1.33
2012.11.02 09:11:13.731,1.24045,1.24064,2.29,2.29
2012.11.02 09:11:14.233,1.24045,1.24063,1.73,1.54
2012.11.02 09:11:15.601,1.24043,1.2406,2.48,3.23
2012.11.02 09:11:15.903,1.2404,1.24058,2.48,2.29
2012.11.02 09:11:16.263,1.24043,1.24058,1.50,1.54
2012.11.02 09:11:18.635,1.24045,1.24061,1.32,2.08
2012.11.02 09:11:18.762,1.24045,1.24061,1.54,1.33
2012.11.02 09:11:20.573,1.24046,1.24065,2.29,1.54
2012.11.02 09:11:20.752,1.24051,1.24066,1.54,1.73
2012.11.02 09:11:21.906,1.24051,1.24068,1.54,1.73
2012.11.02 09:11:22.226,1.24058,1.24071,1.35,1.50
2012.11.02 09:11:22.567,1.24057,1.24072,3.79,2.25
2012.11.02 09:11:22.874,1.24055,1.24073,2.29,1.54
2012.11.02 09:11:22.994,1.24056,1.24074,1.32,5.48
2012.11.02 09:11:23.175,1.24057,1.24073,3.57,1.73
2012.11.02 09:11:23.245,1.24059,1.24074,1.54,1.73
2012.11.02 09:11:24.163,1.24059,1.24077,1.54,2.27
2012.11.02 09:11:24.674,1.24058,1.24066,2.10,1.50
2012.11.02 09:11:24.864,1.24054,1.24066,1.50,1.73
2012.11.02 09:11:25.042,1.24048,1.24066,1.50,2.48
2012.11.02 09:11:25.102,1.2405,1.24066,3.00,2.48
2012.11.02 09:11:25.344,1.24052,1.24069,2.10,1.52
2012.11.02 09:11:25.465,1.24052,1.24069,1.13,1.73
2012.11.02 09:11:26.904,1.24049,1.24068,2.29,1.73
2012.11.02 09:11:26.964,1.24049,1.24069,2.29,3.79
2012.11.02 09:11:28.345,1.24053,1.24069,1.35,2.29
2012.11.02 09:11:28.415,1.24053,1.24069,3.64,1.54
2012.11.02 09:11:28.723,1.24054,1.24069,1.50,1.54
2012.11.02 09:11:28.903,1.24052,1.24069,2.25,2.29
2012.11.02 09:11:29.263,1.24053,1.2407,3.98,2.27
2012.11.02 09:11:29.503,1.24056,1.24074,2.07,1.33
2012.11.02 09:11:29.863,1.24056,1.24075,1.32,2.08
2012.11.02 09:11:30.547,1.24056,1.24074,2.07,1.33
2012.11.02 09:11:30.853,1.24061,1.24077,1.13,1.52
2012.11.02 09:11:30.973,1.24061,1.24077,1.13,1.52
2012.11.02 09:11:31.093,1.24061,1.24079,1.35,1.73
2012.11.02 09:11:31.706,1.24061,1.24079,1.35,2.48
2012.11.02 09:11:32.264,1.24063,1.24081,1.54,2.08
2012.11.02 09:11:36.292,1.24063,1.24081,1.32,1.47
2012.11.02 09:11:37.973,1.24062,1.24081,1.54,2.29
2012.11.02 09:11:40.135,1.24064,1.24081,3.75,1.54
2012.11.02 09:11:40.496,1.24069,1.24082,1.32,1.73
2012.11.02 09:11:41.054,1.24069,1.24086,1.54,1.73
2012.11.02 09:11:43.924,1.2407,1.24088,1.54,2.29
2012.11.02 09:11:44.511,1.24069,1.24088,2.29,2.22
2012.11.02 09:11:44.633,1.24069,1.24088,3.04,2.22
2012.11.02 09:11:45.262,1.24069,1.24085,3.04,1.65
2012.11.02 09:11:45.563,1.24069,1.24088,1.54,2.29
2012.11.02 09:11:48.734,1.24073,1.2409,1.54,3.79
2012.11.02 09:11:48.854,1.24073,1.2409,1.54,3.04
2012.11.02 09:11:49.155,1.24074,1.24092,1.73,2.08
2012.11.02 09:11:49.224,1.24074,1.24092,1.73,2.29
2012.11.02 09:11:50.383,1.24072,1.24088,2.48,1.32
2012.11.02 09:11:50.503,1.24072,1.24088,2.48,1.54
2012.11.02 09:11:50.744,1.24073,1.24089,1.35,1.73
2012.11.02 09:11:51.282,1.24074,1.24093,1.54,1.52
2012.11.02 09:11:51.743,1.24073,1.24089,1.32,1.54
2012.11.02 09:11:52.064,1.24073,1.24089,1.50,1.54
2012.11.02 09:11:52.303,1.2407,1.24089,2.48,1.54
2012.11.02 09:11:52.423,1.24072,1.2409,1.73,1.89
2012.11.02 09:11:52.543,1.24072,1.2409,1.73,1.35
2012.11.02 09:11:53.582,1.24071,1.2409,2.48,2.85
2012.11.02 09:11:53.763,1.24072,1.2409,1.54,2.64
2012.11.02 09:11:55.692,1.24077,1.24093,1.50,2.08
2012.11.02 09:11:56.102,1.24073,1.24091,1.54,1.73
2012.11.02 09:11:56.655,1.24074,1.24091,1.73,1.54
2012.11.02 09:11:56.964,1.24079,1.24091,1.50,1.54
2012.11.02 09:11:57.863,1.24074,1.24091,1.50,1.54
2012.11.02 09:11:57.987,1.24074,1.24091,1.50,2.08
2012.11.02 09:11:58.532,1.24075,1.24091,1.50,2.83
2012.11.02 09:11:58.713,1.24074,1.24091,1.50,2.83
2012.11.02 09:11:59.223,1.24073,1.24091,2.07,2.83
2012.11.02 09:11:59.403,1.2407,1.24087,1.54,2.29
2012.11.02 09:11:59.523,1.2407,1.24084,1.32,1.73
2012.11.02 09:11:59.825,1.24067,1.24082,1.32,1.73
2012.11.02 09:12:00.162,1.24065,1.2408,3.79,1.73
2012.11.02 09:12:01.925,1.24062,1.24078,1.50,1.54
2012.11.02 09:12:02.476,1.2406,1.24078,2.29,2.29
2012.11.02 09:12:02.666,1.24058,1.24077,2.29,1.73
2012.11.02 09:12:04.405,1.2406,1.24078,1.35,2.29
2012.11.02 09:12:04.534,1.24064,1.2408,1.35,1.52
2012.11.02 09:12:04.654,1.24064,1.24081,1.35,1.52
2012.11.02 09:12:08.223,1.24064,1.24083,4.54,2.48
2012.11.02 09:12:11.103,1.24067,1.24083,3.23,2.48
2012.11.02 09:12:11.284,1.24068,1.24084,1.35,2.48
2012.11.02 09:12:11.865,1.24068,1.24084,1.35,2.48
2012.11.02 09:12:12.395,1.24068,1.24083,1.35,1.73
2012.11.02 09:12:12.723,1.24068,1.24084,1.20,2.48
2012.11.02 09:12:13.294,1.24068,1.24082,1.20,1.73
2012.11.02 09:12:13.743,1.24067,1.24084,1.54,1.73
2012.11.02 09:12:14.894,1.24065,1.24083,2.29,3.98
2012.11.02 09:12:15.072,1.24063,1.24081,2.29,1.54
2012.11.02 09:12:15.312,1.24066,1.24084,1.54,2.27
2012.11.02 09:12:15.852,1.24067,1.24084,1.54,1.73
2012.11.02 09:12:18.087,1.24072,1.24085,3.98,1.73
2012.11.02 09:12:18.434,1.24075,1.24087,2.29,1.50
2012.11.02 09:12:18.499,1.24075,1.2409,2.29,2.48
2012.11.02 09:12:18.623,1.24075,1.2409,2.29,2.25
2012.11.02 09:12:18.874,1.24074,1.24092,3.04,1.50
2012.11.02 09:12:19.414,1.24075,1.24093,1.54,1.54
2012.11.02 09:12:20.894,1.24075,1.24094,6.79,1.73
2012.11.02 09:12:21.193,1.24079,1.24097,1.73,2.08
2012.11.02 09:12:21.733,1.2408,1.24099,2.48,4.54
2012.11.02 09:12:21.973,1.24082,1.24099,3.23,1.54
2012.11.02 09:12:22.153,1.24083,1.24101,1.35,2.27
2012.11.02 09:12:22.913,1.24083,1.241,1.35,1.73
2012.11.02 09:12:23.045,1.24082,1.24098,1.73,1.54
2012.11.02 09:12:23.542,1.24079,1.24096,2.48,1.73
2012.11.02 09:12:23.844,1.24079,1.24096,3.98,1.50
2012.11.02 09:12:23.963,1.24079,1.24097,3.98,1.73
2012.11.02 09:12:24.082,1.2408,1.24098,1.73,3.04
2012.11.02 09:12:24.383,1.2408,1.24095,2.48,1.13
2012.11.02 09:12:24.504,1.2408,1.24094,1.50,2.29
2012.11.02 09:12:25.583,1.24076,1.24091,1.58,1.50
2012.11.02 09:12:25.702,1.2408,1.24095,1.73,1.35
2012.11.02 09:12:25.822,1.24082,1.24097,1.32,2.83
2012.11.02 09:12:26.123,1.24085,1.24098,1.73,1.33
2012.11.02 09:12:26.424,1.24085,1.24101,1.65,2.08
2012.11.02 09:12:26.843,1.24089,1.24102,3.75,1.73
2012.11.02 09:12:27.144,1.24092,1.24106,1.92,1.52
2012.11.02 09:12:27.263,1.24092,1.24106,1.32,1.52
2012.11.02 09:12:27.633,1.24092,1.24109,2.29,1.73
2012.11.02 09:12:27.693,1.24092,1.24109,2.29,1.73
2012.11.02 09:12:29.416,1.24094,1.24108,1.73,1.54
2012.11.02 09:12:29.723,1.24086,1.24098,1.94,2.07
2012.11.02 09:12:30.024,1.24085,1.24095,1.50,1.50
2012.11.02 09:12:30.143,1.24078,1.24095,1.54,1.73
2012.11.02 09:12:32.676,1.24076,1.24095,2.89,3.04
2012.11.02 09:12:33.892,1.24074,1.24093,2.29,3.04
2012.11.02 09:12:34.303,1.24074,1.24088,1.73,1.32
2012.11.02 09:12:34.606,1.24071,1.24087,1.73,2.10
2012.11.02 09:12:34.793,1.24072,1.24086,1.50,2.29
2012.11.02 09:12:34.974,1.24072,1.24085,1.50,1.73
2012.11.02 09:12:35.034,1.24068,1.24085,2.48,2.48
2012.11.02 09:12:35.279,1.24068,1.24085,1.73,1.50
2012.11.02 09:12:35.405,1.24072,1.24085,1.73,1.50
2012.11.02 09:12:35.720,1.24068,1.24085,1.54,1.73
2012.11.02 09:12:36.265,1.24068,1.24085,2.07,2.48
2012.11.02 09:12:37.122,1.24068,1.24083,1.32,1.73
2012.11.02 09:12:37.364,1.24067,1.24084,1.73,2.48
2012.11.02 09:12:37.486,1.24067,1.24085,1.73,2.29
2012.11.02 09:12:38.033,1.24068,1.24083,2.33,1.73
2012.11.02 09:12:38.393,1.24065,1.24084,1.54,2.48
2012.11.02 09:12:38.742,1.24065,1.24084,1.54,1.73
2012.11.02 09:12:38.932,1.2407,1.24084,1.73,1.73
2012.11.02 09:12:39.112,1.24068,1.24086,2.29,1.73
2012.11.02 09:12:39.232,1.24068,1.24086,2.29,1.73
2012.11.02 09:12:39.734,1.24068,1.24083,1.54,1.73
2012.11.02 09:12:44.599,1.2407,1.24086,1.73,1.54
2012.11.02 09:12:44.667,1.24073,1.24088,1.32,1.73
2012.11.02 09:12:44.793,1.24079,1.24091,1.35,1.52
2012.11.02 09:12:45.154,1.24079,1.24093,1.58,1.54
2012.11.02 09:12:45.213,1.24079,1.24095,1.58,1.33
2012.11.02 09:12:45.392,1.24078,1.24095,4.20,1.35
2012.11.02 09:12:45.932,1.24078,1.24095,2.48,1.35
2012.11.02 09:12:45.992,1.24078,1.24096,3.04,1.35
2012.11.02 09:12:46.053,1.24078,1.24096,3.04,1.35
2012.11.02 09:12:46.292,1.24078,1.24095,2.07,2.29
2012.11.02 09:12:46.654,1.24078,1.24096,1.54,2.29
2012.11.02 09:12:47.372,1.2408,1.24099,2.29,1.54
2012.11.02 09:12:47.675,1.2408,1.24094,1.73,1.32
2012.11.02 09:12:47.804,1.24079,1.24094,1.50,2.10
2012.11.02 09:12:47.863,1.2408,1.24094,1.32,1.54
2012.11.02 09:12:47.923,1.2408,1.24094,1.54,2.07
2012.11.02 09:12:48.223,1.24079,1.24096,1.54,2.27
2012.11.02 09:12:49.342,1.24078,1.24097,2.10,1.73
2012.11.02 09:12:49.883,1.24079,1.24096,1.54,1.73
2012.11.02 09:12:50.303,1.24078,1.24092,1.54,1.32
2012.11.02 09:12:50.605,1.24073,1.2409,2.29,1.73
2012.11.02 09:12:50.723,1.24073,1.2409,2.29,1.73
2012.11.02 09:12:51.683,1.24073,1.24087,1.50,2.10
2012.11.02 09:12:52.053,1.24074,1.24091,1.73,2.83
2012.11.02 09:12:53.317,1.24074,1.24091,1.50,2.29
2012.11.02 09:12:54.043,1.24073,1.2409,1.54,1.73
2012.11.02 09:12:54.598,1.24074,1.24091,1.32,1.52
2012.11.02 09:12:54.673,1.24072,1.24091,3.04,1.73
2012.11.02 09:12:55.543,1.24073,1.2409,1.73,1.73
2012.11.02 09:12:55.782,1.24074,1.24092,2.48,2.10
2012.11.02 09:12:56.364,1.24077,1.24092,1.73,1.35
2012.11.02 09:12:58.244,1.2408,1.24095,1.50,2.29
2012.11.02 09:12:58.516,1.24078,1.24094,1.73,1.73
2012.11.02 09:12:58.586,1.24078,1.24094,1.73,1.73
2012.11.02 09:12:58.894,1.24086,1.24098,1.73,1.86
2012.11.02 09:12:58.954,1.24083,1.241,2.29,1.54
2012.11.02 09:12:59.691,1.24085,1.241,1.50,1.54
2012.11.02 09:12:59.931,1.24082,1.241,1.73,1.54
2012.11.02 09:13:00.303,1.24084,1.24101,1.54,1.73
2012.11.02 09:13:01.022,1.24086,1.24103,1.73,2.29
2012.11.02 09:13:01.204,1.24085,1.241,1.73,3.75
2012.11.02 09:13:01.444,1.2408,1.24098,1.73,2.10
2012.11.02 09:13:01.503,1.2408,1.24098,1.73,2.10
2012.11.02 09:13:01.834,1.24078,1.24098,3.98,2.10
2012.11.02 09:13:02.144,1.24081,1.24098,1.73,1.35
2012.11.02 09:13:02.473,1.2408,1.24095,1.50,1.54
2012.11.02 09:13:02.659,1.24081,1.24098,1.32,2.29
2012.11.02 09:13:02.723,1.24081,1.24098,1.54,1.73
2012.11.02 09:13:03.595,1.24084,1.24102,2.48,1.89
2012.11.02 09:13:03.903,1.24088,1.24101,1.73,1.32
2012.11.02 09:13:04.206,1.24087,1.24101,3.75,2.29
2012.11.02 09:13:04.274,1.24087,1.24102,3.79,1.73
2012.11.02 09:13:04.584,1.24085,1.241,1.54,2.29
2012.11.02 09:13:04.704,1.24083,1.241,2.48,2.29
2012.11.02 09:13:05.456,1.24086,1.24102,1.73,1.54
2012.11.02 09:13:06.643,1.24086,1.241,1.73,3.98
2012.11.02 09:13:06.914,1.24087,1.24102,1.73,1.73
2012.11.02 09:13:07.152,1.24086,1.24099,1.54,1.32
2012.11.02 09:13:07.459,1.24084,1.24098,1.63,1.50
2012.11.02 09:13:07.524,1.24083,1.24098,1.50,2.48
2012.11.02 09:13:07.585,1.24083,1.24098,1.73,1.73
2012.11.02 09:13:07.654,1.24083,1.24098,1.73,1.73
2012.11.02 09:13:07.713,1.24081,1.24098,2.29,2.48
2012.11.02 09:13:08.221,1.2408,1.24098,2.10,1.73
2012.11.02 09:13:10.294,1.24082,1.241,1.73,1.54
2012.11.02 09:13:14.698,1.24085,1.24103,1.73,1.73
2012.11.02 09:13:14.823,1.24085,1.24103,1.73,1.50
2012.11.02 09:13:15.154,1.24085,1.24103,1.73,1.29
2012.11.02 09:13:15.275,1.24085,1.24103,1.73,1.52
2012.11.02 09:13:15.335,1.24085,1.24103,1.73,1.52
2012.11.02 09:13:16.292,1.24083,1.24099,1.54,1.54
2012.11.02 09:13:16.473,1.24078,1.24097,2.48,1.54
2012.11.02 09:13:17.133,1.24076,1.24091,1.35,1.73
2012.11.02 09:13:18.432,1.24075,1.24093,1.54,1.54
2012.11.02 09:13:19.204,1.24075,1.24093,1.54,3.04
2012.11.02 09:13:19.264,1.24075,1.24093,1.54,3.04
2012.11.02 09:13:20.624,1.24078,1.24094,1.50,1.52
2012.11.02 09:13:20.866,1.24078,1.24094,2.48,1.52
2012.11.02 09:13:21.174,1.24079,1.24097,1.73,1.35
2012.11.02 09:13:22.074,1.24077,1.24096,2.29,1.73
2012.11.02 09:13:23.182,1.24077,1.24094,1.54,1.54
2012.11.02 09:13:23.921,1.24079,1.24094,1.32,1.73
2012.11.02 09:13:24.233,1.24079,1.24096,1.54,2.27
2012.11.02 09:13:24.742,1.2408,1.24098,1.54,1.52
2012.11.02 09:13:25.053,1.24078,1.24096,3.60,1.73
2012.11.02 09:13:27.423,1.24077,1.24094,4.39,1.73
2012.11.02 09:13:27.662,1.24077,1.24094,3.60,1.73
2012.11.02 09:13:27.783,1.24077,1.24092,2.10,1.73
2012.11.02 09:13:27.843,1.24076,1.24091,1.73,1.54
2012.11.02 09:13:27.911,1.24076,1.24091,1.73,1.54
2012.11.02 09:13:27.974,1.24074,1.24091,2.48,2.29
2012.11.02 09:13:28.545,1.24072,1.24089,2.48,1.73
2012.11.02 09:13:35.263,1.24073,1.24091,2.33,3.04
2012.11.02 09:13:35.944,1.24073,1.24091,2.33,2.29
2012.11.02 09:13:36.424,1.24072,1.2409,1.73,1.73
2012.11.02 09:13:36.483,1.24072,1.2409,1.73,1.73
2012.11.02 09:13:38.185,1.24074,1.24092,4.73,2.29
2012.11.02 09:13:38.312,1.24075,1.24093,1.35,1.29
2012.11.02 09:13:38.853,1.24079,1.24096,3.83,1.73
2012.11.02 09:13:39.092,1.24081,1.24097,3.23,1.52
2012.11.02 09:13:39.214,1.24082,1.24099,2.29,1.33
2012.11.02 09:13:39.753,1.24082,1.24098,1.54,1.54
2012.11.02 09:13:40.354,1.24083,1.24103,1.54,2.27
2012.11.02 09:13:40.893,1.24082,1.24102,2.10,1.73
2012.11.02 09:13:41.603,1.24084,1.24102,2.29,1.50
2012.11.02 09:13:42.152,1.24085,1.24104,1.73,3.58
2012.11.02 09:13:46.814,1.24089,1.24104,1.54,1.73
2012.11.02 09:13:47.116,1.24092,1.24108,1.73,2.04
2012.11.02 09:13:47.303,1.24088,1.24107,2.29,1.73
2012.11.02 09:13:47.422,1.24089,1.24108,1.54,1.73
2012.11.02 09:13:47.723,1.24087,1.24104,2.10,1.73
2012.11.02 09:13:48.034,1.24087,1.24099,1.50,2.29
2012.11.02 09:13:48.274,1.24081,1.24098,1.73,1.73
2012.11.02 09:13:48.576,1.24082,1.241,1.73,1.33
2012.11.02 09:13:50.023,1.24083,1.24101,2.14,2.29
2012.11.02 09:13:51.381,1.24082,1.24102,3.04,2.08
2012.11.02 09:13:51.912,1.24082,1.24101,2.29,1.73
2012.11.02 09:13:53.342,1.24082,1.24102,3.04,2.29
2012.11.02 09:13:53.763,1.24085,1.24103,2.48,2.83
2012.11.02 09:13:54.883,1.24088,1.24105,3.98,1.54
2012.11.02 09:13:55.063,1.24091,1.24106,1.54,1.86
2012.11.02 09:13:55.634,1.24091,1.24107,1.54,1.73
2012.11.02 09:13:56.174,1.24091,1.24106,1.54,1.50
2012.11.02 09:13:56.563,1.24091,1.24108,1.54,1.73
2012.11.02 09:13:57.333,1.24093,1.24111,1.73,1.89
2012.11.02 09:13:57.843,1.24092,1.24111,1.73,2.85
2012.11.02 09:13:58.357,1.24091,1.24111,2.29,2.85
2012.11.02 09:14:01.355,1.24091,1.24109,1.73,1.73
2012.11.02 09:14:01.593,1.24096,1.2411,1.54,1.29
2012.11.02 09:14:01.653,1.24096,1.24113,1.54,2.27
2012.11.02 09:14:03.552,1.24095,1.24114,1.54,1.73
2012.11.02 09:14:03.942,1.24097,1.24114,2.85,1.50
2012.11.02 09:14:04.473,1.24097,1.24114,2.85,1.50
2012.11.02 09:14:05.852,1.24097,1.24114,2.85,1.50
2012.11.02 09:14:06.502,1.24097,1.24114,2.85,1.50
2012.11.02 09:14:07.306,1.24098,1.24115,1.54,2.04
2012.11.02 09:14:07.813,1.24098,1.24114,1.54,1.50
2012.11.02 09:14:08.653,1.24097,1.24115,2.10,1.52
2012.11.02 09:14:09.012,1.24096,1.2411,1.73,1.32
2012.11.02 09:14:09.193,1.24096,1.24115,2.29,2.29
2012.11.02 09:14:09.312,1.24096,1.24113,2.07,2.08
2012.11.02 09:14:09.433,1.24096,1.24113,2.29,1.52
2012.11.02 09:14:11.906,1.24101,1.24116,1.54,1.52
2012.11.02 09:14:12.099,1.24101,1.24119,1.54,2.27
2012.11.02 09:14:12.224,1.241,1.24116,4.73,1.73
2012.11.02 09:14:12.642,1.24098,1.24116,1.73,2.29
2012.11.02 09:14:13.653,1.24098,1.24115,1.73,2.10
2012.11.02 09:14:13.772,1.24097,1.24115,2.48,2.10
2012.11.02 09:14:14.352,1.24096,1.24115,1.73,2.10
2012.11.02 09:14:14.873,1.24099,1.24115,2.25,1.35
2012.11.02 09:14:14.933,1.24101,1.24115,1.50,1.35
2012.11.02 09:14:15.054,1.24103,1.24115,1.73,1.35
2012.11.02 09:14:15.567,1.241,1.24118,1.73,1.54
2012.11.02 09:14:15.753,1.241,1.24118,1.73,1.54
2012.11.02 09:14:17.344,1.24098,1.2411,1.73,1.13
2012.11.02 09:14:17.405,1.24097,1.24112,1.73,1.54
2012.11.02 09:14:17.467,1.24097,1.24113,1.73,2.48
2012.11.02 09:14:17.535,1.24097,1.24112,1.50,1.73
2012.11.02 09:14:17.595,1.24097,1.24112,1.73,1.73
2012.11.02 09:14:18.273,1.24096,1.24113,1.54,1.73
2012.11.02 09:14:18.514,1.24097,1.24114,1.73,2.29
2012.11.02 09:14:19.054,1.24098,1.24115,1.54,1.73
2012.11.02 09:14:19.512,1.24097,1.24114,1.54,2.48
2012.11.02 09:14:22.544,1.24092,1.24109,2.29,1.73
2012.11.02 09:14:23.050,1.24094,1.2411,1.73,2.29
2012.11.02 09:14:28.072,1.24092,1.2411,2.29,2.29
2012.11.02 09:14:28.595,1.24092,1.2411,2.29,2.29
2012.11.02 09:14:30.533,1.24091,1.24109,2.29,1.73
2012.11.02 09:14:31.072,1.24092,1.24109,1.32,1.73
2012.11.02 09:14:31.602,1.2409,1.24108,2.85,1.54
2012.11.02 09:14:31.963,1.2409,1.24108,2.07,2.29
2012.11.02 09:14:32.265,1.24092,1.24108,1.73,1.54
2012.11.02 09:14:32.865,1.24091,1.24109,2.29,1.54
2012.11.02 09:14:35.133,1.24091,1.24109,2.29,1.54
2012.11.02 09:14:35.651,1.24091,1.24109,1.54,2.29
2012.11.02 09:14:36.553,1.24087,1.24105,1.50,2.29
2012.11.02 09:14:40.212,1.24087,1.24105,2.25,1.32
2012.11.02 09:14:41.213,1.24087,1.24105,2.25,1.54
2012.11.02 09:14:41.573,1.24087,1.24105,3.23,1.54
2012.11.02 09:14:43.065,1.24088,1.24105,2.48,1.54
2012.11.02 09:14:43.740,1.24087,1.24105,3.79,2.29
2012.11.02 09:14:48.773,1.24088,1.24105,1.73,1.54
2012.11.02 09:14:50.024,1.2409,1.24108,2.48,1.54
2012.11.02 09:14:50.983,1.24091,1.24109,2.25,1.54
2012.11.02 09:14:51.403,1.2409,1.24109,1.73,2.29
2012.11.02 09:14:51.535,1.24089,1.24109,2.82,2.83
2012.11.02 09:15:01.416,1.2409,1.24107,1.50,1.35
2012.11.02 09:15:01.605,1.2409,1.24107,1.73,1.35
2012.11.02 09:15:02.395,1.24087,1.24106,2.29,3.04
2012.11.02 09:15:02.949,1.24088,1.24105,1.54,1.73
2012.11.02 09:15:03.393,1.24091,1.24107,1.32,2.27
2012.11.02 09:15:03.575,1.2409,1.24107,1.54,2.27
2012.11.02 09:15:04.582,1.24091,1.2411,1.54,1.73
2012.11.02 09:15:05.034,1.24089,1.24109,3.04,3.23
2012.11.02 09:15:09.244,1.24089,1.24106,1.32,2.29
2012.11.02 09:15:09.782,1.24088,1.24106,1.73,2.29
2012.11.02 09:15:10.302,1.24088,1.24106,1.73,2.29
2012.11.02 09:15:12.433,1.24088,1.24106,1.50,2.29
2012.11.02 09:15:12.972,1.24086,1.24104,5.29,2.48
2012.11.02 09:15:15.433,1.24088,1.24104,2.07,2.29
2012.11.02 09:15:15.553,1.2409,1.24108,2.29,1.33
2012.11.02 09:15:16.164,1.2409,1.24108,1.54,1.54
2012.11.02 09:15:16.943,1.24089,1.24109,2.29,2.29
2012.11.02 09:15:17.122,1.24092,1.24111,1.73,4.14
2012.11.02 09:15:17.723,1.24091,1.24109,1.73,1.54
2012.11.02 09:15:18.023,1.2409,1.24108,2.48,3.00
2012.11.02 09:15:18.204,1.24089,1.24104,1.54,1.50
2012.11.02 09:15:18.703,1.24089,1.24104,1.54,2.25
2012.11.02 09:15:18.824,1.24089,1.24107,2.29,1.52
2012.11.02 09:15:18.944,1.24089,1.24108,2.29,1.73
2012.11.02 09:15:19.070,1.24095,1.24109,1.58,2.83
2012.11.02 09:15:19.553,1.24096,1.24111,1.73,3.00
2012.11.02 09:15:19.673,1.24094,1.2411,2.48,1.35
2012.11.02 09:15:20.333,1.24094,1.2411,1.73,1.35
2012.11.02 09:15:20.634,1.24092,1.2411,2.48,1.35
2012.11.02 09:15:21.309,1.24093,1.2411,1.73,1.35
2012.11.02 09:15:21.613,1.24098,1.2411,1.50,1.35
2012.11.02 09:15:21.673,1.24099,1.24112,1.32,1.33
2012.11.02 09:15:22.072,1.24099,1.24113,1.54,1.86
2012.11.02 09:15:22.144,1.24098,1.24116,1.54,1.73
2012.11.02 09:15:22.202,1.24098,1.24116,1.54,1.73
2012.11.02 09:15:22.400,1.24097,1.24113,2.10,1.73
2012.11.02 09:15:22.677,1.24099,1.24117,1.54,2.08
2012.11.02 09:15:23.205,1.24099,1.24117,1.54,2.29
2012.11.02 09:15:24.863,1.24097,1.24115,3.04,3.00
2012.11.02 09:15:25.043,1.24096,1.24113,1.73,2.29
2012.11.02 09:15:25.404,1.24092,1.24111,3.04,1.73
2012.11.02 09:15:26.505,1.24094,1.24107,1.50,1.54
2012.11.02 09:15:27.054,1.24094,1.24107,2.25,1.54
2012.11.02 09:15:27.246,1.24093,1.24111,3.23,3.02
2012.11.02 09:15:27.373,1.24093,1.24111,3.23,2.27
2012.11.02 09:15:28.287,1.24096,1.24114,1.73,1.89
2012.11.02 09:15:28.358,1.24097,1.24114,2.29,1.33
2012.11.02 09:15:28.664,1.24099,1.24114,1.73,1.73
2012.11.02 09:15:29.343,1.24098,1.24116,2.48,2.48
2012.11.02 09:15:29.523,1.24098,1.24114,2.48,1.73
2012.11.02 09:15:31.612,1.24099,1.24116,1.73,1.73
2012.11.02 09:15:32.265,1.24099,1.24114,1.73,1.73
2012.11.02 09:15:32.878,1.24099,1.24115,1.73,1.73
2012.11.02 09:15:32.944,1.24098,1.24115,2.48,1.73
2012.11.02 09:15:33.307,1.24104,1.24114,1.73,1.50
2012.11.02 09:15:33.495,1.241,1.24107,1.50,2.07
2012.11.02 09:15:33.564,1.241,1.24107,1.50,2.29
2012.11.02 09:15:33.934,1.24095,1.24107,1.50,2.29
2012.11.02 09:15:34.054,1.24093,1.24107,1.73,2.29
2012.11.02 09:15:34.595,1.24091,1.24107,2.48,1.54
2012.11.02 09:15:35.147,1.24091,1.24108,2.48,1.54
2012.11.02 09:15:35.454,1.24095,1.24112,3.04,1.52
2012.11.02 09:15:35.983,1.24095,1.2411,2.07,2.48
2012.11.02 09:15:36.284,1.24092,1.24105,1.50,1.54
2012.11.02 09:15:36.583,1.24086,1.24104,2.48,1.73
2012.11.02 09:15:37.034,1.24085,1.24103,1.54,2.48
2012.11.02 09:15:37.696,1.24086,1.24104,2.48,1.73
2012.11.02 09:15:38.003,1.24091,1.24106,1.32,1.52
2012.11.02 09:15:38.246,1.24093,1.24109,1.54,1.73
2012.11.02 09:15:39.333,1.24091,1.24109,2.29,3.23
2012.11.02 09:15:40.007,1.24091,1.24109,1.54,1.73
2012.11.02 09:15:41.113,1.24091,1.24109,1.54,1.50
2012.11.02 09:15:41.238,1.24091,1.24109,1.54,1.73
2012.11.02 09:15:43.334,1.24093,1.2411,1.54,1.50
2012.11.02 09:15:43.454,1.24093,1.24109,1.54,1.73
2012.11.02 09:15:44.086,1.24092,1.24111,2.29,2.29
2012.11.02 09:15:45.735,1.24096,1.24113,1.54,2.25
2012.11.02 09:15:46.967,1.24095,1.24113,1.54,2.48
2012.11.02 09:15:47.510,1.24094,1.24113,2.63,3.23
2012.11.02 09:15:48.499,1.24096,1.24113,1.54,2.48
2012.11.02 09:15:49.149,1.24096,1.24113,1.54,2.48
2012.11.02 09:15:53.046,1.24094,1.24113,2.10,3.23
2012.11.02 09:15:53.125,1.24094,1.24113,2.10,3.23
2012.11.02 09:15:53.363,1.24094,1.24109,1.35,1.73
2012.11.02 09:15:53.423,1.24093,1.24107,1.54,1.32
2012.11.02 09:15:53.725,1.24093,1.24107,1.32,1.54
2012.11.02 09:15:54.083,1.24093,1.24109,1.73,3.57
2012.11.02 09:15:54.635,1.24092,1.24109,1.73,3.79
2012.11.02 09:15:55.255,1.24092,1.2411,2.29,1.73
2012.11.02 09:15:57.724,1.24096,1.24111,1.54,2.25
2012.11.02 09:15:58.357,1.24097,1.2411,1.32,1.73
2012.11.02 09:15:58.858,1.24097,1.24113,1.54,3.04
2012.11.02 09:15:58.931,1.24097,1.24111,1.54,3.98
2012.11.02 09:15:59.254,1.2409,1.24106,2.04,3.00
2012.11.02 09:15:59.380,1.2409,1.241,1.54,1.32
2012.11.02 09:15:59.515,1.24085,1.241,1.13,2.85
2012.11.02 09:15:59.585,1.2408,1.24099,2.48,1.54
2012.11.02 09:16:02.413,1.24078,1.24096,1.54,1.73
2012.11.02 09:16:02.619,1.24076,1.24092,2.48,1.32
2012.11.02 09:16:02.695,1.24076,1.24092,1.73,1.54
2012.11.02 09:16:03.024,1.24076,1.24091,1.50,2.29
2012.11.02 09:16:03.264,1.24076,1.2409,1.50,1.73
2012.11.02 09:16:03.564,1.24073,1.24091,1.54,2.29
2012.11.02 09:16:06.645,1.24071,1.24088,2.29,1.73
2012.11.02 09:16:06.963,1.24072,1.24087,1.73,1.50
2012.11.02 09:16:07.330,1.24072,1.2409,2.48,2.29
2012.11.02 09:16:07.863,1.24075,1.2409,1.73,3.98
2012.11.02 09:16:08.412,1.24071,1.24087,2.48,1.32
2012.11.02 09:16:08.924,1.24075,1.24089,1.73,1.35
2012.11.02 09:16:09.243,1.24075,1.2409,1.73,1.54
2012.11.02 09:16:11.057,1.24079,1.24094,1.32,2.27
2012.11.02 09:16:11.363,1.24079,1.24096,1.54,1.52
2012.11.02 09:16:11.663,1.24076,1.24093,2.48,1.54
2012.11.02 09:16:12.204,1.24077,1.24093,1.50,1.54
2012.11.02 09:16:12.523,1.2408,1.24093,1.73,1.32
2012.11.02 09:16:12.823,1.24077,1.24093,1.73,1.32
2012.11.02 09:16:13.126,1.24076,1.24091,1.50,1.54
2012.11.02 09:16:13.264,1.24076,1.24091,1.50,1.54
2012.11.02 09:16:13.815,1.24073,1.2409,1.54,1.73
2012.11.02 09:16:16.180,1.24074,1.2409,2.48,2.29
2012.11.02 09:16:19.753,1.24074,1.24091,1.73,1.73
2012.11.02 09:16:20.863,1.24074,1.24091,1.73,1.73
2012.11.02 09:16:25.203,1.24073,1.2409,2.48,1.54
2012.11.02 09:16:25.383,1.24073,1.24087,1.73,3.23
2012.11.02 09:16:25.923,1.24071,1.2409,1.73,2.29
2012.11.02 09:16:26.164,1.24072,1.2409,1.73,1.54
2012.11.02 09:16:26.223,1.24072,1.2409,1.73,2.10
2012.11.02 09:16:26.344,1.24072,1.2409,1.73,1.54
2012.11.02 09:16:26.873,1.24076,1.24091,1.32,2.29
2012.11.02 09:16:27.424,1.24071,1.24086,2.48,1.32
2012.11.02 09:16:27.545,1.24074,1.24086,1.32,1.54
2012.11.02 09:16:28.094,1.24069,1.24086,1.73,2.29
2012.11.02 09:16:29.014,1.2407,1.24086,2.48,1.54
2012.11.02 09:16:29.563,1.24072,1.24086,1.73,1.54
2012.11.02 09:16:31.603,1.24072,1.24088,1.73,1.54
2012.11.02 09:16:32.164,1.24072,1.24089,3.04,1.73
2012.11.02 09:16:33.783,1.24072,1.24085,1.73,1.32
2012.11.02 09:16:34.235,1.24072,1.24085,1.50,1.54
2012.11.02 09:16:34.313,1.24072,1.24086,1.73,4.54
2012.11.02 09:16:35.326,1.24071,1.24086,1.73,2.10
2012.11.02 09:16:35.574,1.24069,1.24085,1.73,1.54
2012.11.02 09:16:41.354,1.24069,1.24086,2.48,1.73
2012.11.02 09:16:41.477,1.24076,1.2409,1.32,1.33
2012.11.02 09:16:41.544,1.24077,1.2409,1.73,1.11
2012.11.02 09:16:41.844,1.24078,1.24096,2.10,1.54
2012.11.02 09:16:42.397,1.24079,1.24097,3.08,1.54
2012.11.02 09:16:56.633,1.24079,1.24094,1.54,2.07
2012.11.02 09:16:56.814,1.24078,1.24094,1.54,2.29
2012.11.02 09:16:57.233,1.24074,1.24089,2.07,1.54
2012.11.02 09:16:57.663,1.24073,1.24089,1.50,1.54
2012.11.02 09:16:57.784,1.24074,1.2409,1.73,1.35
2012.11.02 09:16:57.963,1.24077,1.24092,2.25,1.54
2012.11.02 09:16:58.024,1.24078,1.24093,1.73,1.33
2012.11.02 09:16:58.144,1.24078,1.24094,3.23,1.52
2012.11.02 09:16:58.264,1.24078,1.24095,3.23,1.52
2012.11.02 09:16:58.744,1.24078,1.24092,2.48,1.50
2012.11.02 09:16:59.106,1.24077,1.24094,3.23,1.73
2012.11.02 09:17:00.084,1.24077,1.24092,1.73,1.35
2012.11.02 09:17:00.626,1.24078,1.24092,1.73,1.13
2012.11.02 09:17:01.643,1.24078,1.24095,1.73,2.64
2012.11.02 09:17:02.255,1.24078,1.24095,1.73,1.54
2012.11.02 09:17:11.814,1.2408,1.24095,1.73,1.54
2012.11.02 09:17:12.704,1.24079,1.24095,3.23,1.54
2012.11.02 09:17:14.325,1.24079,1.24091,2.48,2.07
2012.11.02 09:17:14.633,1.24076,1.24088,1.73,3.00
2012.11.02 09:17:14.934,1.24075,1.24086,1.32,1.54
2012.11.02 09:17:15.735,1.24071,1.24087,2.48,1.35
2012.11.02 09:17:16.034,1.24073,1.24089,1.73,2.29
2012.11.02 09:17:16.574,1.24071,1.24089,3.23,2.48
2012.11.02 09:17:17.606,1.24073,1.2409,1.73,2.29
2012.11.02 09:17:19.417,1.24073,1.2409,1.73,2.29
2012.11.02 09:17:19.784,1.24071,1.24087,2.48,2.48
2012.11.02 09:17:20.143,1.24072,1.24089,1.50,1.73
2012.11.02 09:17:20.502,1.24072,1.24089,1.50,1.73
2012.11.02 09:17:20.744,1.24073,1.2409,1.73,2.29
2012.11.02 09:17:21.293,1.24076,1.2409,1.73,1.54
2012.11.02 09:17:22.743,1.24076,1.24093,1.73,2.29
2012.11.02 09:17:23.252,1.24076,1.24091,1.73,1.73
2012.11.02 09:17:23.445,1.24074,1.2409,1.54,1.73
2012.11.02 09:17:23.804,1.24074,1.24089,1.32,1.73
2012.11.02 09:17:24.903,1.24073,1.24086,1.73,1.50
2012.11.02 09:17:24.964,1.24073,1.24086,1.50,1.73
2012.11.02 09:17:25.024,1.24073,1.2409,1.50,1.73
2012.11.02 09:17:25.263,1.24073,1.2409,1.73,1.73
2012.11.02 09:17:25.323,1.24073,1.2409,1.73,1.73
2012.11.02 09:17:25.443,1.24073,1.2409,1.73,1.73
2012.11.02 09:17:25.563,1.24073,1.24092,1.73,2.83
2012.11.02 09:17:27.465,1.24078,1.24093,1.32,3.58
2012.11.02 09:17:27.774,1.24078,1.24093,1.54,1.11
2012.11.02 09:17:28.015,1.24078,1.24093,2.29,1.52
2012.11.02 09:17:28.083,1.24078,1.24093,1.54,2.27
2012.11.02 09:17:28.145,1.24078,1.24093,1.32,3.02
2012.11.02 09:17:29.613,1.24075,1.24091,1.54,1.73
2012.11.02 09:17:31.293,1.24074,1.24094,3.04,2.29
2012.11.02 09:17:33.102,1.24077,1.24092,1.54,2.25
2012.11.02 09:17:33.284,1.24077,1.24093,1.54,1.73
2012.11.02 09:17:36.495,1.24076,1.24092,1.54,1.50
2012.11.02 09:17:37.025,1.24076,1.24093,1.54,1.73
2012.11.02 09:17:42.039,1.24076,1.24091,1.54,1.50
2012.11.02 09:17:42.363,1.24074,1.24089,1.54,1.50
2012.11.02 09:17:42.424,1.24074,1.24091,1.54,1.73
2012.11.02 09:17:43.024,1.24075,1.24091,1.73,1.73
2012.11.02 09:17:43.325,1.24074,1.2409,1.54,1.73
2012.11.02 09:17:43.583,1.24074,1.24093,3.04,1.73
2012.11.02 09:17:43.644,1.24074,1.24093,3.04,1.73
2012.11.02 09:17:46.313,1.24079,1.24093,3.23,1.73
2012.11.02 09:17:46.615,1.24079,1.24097,3.23,3.58
2012.11.02 09:17:46.686,1.24079,1.24097,3.23,3.58
2012.11.02 09:17:47.673,1.2408,1.24096,1.35,1.73
2012.11.02 09:17:50.053,1.24078,1.24093,1.54,1.50
2012.11.02 09:17:50.374,1.24078,1.24091,1.54,1.50
2012.11.02 09:17:50.434,1.24077,1.24091,1.35,1.50
2012.11.02 09:17:50.982,1.24077,1.24094,2.10,1.73
2012.11.02 09:17:51.575,1.24077,1.24091,2.10,1.50
2012.11.02 09:17:51.935,1.24074,1.24087,2.29,1.50
2012.11.02 09:17:52.113,1.24071,1.24087,1.73,2.48
2012.11.02 09:17:52.714,1.24075,1.24089,2.10,1.52
2012.11.02 09:17:52.835,1.24076,1.2409,1.32,1.52
2012.11.02 09:17:53.193,1.24076,1.24092,1.54,1.52
2012.11.02 09:17:53.253,1.24076,1.24093,2.29,1.73
2012.11.02 09:17:53.440,1.24076,1.24093,1.54,2.48
2012.11.02 09:17:55.254,1.24072,1.24088,1.73,1.73
2012.11.02 09:17:55.433,1.24071,1.24088,2.29,2.48
2012.11.02 09:17:57.224,1.24073,1.24088,1.50,2.29
2012.11.02 09:17:57.284,1.24075,1.24088,1.73,2.29
