2012.11.12 14:00:00.234,1.21861,1.2188,3.04,1.73
2012.11.12 14:00:00.295,1.21861,1.2188,3.04,1.73
2012.11.12 14:00:03.304,1.21864,1.21881,2.48,1.54
2012.11.12 14:00:03.808,1.21863,1.2188,1.73,1.54
2012.11.12 14:00:05.025,1.21866,1.21881,1.73,1.54
2012.11.12 14:00:05.584,1.21865,1.21881,1.73,1.54
2012.11.12 14:00:06.494,1.21862,1.21879,3.04,1.73
2012.11.12 14:00:06.724,1.21865,1.21882,1.73,1.54
2012.11.12 14:00:07.264,1.21863,1.2188,1.73,2.07
2012.11.12 14:00:07.324,1.21864,1.21883,1.73,3.98
2012.11.12 14:00:07.445,1.21866,1.21884,1.73,1.92
2012.11.12 14:00:07.564,1.21865,1.21883,2.29,1.32
2012.11.12 14:00:08.094,1.21867,1.21884,1.73,1.69
2012.11.12 14:00:08.636,1.21868,1.21886,1.73,1.54
2012.11.12 14:00:09.726,1.21872,1.21887,1.32,2.10
2012.11.12 14:00:10.144,1.2187,1.21889,1.54,3.23
2012.11.12 14:00:25.425,1.21869,1.21888,1.73,2.29
2012.11.12 14:00:27.805,1.21871,1.21888,1.50,2.29
2012.11.12 14:00:30.435,1.21872,1.21888,1.50,1.54
2012.11.12 14:00:30.744,1.21874,1.21893,2.29,2.29
2012.11.12 14:00:35.764,1.21875,1.21893,1.73,1.54
2012.11.12 14:00:44.175,1.21881,1.21893,1.50,1.54
2012.11.12 14:00:44.475,1.21885,1.219,1.54,1.50
2012.11.12 14:00:44.978,1.21885,1.21902,2.29,1.73
2012.11.12 14:00:46.094,1.21886,1.21904,1.54,2.48
2012.11.12 14:00:46.276,1.21886,1.21904,1.54,2.25
2012.11.12 14:00:46.396,1.21885,1.21902,3.98,2.48
2012.11.12 14:00:46.454,1.21885,1.21902,3.98,3.23
2012.11.12 14:00:47.594,1.21885,1.21902,3.98,3.23
2012.11.12 14:00:47.714,1.21885,1.21902,1.54,2.48
2012.11.12 14:00:47.954,1.21885,1.21902,1.54,3.23
2012.11.12 14:00:48.814,1.21885,1.21902,1.54,2.48
2012.11.12 14:00:51.943,1.21884,1.21902,1.54,2.48
2012.11.12 14:00:59.448,1.21885,1.21902,1.54,1.73
2012.11.12 14:01:08.525,1.21884,1.219,1.54,1.50
2012.11.12 14:01:09.034,1.21884,1.21902,1.54,1.73
2012.11.12 14:01:23.692,1.21884,1.21892,1.50,1.32
2012.11.12 14:01:23.994,1.21874,1.21892,2.29,1.54
2012.11.12 14:01:24.297,1.21877,1.21892,1.73,1.54
2012.11.12 14:01:25.335,1.21877,1.21892,1.73,1.54
2012.11.12 14:01:26.105,1.21875,1.21889,1.73,3.75
2012.11.12 14:01:26.285,1.21871,1.21887,1.73,1.54
2012.11.12 14:01:26.406,1.21871,1.21884,1.73,3.00
2012.11.12 14:01:26.586,1.21869,1.21881,1.50,1.32
2012.11.12 14:01:26.826,1.21868,1.21881,1.73,1.32
2012.11.12 14:01:27.064,1.21869,1.21881,1.50,1.32
2012.11.12 14:01:27.244,1.21867,1.21881,2.48,1.32
2012.11.12 14:01:27.804,1.21867,1.21881,3.23,1.32
2012.11.12 14:01:31.236,1.21869,1.21884,1.50,4.54
2012.11.12 14:01:33.365,1.21873,1.21884,3.00,1.35
2012.11.12 14:01:33.605,1.21875,1.2189,1.73,1.32
2012.11.12 14:01:33.784,1.21873,1.2189,1.73,1.54
2012.11.12 14:01:33.845,1.21876,1.21891,1.32,1.73
2012.11.12 14:01:34.025,1.21876,1.21893,1.54,1.50
2012.11.12 14:01:37.956,1.21875,1.21894,2.29,2.29
2012.11.12 14:01:45.895,1.21876,1.21893,2.48,1.54
2012.11.12 14:01:46.440,1.21877,1.21893,1.73,1.32
2012.11.12 14:01:52.656,1.21875,1.21894,2.29,1.54
2012.11.12 14:01:53.164,1.21876,1.21895,2.29,1.32
2012.11.12 14:01:53.756,1.21878,1.21896,1.54,1.50
2012.11.12 14:01:56.236,1.2188,1.21898,2.48,1.54
2012.11.12 14:01:56.596,1.21878,1.21896,1.54,2.48
2012.11.12 14:01:56.717,1.21878,1.21895,1.54,1.73
2012.11.12 14:02:01.397,1.21877,1.21894,2.48,1.54
2012.11.12 14:02:01.459,1.21878,1.21894,1.73,1.32
2012.11.12 14:02:02.784,1.21881,1.21899,1.54,1.54
2012.11.12 14:02:04.136,1.21879,1.21899,3.04,2.29
2012.11.12 14:02:04.374,1.21879,1.21895,2.29,1.50
2012.11.12 14:02:04.436,1.21879,1.21895,1.54,2.48
2012.11.12 14:02:04.676,1.21881,1.21895,2.07,2.48
2012.11.12 14:02:05.034,1.21881,1.21899,1.54,1.32
2012.11.12 14:02:06.266,1.21887,1.219,1.50,1.54
2012.11.12 14:02:06.808,1.21888,1.21905,1.32,2.48
2012.11.12 14:02:07.005,1.21888,1.21905,1.54,2.48
2012.11.12 14:02:07.145,1.21888,1.21905,1.54,2.48
2012.11.12 14:02:08.645,1.21886,1.21905,2.29,3.04
2012.11.12 14:02:08.775,1.21886,1.21905,2.29,3.04
2012.11.12 14:02:09.841,1.21884,1.21903,2.29,1.73
2012.11.12 14:02:09.986,1.2188,1.21896,1.54,1.73
2012.11.12 14:02:10.524,1.21879,1.21897,2.29,2.48
2012.11.12 14:02:10.707,1.21879,1.21898,2.29,2.48
2012.11.12 14:02:10.774,1.21879,1.21898,2.29,2.25
2012.11.12 14:02:10.896,1.2188,1.21899,1.54,1.73
2012.11.12 14:02:11.435,1.2188,1.21898,1.73,1.54
2012.11.12 14:02:12.485,1.21881,1.21898,1.54,1.73
2012.11.12 14:02:14.954,1.2188,1.21898,1.54,2.48
2012.11.12 14:02:15.255,1.21879,1.21896,1.73,2.29
2012.11.12 14:02:15.774,1.21879,1.21896,1.73,3.04
2012.11.12 14:02:16.426,1.21879,1.21895,1.73,1.50
2012.11.12 14:02:16.665,1.21878,1.21894,1.54,1.50
2012.11.12 14:02:17.664,1.21877,1.21894,1.54,2.25
2012.11.12 14:02:18.484,1.21877,1.21894,1.73,1.50
2012.11.12 14:02:18.796,1.21873,1.21892,1.54,1.50
2012.11.12 14:02:19.096,1.21866,1.21884,2.48,2.29
2012.11.12 14:02:19.824,1.21869,1.21886,2.29,1.50
2012.11.12 14:02:21.226,1.2187,1.21886,2.29,1.50
2012.11.12 14:02:22.695,1.21871,1.21886,1.54,1.50
2012.11.12 14:02:23.054,1.21875,1.2189,2.48,1.32
2012.11.12 14:02:23.176,1.21879,1.21891,1.54,1.50
2012.11.12 14:02:23.734,1.21879,1.21895,1.54,1.64
2012.11.12 14:02:25.171,1.21879,1.21895,1.54,1.50
2012.11.12 14:02:25.417,1.21876,1.21891,3.23,1.50
2012.11.12 14:02:25.671,1.21876,1.21891,3.23,2.48
2012.11.12 14:02:26.568,1.21872,1.2189,1.54,1.54
2012.11.12 14:02:28.324,1.21871,1.21886,1.73,1.13
2012.11.12 14:02:28.929,1.2187,1.21887,1.73,1.13
2012.11.12 14:02:29.674,1.21869,1.21886,3.04,1.88
2012.11.12 14:02:30.105,1.21869,1.21883,2.29,1.50
2012.11.12 14:02:30.224,1.21869,1.21886,3.04,1.88
2012.11.12 14:02:37.015,1.2187,1.21887,1.73,1.13
2012.11.12 14:02:37.565,1.2187,1.21886,1.73,1.13
2012.11.12 14:02:38.775,1.21872,1.21887,1.54,1.50
2012.11.12 14:02:39.265,1.21873,1.2189,1.54,2.25
2012.11.12 14:02:42.226,1.21873,1.21888,1.54,1.13
2012.11.12 14:02:42.345,1.21873,1.21888,1.54,1.13
2012.11.12 14:02:42.974,1.21872,1.2189,1.73,1.50
2012.11.12 14:02:44.704,1.21872,1.2189,1.73,1.80
2012.11.12 14:02:47.325,1.21874,1.21892,1.73,2.29
2012.11.12 14:02:48.734,1.21874,1.21892,2.48,4.73
2012.11.12 14:02:49.045,1.21871,1.21889,1.73,1.54
2012.11.12 14:02:49.347,1.21871,1.2188,2.48,1.32
2012.11.12 14:02:49.585,1.21871,1.21886,2.48,2.29
2012.11.12 14:02:49.645,1.21871,1.21887,2.29,1.73
2012.11.12 14:02:49.887,1.21871,1.2189,3.79,2.48
2012.11.12 14:02:50.295,1.21871,1.2189,4.54,2.25
2012.11.12 14:02:50.627,1.21873,1.21887,1.73,2.07
2012.11.12 14:02:50.986,1.21872,1.21887,1.73,3.04
2012.11.12 14:02:51.286,1.21871,1.21886,1.73,2.63
2012.11.12 14:02:51.407,1.21869,1.21886,2.48,2.85
2012.11.12 14:02:51.524,1.21869,1.21885,2.48,1.88
2012.11.12 14:02:51.824,1.21869,1.21885,1.73,1.13
2012.11.12 14:02:53.505,1.21867,1.21884,2.29,2.25
2012.11.12 14:02:54.055,1.21867,1.21883,3.04,1.73
2012.11.12 14:02:54.614,1.21867,1.21885,2.29,2.48
2012.11.12 14:02:56.414,1.21866,1.21883,2.48,1.73
2012.11.12 14:02:57.084,1.21864,1.21882,3.04,1.50
2012.11.12 14:02:57.377,1.21864,1.21882,3.04,2.25
2012.11.12 14:02:58.086,1.21864,1.21882,3.04,2.25
2012.11.12 14:02:58.265,1.21865,1.21875,2.25,1.50
2012.11.12 14:02:58.324,1.21865,1.21875,2.48,1.50
2012.11.12 14:02:58.384,1.21865,1.21878,2.48,1.50
2012.11.12 14:02:58.444,1.21864,1.21882,1.54,1.73
2012.11.12 14:03:00.394,1.21868,1.21887,2.48,1.54
2012.11.12 14:03:00.455,1.2187,1.21887,1.73,1.54
2012.11.12 14:03:00.515,1.2187,1.21887,1.73,1.54
2012.11.12 14:03:00.575,1.2187,1.21887,1.73,1.54
2012.11.12 14:03:05.075,1.2187,1.21887,1.73,2.29
2012.11.12 14:03:09.194,1.2187,1.21887,3.23,1.54
2012.11.12 14:03:09.254,1.21869,1.21886,1.73,1.73
2012.11.12 14:03:13.804,1.21871,1.21886,1.50,1.73
2012.11.12 14:03:18.725,1.21867,1.21885,1.54,1.73
2012.11.12 14:03:18.845,1.21867,1.21881,1.54,1.35
2012.11.12 14:03:19.165,1.21864,1.21875,1.80,1.54
2012.11.12 14:03:19.924,1.21864,1.21875,1.50,1.54
2012.11.12 14:03:20.044,1.21861,1.21875,1.50,1.54
2012.11.12 14:03:21.146,1.21855,1.21874,3.49,2.48
2012.11.12 14:03:21.384,1.21855,1.21874,4.54,2.03
2012.11.12 14:03:29.725,1.21856,1.21875,1.73,2.67
2012.11.12 14:03:30.675,1.21856,1.21875,1.73,2.29
2012.11.12 14:03:31.224,1.21857,1.21875,1.73,2.29
2012.11.12 14:03:31.765,1.21855,1.21874,2.29,1.73
2012.11.12 14:03:39.305,1.21855,1.21874,2.29,1.90
2012.11.12 14:03:39.426,1.21858,1.21874,1.73,1.15
2012.11.12 14:03:39.605,1.21859,1.21875,1.73,1.54
2012.11.12 14:03:39.725,1.21856,1.21873,1.73,1.50
2012.11.12 14:03:39.785,1.21856,1.21873,1.73,1.73
2012.11.12 14:03:39.856,1.21856,1.21873,1.73,1.73
2012.11.12 14:03:40.035,1.21856,1.21874,2.25,1.73
2012.11.12 14:03:40.154,1.21857,1.21875,1.73,2.29
2012.11.12 14:03:40.585,1.21859,1.21875,1.32,1.73
2012.11.12 14:03:40.704,1.21859,1.21876,1.54,2.48
2012.11.12 14:03:41.584,1.21857,1.21875,2.48,1.54
2012.11.12 14:03:41.765,1.21855,1.21873,2.29,1.54
2012.11.12 14:03:44.446,1.21856,1.21875,3.23,1.54
2012.11.12 14:03:44.804,1.21859,1.21876,1.73,3.98
2012.11.12 14:03:46.056,1.21861,1.21876,1.73,3.00
2012.11.12 14:03:46.114,1.21861,1.2188,2.29,2.48
2012.11.12 14:03:49.356,1.21861,1.21877,1.54,1.13
2012.11.12 14:03:49.715,1.2186,1.21869,3.00,1.50
2012.11.12 14:03:49.774,1.2186,1.21876,3.23,2.63
2012.11.12 14:03:50.375,1.2186,1.21873,3.23,1.50
2012.11.12 14:03:50.775,1.2186,1.21869,3.23,1.50
2012.11.12 14:03:50.960,1.2186,1.21875,3.23,1.32
2012.11.12 14:03:51.670,1.2186,1.21874,3.23,1.69
2012.11.12 14:03:52.875,1.21859,1.21874,3.23,1.50
2012.11.12 14:03:52.998,1.21859,1.21874,3.23,2.25
2012.11.12 14:03:53.066,1.21859,1.21873,3.23,1.73
2012.11.12 14:03:53.186,1.21859,1.21871,3.23,1.50
2012.11.12 14:03:53.305,1.21859,1.21871,3.23,1.50
2012.11.12 14:03:53.668,1.21859,1.21872,3.00,1.73
2012.11.12 14:03:53.735,1.21859,1.21872,3.23,1.50
2012.11.12 14:03:54.267,1.21857,1.21874,1.73,2.29
2012.11.12 14:03:58.499,1.21855,1.21872,2.29,1.73
2012.11.12 14:03:59.058,1.21855,1.21871,1.54,1.50
2012.11.12 14:03:59.185,1.21857,1.21872,1.73,1.73
2012.11.12 14:03:59.665,1.21855,1.21872,1.54,1.73
2012.11.12 14:03:59.966,1.21856,1.21873,2.29,2.48
2012.11.12 14:04:00.505,1.21855,1.21872,2.29,1.50
2012.11.12 14:04:00.626,1.21855,1.21872,2.29,2.48
2012.11.12 14:04:01.286,1.21856,1.21865,1.54,1.50
2012.11.12 14:04:01.346,1.21856,1.21869,1.54,1.50
2012.11.12 14:04:01.405,1.21856,1.21871,1.54,1.50
2012.11.12 14:04:01.925,1.21856,1.21872,1.54,3.23
2012.11.12 14:04:01.984,1.21856,1.21872,1.54,2.48
2012.11.12 14:04:02.347,1.21855,1.21872,1.54,2.48
2012.11.12 14:04:03.145,1.21855,1.21873,1.54,2.48
2012.11.12 14:04:06.235,1.21856,1.21874,1.73,1.35
2012.11.12 14:04:06.757,1.21856,1.21874,1.73,1.35
2012.11.12 14:04:07.256,1.21855,1.21873,2.29,1.73
2012.11.12 14:04:09.096,1.2186,1.21874,1.32,2.10
2012.11.12 14:04:09.158,1.2186,1.21874,2.29,1.88
2012.11.12 14:04:11.467,1.21858,1.21874,1.54,1.35
2012.11.12 14:04:11.735,1.21857,1.21874,1.73,1.92
2012.11.12 14:04:17.935,1.21858,1.21874,3.98,1.35
2012.11.12 14:04:18.055,1.2186,1.21874,1.54,1.13
2012.11.12 14:04:20.605,1.2186,1.21875,1.54,2.10
2012.11.12 14:04:21.144,1.21858,1.21876,3.98,2.48
2012.11.12 14:04:21.505,1.21857,1.21874,1.73,1.54
2012.11.12 14:04:22.959,1.21855,1.21871,2.48,3.75
2012.11.12 14:04:23.097,1.21855,1.2187,1.50,1.54
2012.11.12 14:04:24.654,1.21855,1.21871,2.07,1.73
2012.11.12 14:04:24.714,1.21856,1.21871,1.32,1.73
2012.11.12 14:04:24.835,1.21856,1.21873,2.29,2.48
2012.11.12 14:04:26.024,1.21857,1.21873,1.73,1.73
2012.11.12 14:04:26.205,1.21856,1.21873,2.29,1.50
2012.11.12 14:04:26.716,1.21856,1.21873,1.54,1.73
2012.11.12 14:04:27.486,1.21856,1.21873,1.54,1.73
2012.11.12 14:04:28.025,1.21856,1.21873,1.54,1.73
2012.11.12 14:04:28.326,1.21859,1.21873,3.75,1.73
2012.11.12 14:04:28.565,1.21861,1.21876,2.29,1.11
2012.11.12 14:04:28.685,1.21861,1.21876,2.29,1.34
2012.11.12 14:04:30.358,1.21862,1.21875,1.54,1.73
2012.11.12 14:04:30.425,1.21861,1.21875,1.54,1.73
2012.11.12 14:04:31.944,1.2186,1.21876,1.73,1.73
2012.11.12 14:04:32.125,1.2186,1.21877,1.73,1.73
2012.11.12 14:04:33.914,1.21858,1.21877,1.73,3.04
2012.11.12 14:04:34.096,1.21855,1.21875,2.29,3.04
2012.11.12 14:04:34.974,1.21855,1.21872,2.29,1.73
2012.11.12 14:04:35.094,1.21855,1.21873,2.29,1.73
2012.11.12 14:04:35.647,1.21855,1.21872,2.29,1.73
2012.11.12 14:04:36.774,1.21855,1.21873,2.29,1.73
2012.11.12 14:04:39.835,1.21859,1.21875,3.98,3.23
2012.11.12 14:04:40.016,1.21862,1.21876,1.54,1.50
2012.11.12 14:04:40.135,1.21862,1.21879,1.54,2.48
2012.11.12 14:04:40.674,1.21862,1.21878,1.54,1.73
2012.11.12 14:04:42.904,1.21862,1.21879,1.54,3.23
2012.11.12 14:04:45.293,1.2186,1.21878,1.73,3.23
2012.11.12 14:04:45.595,1.21856,1.21875,1.73,2.29
2012.11.12 14:04:46.535,1.21855,1.21871,2.29,1.73
2012.11.12 14:04:46.775,1.21855,1.21874,2.29,3.08
2012.11.12 14:04:47.516,1.21855,1.21874,3.04,1.73
2012.11.12 14:04:49.405,1.21861,1.21876,1.32,2.48
2012.11.12 14:04:49.525,1.21862,1.21879,1.32,3.98
2012.11.12 14:04:49.585,1.21862,1.21879,1.54,2.48
2012.11.12 14:04:50.256,1.21862,1.21879,1.54,1.73
2012.11.12 14:04:50.794,1.21863,1.2188,1.73,2.29
2012.11.12 14:04:51.326,1.21863,1.2188,1.73,2.29
2012.11.12 14:04:52.384,1.21863,1.2188,1.73,2.29
2012.11.12 14:04:53.284,1.21862,1.2188,1.54,2.29
2012.11.12 14:05:03.296,1.21863,1.2188,2.48,2.07
2012.11.12 14:05:04.066,1.21863,1.2188,2.48,2.29
2012.11.12 14:05:07.835,1.21864,1.21881,1.54,2.33
2012.11.12 14:05:08.195,1.21857,1.21874,3.04,2.48
2012.11.12 14:05:08.494,1.21857,1.21874,3.04,2.48
2012.11.12 14:05:10.795,1.21857,1.21874,1.54,1.73
2012.11.12 14:05:11.317,1.21857,1.21873,1.54,1.50
2012.11.12 14:05:11.375,1.21857,1.21872,1.54,2.25
2012.11.12 14:05:11.496,1.21857,1.21873,1.54,1.50
2012.11.12 14:05:13.376,1.21858,1.21873,1.54,1.50
2012.11.12 14:05:13.885,1.21858,1.21874,2.29,2.10
2012.11.12 14:05:16.065,1.21858,1.21874,2.29,2.10
2012.11.12 14:05:22.897,1.21858,1.21874,1.54,2.85
2012.11.12 14:05:23.305,1.21858,1.21874,1.54,2.48
2012.11.12 14:05:25.246,1.21858,1.21874,1.54,2.48
2012.11.12 14:05:25.965,1.21858,1.21874,1.54,2.48
2012.11.12 14:05:26.364,1.21858,1.21874,1.54,2.48
2012.11.12 14:05:31.184,1.21858,1.21874,1.54,2.48
2012.11.12 14:05:31.627,1.21858,1.21871,1.54,1.50
2012.11.12 14:05:31.985,1.21854,1.21871,2.48,1.73
2012.11.12 14:05:32.045,1.21854,1.21871,1.73,1.73
2012.11.12 14:05:32.175,1.21852,1.21871,1.92,1.73
2012.11.12 14:05:35.206,1.21854,1.21872,1.50,2.29
2012.11.12 14:05:35.387,1.21851,1.21867,1.92,1.73
2012.11.12 14:05:35.928,1.21854,1.21868,1.32,1.73
2012.11.12 14:05:36.055,1.21853,1.21869,1.32,1.73
2012.11.12 14:05:36.237,1.21853,1.21868,1.54,1.50
2012.11.12 14:05:36.896,1.21853,1.21868,1.92,1.50
2012.11.12 14:05:37.905,1.21854,1.21867,1.54,2.25
2012.11.12 14:05:38.709,1.21854,1.21868,1.54,1.50
2012.11.12 14:05:39.735,1.21854,1.21867,1.54,2.25
2012.11.12 14:05:39.856,1.21854,1.21869,1.54,1.50
2012.11.12 14:05:40.547,1.21854,1.21873,1.73,2.76
2012.11.12 14:05:40.617,1.21858,1.21873,1.32,1.45
2012.11.12 14:05:40.856,1.21859,1.21875,2.29,2.82
2012.11.12 14:05:40.986,1.21859,1.21877,2.29,1.54
2012.11.12 14:05:43.585,1.2186,1.21879,2.48,1.32
2012.11.12 14:05:43.886,1.21865,1.21882,1.54,2.48
2012.11.12 14:05:45.924,1.21865,1.21882,1.54,3.59
2012.11.12 14:05:46.487,1.21863,1.2188,1.54,1.50
2012.11.12 14:05:46.613,1.21863,1.21881,1.54,1.50
2012.11.12 14:05:47.343,1.21863,1.21881,1.54,1.50
2012.11.12 14:05:47.704,1.21862,1.21877,3.23,1.50
2012.11.12 14:05:48.185,1.21862,1.21876,3.23,1.13
2012.11.12 14:05:48.265,1.21862,1.21876,3.23,1.13
2012.11.12 14:05:48.964,1.21862,1.21876,3.23,1.13
2012.11.12 14:05:52.405,1.21862,1.21874,3.98,1.50
2012.11.12 14:05:53.099,1.21862,1.21876,3.98,1.88
2012.11.12 14:05:53.977,1.21862,1.21874,3.98,2.25
2012.11.12 14:05:54.514,1.21862,1.21874,3.98,1.50
2012.11.12 14:05:54.876,1.2186,1.21876,1.54,2.10
2012.11.12 14:05:55.195,1.2186,1.21876,1.54,3.60
2012.11.12 14:05:55.373,1.2186,1.21876,1.54,2.85
2012.11.12 14:05:55.963,1.2186,1.21875,1.54,1.50
2012.11.12 14:05:56.600,1.2186,1.21875,1.54,1.50
2012.11.12 14:05:57.754,1.21863,1.21875,3.00,1.50
2012.11.12 14:05:58.113,1.21864,1.21882,1.54,2.48
2012.11.12 14:05:58.173,1.21864,1.21881,1.54,1.50
2012.11.12 14:05:58.293,1.21864,1.21882,1.54,1.73
2012.11.12 14:05:59.874,1.21863,1.21881,3.98,1.50
2012.11.12 14:06:00.113,1.21863,1.21881,3.98,1.50
2012.11.12 14:06:00.173,1.21863,1.21882,3.98,3.23
2012.11.12 14:06:00.343,1.21863,1.21882,3.98,3.98
2012.11.12 14:06:00.873,1.21863,1.21881,3.98,1.50
2012.11.12 14:06:01.173,1.21866,1.21883,1.54,2.48
2012.11.12 14:06:01.713,1.21864,1.21882,1.54,1.73
2012.11.12 14:06:03.473,1.21866,1.21885,2.29,2.48
2012.11.12 14:06:05.216,1.21867,1.21886,2.29,2.48
2012.11.12 14:06:09.327,1.21867,1.21886,2.29,3.23
2012.11.12 14:06:09.754,1.21867,1.21884,1.54,1.50
2012.11.12 14:06:10.362,1.21867,1.21884,2.29,1.50
2012.11.12 14:06:11.228,1.21867,1.21884,2.29,1.73
2012.11.12 14:06:13.654,1.21867,1.21884,1.54,2.48
2012.11.12 14:06:23.924,1.21865,1.21881,1.54,1.50
2012.11.12 14:06:24.414,1.21865,1.21881,1.54,1.73
2012.11.12 14:06:30.094,1.21865,1.21883,1.32,1.73
2012.11.12 14:06:30.847,1.21863,1.21877,1.50,1.73
2012.11.12 14:06:31.185,1.21861,1.21871,1.13,2.85
2012.11.12 14:06:31.544,1.21861,1.21868,1.13,1.73
2012.11.12 14:06:31.845,1.21859,1.21867,1.13,1.73
2012.11.12 14:06:32.085,1.21853,1.21868,1.17,2.40
2012.11.12 14:06:32.205,1.21852,1.21868,1.98,3.15
2012.11.12 14:06:32.455,1.21851,1.21868,3.23,3.15
2012.11.12 14:06:33.014,1.21849,1.21868,1.73,3.04
2012.11.12 14:06:33.544,1.21848,1.21864,1.54,1.50
2012.11.12 14:06:34.084,1.2185,1.21869,2.29,2.10
2012.11.12 14:06:34.520,1.2185,1.21869,2.29,2.48
2012.11.12 14:06:35.415,1.21854,1.21868,1.73,1.50
2012.11.12 14:06:35.715,1.21857,1.21874,3.23,1.73
2012.11.12 14:06:36.594,1.21857,1.21873,3.23,1.73
2012.11.12 14:06:36.654,1.21854,1.21873,1.73,2.29
2012.11.12 14:06:36.835,1.21852,1.21871,3.79,1.73
2012.11.12 14:06:37.076,1.21853,1.2187,2.29,2.85
2012.11.12 14:06:37.435,1.21858,1.21872,3.23,1.50
2012.11.12 14:06:37.635,1.21858,1.21875,3.23,1.73
2012.11.12 14:06:37.995,1.21859,1.21873,1.54,2.25
2012.11.12 14:06:38.054,1.21859,1.21873,1.54,1.50
2012.11.12 14:06:47.406,1.21855,1.21872,4.73,2.25
2012.11.12 14:06:47.585,1.21856,1.21871,3.23,1.50
2012.11.12 14:06:47.647,1.21856,1.21872,3.23,1.73
2012.11.12 14:06:48.004,1.2186,1.21877,1.73,1.54
2012.11.12 14:06:48.126,1.2186,1.21877,1.73,1.92
2012.11.12 14:06:48.664,1.21865,1.2188,3.00,3.23
2012.11.12 14:06:49.025,1.21865,1.21881,3.23,1.50
2012.11.12 14:06:49.338,1.21863,1.21875,3.00,1.73
2012.11.12 14:06:49.715,1.21865,1.21874,3.00,1.73
2012.11.12 14:06:50.324,1.21861,1.21875,1.73,1.73
2012.11.12 14:06:51.712,1.21866,1.2188,2.29,1.50
2012.11.12 14:06:51.964,1.21866,1.21884,2.29,3.23
2012.11.12 14:06:52.025,1.21867,1.21884,3.98,3.00
2012.11.12 14:06:52.575,1.21869,1.21885,1.54,2.48
2012.11.12 14:06:55.505,1.21871,1.21887,3.98,1.73
2012.11.12 14:06:56.112,1.21872,1.21889,1.54,1.35
2012.11.12 14:06:56.728,1.21873,1.21889,1.54,1.35
2012.11.12 14:07:01.834,1.21872,1.2189,1.54,1.92
2012.11.12 14:07:02.354,1.2187,1.21886,1.54,1.50
2012.11.12 14:07:02.716,1.21866,1.21884,1.73,2.29
2012.11.12 14:07:02.834,1.21866,1.21884,1.73,2.29
2012.11.12 14:07:03.395,1.21863,1.21881,1.54,1.73
2012.11.12 14:07:12.054,1.21862,1.21879,3.04,1.73
2012.11.12 14:07:13.734,1.21859,1.21878,3.04,1.73
2012.11.12 14:07:15.744,1.21859,1.21877,1.54,1.73
2012.11.12 14:07:16.044,1.21858,1.21874,2.29,2.25
2012.11.12 14:07:16.226,1.21859,1.21874,1.50,1.54
2012.11.12 14:07:16.284,1.21857,1.21872,1.73,1.50
2012.11.12 14:07:16.404,1.21855,1.21872,2.29,2.48
2012.11.12 14:07:18.675,1.21852,1.21862,4.73,1.50
2012.11.12 14:07:18.796,1.21852,1.21869,4.73,1.35
2012.11.12 14:07:19.105,1.21855,1.21869,1.54,1.13
2012.11.12 14:07:19.465,1.21861,1.21878,1.54,1.73
2012.11.12 14:07:19.583,1.21861,1.21878,1.54,1.73
2012.11.12 14:07:19.704,1.21863,1.21879,1.54,5.25
2012.11.12 14:07:19.885,1.2186,1.21878,3.23,2.48
2012.11.12 14:07:20.004,1.2186,1.21878,3.23,1.73
2012.11.12 14:07:20.124,1.21861,1.21878,1.54,1.73
2012.11.12 14:07:20.544,1.21861,1.21878,1.54,1.73
2012.11.12 14:07:20.663,1.21861,1.21878,1.54,2.48
2012.11.12 14:07:20.784,1.21861,1.21878,1.54,1.73
2012.11.12 14:07:20.904,1.21861,1.21877,1.54,1.73
2012.11.12 14:07:21.265,1.21861,1.21878,1.54,2.48
2012.11.12 14:07:21.325,1.2186,1.21876,3.23,1.73
2012.11.12 14:07:21.864,1.2186,1.21877,3.23,1.73
2012.11.12 14:07:22.614,1.2186,1.21878,3.23,1.73
2012.11.12 14:07:24.264,1.21861,1.21877,1.54,1.50
2012.11.12 14:07:24.700,1.2186,1.21877,3.23,2.48
2012.11.12 14:07:24.768,1.2186,1.21877,3.23,2.48
2012.11.12 14:07:24.834,1.21861,1.21877,1.54,1.73
2012.11.12 14:07:25.193,1.2186,1.21877,3.98,1.50
2012.11.12 14:07:25.314,1.2186,1.21877,3.23,2.48
2012.11.12 14:07:25.734,1.2186,1.21875,3.23,1.50
2012.11.12 14:07:25.854,1.2186,1.21875,3.23,1.73
2012.11.12 14:07:25.974,1.2186,1.21875,3.23,1.50
2012.11.12 14:07:26.094,1.2186,1.21875,3.23,1.73
2012.11.12 14:07:26.333,1.2186,1.21875,3.23,1.50
2012.11.12 14:07:26.523,1.2186,1.21877,3.23,2.48
2012.11.12 14:07:26.763,1.21859,1.21875,3.23,1.50
2012.11.12 14:07:26.884,1.2186,1.21875,1.54,1.73
2012.11.12 14:07:27.183,1.21859,1.21876,3.98,1.50
2012.11.12 14:07:27.483,1.21859,1.21876,4.73,1.73
2012.11.12 14:07:35.633,1.21859,1.21876,1.54,1.73
2012.11.12 14:07:37.075,1.21858,1.21874,1.54,1.13
2012.11.12 14:07:37.375,1.21857,1.21871,3.98,1.58
2012.11.12 14:07:37.916,1.2186,1.21876,1.54,1.73
2012.11.12 14:07:38.933,1.2186,1.21874,1.54,1.50
2012.11.12 14:07:38.994,1.21857,1.2187,3.98,1.50
2012.11.12 14:07:39.354,1.21857,1.2187,3.00,1.73
2012.11.12 14:07:39.834,1.21857,1.21872,3.23,3.00
2012.11.12 14:07:39.954,1.21857,1.21872,3.00,1.73
2012.11.12 14:07:40.134,1.21855,1.21872,1.73,2.29
2012.11.12 14:07:40.433,1.21856,1.21872,3.23,2.48
2012.11.12 14:07:40.873,1.21853,1.21872,1.54,2.48
2012.11.12 14:07:41.174,1.21857,1.21873,1.73,1.54
2012.11.12 14:07:41.923,1.21857,1.21874,1.73,1.54
2012.11.12 14:07:42.164,1.21859,1.21877,1.54,2.33
2012.11.12 14:07:42.344,1.21858,1.21874,3.23,1.50
2012.11.12 14:07:42.653,1.21853,1.21872,3.98,1.73
2012.11.12 14:07:43.429,1.21858,1.21874,3.23,2.85
2012.11.12 14:07:43.501,1.21855,1.21872,1.73,2.10
2012.11.12 14:07:44.045,1.21854,1.21871,1.54,1.35
2012.11.12 14:07:45.013,1.21853,1.21869,1.54,1.35
2012.11.12 14:07:45.629,1.21853,1.21869,1.54,1.35
2012.11.12 14:07:46.164,1.21854,1.2187,1.54,1.73
2012.11.12 14:07:46.345,1.21855,1.2187,1.73,1.50
2012.11.12 14:07:46.584,1.21855,1.21873,1.73,1.50
2012.11.12 14:07:46.705,1.21855,1.21874,2.48,1.54
2012.11.12 14:07:46.945,1.21855,1.21874,2.48,2.29
2012.11.12 14:07:51.403,1.21855,1.21874,2.48,1.54
2012.11.12 14:07:58.974,1.21856,1.21875,1.73,1.54
2012.11.12 14:07:59.307,1.21856,1.21875,1.73,2.29
2012.11.12 14:07:59.495,1.21856,1.21875,1.73,2.29
2012.11.12 14:07:59.554,1.21856,1.21873,1.73,1.54
2012.11.12 14:07:59.744,1.21856,1.21873,1.73,1.54
2012.11.12 14:08:00.103,1.21857,1.21875,1.32,2.29
2012.11.12 14:08:00.585,1.21857,1.21875,1.54,2.29
2012.11.12 14:08:00.734,1.21856,1.21875,2.29,3.04
2012.11.12 14:08:01.294,1.21857,1.21874,1.54,2.48
2012.11.12 14:08:01.414,1.21857,1.21874,1.54,1.73
2012.11.12 14:08:02.736,1.21855,1.21872,2.48,1.54
2012.11.12 14:08:03.334,1.21854,1.21871,1.54,1.50
2012.11.12 14:08:03.454,1.21853,1.21868,1.73,1.73
2012.11.12 14:08:03.516,1.21851,1.21868,1.73,1.73
2012.11.12 14:08:04.173,1.21849,1.21867,1.54,3.23
2012.11.12 14:08:04.706,1.21849,1.21867,1.54,3.23
2012.11.12 14:08:10.163,1.21849,1.21867,1.54,2.48
2012.11.12 14:08:14.064,1.21848,1.21865,2.29,1.73
2012.11.12 14:08:14.735,1.21849,1.21865,1.54,1.73
2012.11.12 14:08:15.145,1.21849,1.21865,1.54,1.73
2012.11.12 14:08:15.323,1.2185,1.21865,1.54,1.73
2012.11.12 14:08:15.384,1.21849,1.21864,1.54,1.73
2012.11.12 14:08:16.166,1.21849,1.21864,1.54,1.50
2012.11.12 14:08:16.295,1.21849,1.21865,1.54,1.73
2012.11.12 14:08:16.714,1.21849,1.21865,2.29,1.73
2012.11.12 14:08:16.835,1.21849,1.21865,1.54,1.73
2012.11.12 14:08:17.374,1.2185,1.21865,1.50,1.73
2012.11.12 14:08:17.550,1.2185,1.21865,1.73,1.73
2012.11.12 14:08:17.985,1.21846,1.21865,3.98,2.48
2012.11.12 14:08:18.104,1.21844,1.21861,1.73,1.54
2012.11.12 14:08:18.225,1.21844,1.21861,2.48,1.54
2012.11.12 14:08:18.525,1.21848,1.21865,2.29,2.48
2012.11.12 14:08:19.144,1.21851,1.21865,3.00,1.73
2012.11.12 14:08:19.443,1.21853,1.21867,1.73,2.07
2012.11.12 14:08:19.517,1.2185,1.21867,1.50,1.54
2012.11.12 14:08:19.643,1.2185,1.21867,1.50,1.54
2012.11.12 14:08:19.905,1.2185,1.21867,1.73,1.54
2012.11.12 14:08:20.263,1.2185,1.21869,3.00,3.98
2012.11.12 14:08:20.383,1.2185,1.21869,3.23,3.98
2012.11.12 14:08:20.505,1.2185,1.21869,3.00,3.98
2012.11.12 14:08:20.943,1.21851,1.21869,1.54,1.54
2012.11.12 14:08:21.306,1.2185,1.21868,1.54,1.73
2012.11.12 14:08:21.844,1.21851,1.21869,1.32,2.29
2012.11.12 14:08:22.256,1.21854,1.21871,1.32,2.48
2012.11.12 14:08:22.322,1.21855,1.21872,1.54,1.73
2012.11.12 14:08:22.864,1.21855,1.21872,1.54,1.73
2012.11.12 14:08:22.923,1.21855,1.21872,1.54,1.73
2012.11.12 14:08:23.044,1.21855,1.21872,1.54,2.48
2012.11.12 14:08:34.156,1.21854,1.21871,1.54,1.73
2012.11.12 14:08:34.215,1.21852,1.21867,1.73,2.44
2012.11.12 14:08:34.455,1.21846,1.21861,1.73,1.32
2012.11.12 14:08:34.515,1.21846,1.21861,1.50,1.54
2012.11.12 14:08:34.874,1.21847,1.21861,1.73,1.32
2012.11.12 14:08:35.493,1.21847,1.21861,1.50,1.54
2012.11.12 14:08:36.340,1.21845,1.21861,1.73,1.54
2012.11.12 14:08:36.464,1.21846,1.21861,2.48,1.54
2012.11.12 14:08:39.959,1.21853,1.21861,1.50,1.32
2012.11.12 14:08:40.265,1.21862,1.21869,4.73,1.50
2012.11.12 14:08:40.324,1.21865,1.21875,2.29,2.40
2012.11.12 14:08:40.504,1.21864,1.2188,1.54,1.20
2012.11.12 14:08:40.565,1.21862,1.2188,3.98,2.93
2012.11.12 14:08:40.744,1.2186,1.21877,2.48,1.24
2012.11.12 14:08:41.047,1.21859,1.21877,1.54,1.54
2012.11.12 14:08:41.573,1.21857,1.21875,2.29,1.73
2012.11.12 14:08:42.374,1.21858,1.21874,3.23,1.50
2012.11.12 14:08:43.117,1.21858,1.21876,3.23,3.23
2012.11.12 14:08:43.665,1.21858,1.21876,1.54,2.48
2012.11.12 14:08:44.177,1.21858,1.21876,1.54,1.73
2012.11.12 14:08:44.684,1.21861,1.21878,1.73,1.54
2012.11.12 14:08:44.744,1.21863,1.2188,1.73,4.73
2012.11.12 14:08:44.863,1.21861,1.21879,1.54,2.29
2012.11.12 14:08:45.494,1.21861,1.21877,1.54,1.73
2012.11.12 14:08:45.964,1.21858,1.21875,3.23,1.73
2012.11.12 14:08:47.664,1.21857,1.21873,1.54,1.73
2012.11.12 14:08:48.196,1.21857,1.21874,1.54,1.73
2012.11.12 14:08:51.044,1.21857,1.21873,1.54,1.73
2012.11.12 14:08:51.605,1.21857,1.21874,1.54,1.73
2012.11.12 14:08:56.484,1.21855,1.21874,3.98,2.48
2012.11.12 14:08:56.784,1.21855,1.21872,4.73,1.50
2012.11.12 14:08:57.023,1.21855,1.21873,4.73,2.48
2012.11.12 14:08:57.559,1.21855,1.21873,4.73,1.50
2012.11.12 14:08:57.829,1.21856,1.21874,2.29,1.73
2012.11.12 14:08:58.767,1.21856,1.21874,4.73,1.73
2012.11.12 14:08:59.454,1.21856,1.21874,3.98,1.73
2012.11.12 14:09:01.236,1.21856,1.21873,1.54,1.73
2012.11.12 14:09:02.780,1.21855,1.21872,2.29,1.50
2012.11.12 14:09:03.085,1.21855,1.21873,2.29,1.73
2012.11.12 14:09:03.454,1.21855,1.21873,2.29,1.73
2012.11.12 14:09:03.889,1.21856,1.21874,1.54,1.73
2012.11.12 14:09:04.254,1.21855,1.21872,2.29,1.50
2012.11.12 14:09:05.125,1.21856,1.21869,1.54,1.50
2012.11.12 14:09:05.244,1.21856,1.21873,1.54,1.73
2012.11.12 14:09:05.424,1.21855,1.21874,5.48,2.48
2012.11.12 14:09:06.984,1.2186,1.21874,1.54,2.48
2012.11.12 14:09:08.354,1.21859,1.21874,1.54,1.73
2012.11.12 14:09:08.893,1.21859,1.21874,1.54,1.73
2012.11.12 14:09:13.574,1.21856,1.21874,3.23,1.73
2012.11.12 14:09:20.304,1.21856,1.21874,1.54,1.73
2012.11.12 14:09:20.494,1.21857,1.21876,1.73,2.29
2012.11.12 14:09:21.118,1.21858,1.21875,1.73,1.73
2012.11.12 14:09:23.866,1.21859,1.21876,1.54,1.73
2012.11.12 14:09:24.225,1.21859,1.21876,2.58,1.50
2012.11.12 14:09:24.583,1.21859,1.21874,1.83,1.50
2012.11.12 14:09:24.884,1.21859,1.21875,1.08,2.25
2012.11.12 14:09:24.945,1.21857,1.21875,4.73,2.48
2012.11.12 14:09:25.005,1.21857,1.21873,4.73,1.50
2012.11.12 14:09:25.375,1.21857,1.21873,4.73,1.50
2012.11.12 14:09:25.684,1.21855,1.21872,3.98,1.54
2012.11.12 14:09:31.210,1.21857,1.21872,1.50,1.54
2012.11.12 14:09:32.664,1.21857,1.21874,2.25,1.54
2012.11.12 14:09:32.725,1.21857,1.21874,2.48,1.54
2012.11.12 14:09:37.207,1.21865,1.21875,3.00,1.73
2012.11.12 14:09:37.504,1.21868,1.2188,2.29,1.88
2012.11.12 14:09:37.964,1.21868,1.21884,1.54,1.73
2012.11.12 14:09:38.264,1.21865,1.21882,1.73,2.29
2012.11.12 14:09:40.733,1.21864,1.21879,1.73,1.73
2012.11.12 14:09:40.974,1.21863,1.21875,1.54,1.50
2012.11.12 14:09:41.335,1.21874,1.21886,1.50,1.65
2012.11.12 14:09:41.462,1.21873,1.21884,1.50,3.00
2012.11.12 14:09:41.644,1.21871,1.21884,1.50,3.23
2012.11.12 14:09:41.884,1.21868,1.21883,1.73,1.54
2012.11.12 14:09:42.386,1.21867,1.21886,1.73,2.29
2012.11.12 14:09:50.384,1.21867,1.21886,1.73,2.29
2012.11.12 14:09:51.322,1.2187,1.21887,2.25,3.98
2012.11.12 14:09:51.384,1.2187,1.21887,2.48,3.98
2012.11.12 14:09:51.983,1.2187,1.21887,1.73,2.29
2012.11.12 14:09:52.703,1.21877,1.2189,3.00,2.82
2012.11.12 14:09:52.764,1.21879,1.2189,1.54,1.84
2012.11.12 14:09:53.305,1.21878,1.21891,1.54,2.59
2012.11.12 14:09:53.904,1.21879,1.21895,1.54,1.35
2012.11.12 14:09:56.405,1.21879,1.21896,1.73,1.73
2012.11.12 14:09:58.605,1.21878,1.21895,1.73,3.98
2012.11.12 14:09:58.726,1.21876,1.21895,2.48,3.98
2012.11.12 14:09:59.229,1.21874,1.21892,1.54,3.04
2012.11.12 14:10:02.104,1.21877,1.21893,3.23,1.73
2012.11.12 14:10:02.284,1.21877,1.21895,3.98,1.73
2012.11.12 14:10:02.856,1.21878,1.21897,1.54,1.73
2012.11.12 14:10:09.174,1.2188,1.21898,1.54,2.29
2012.11.12 14:10:09.737,1.21883,1.21898,1.50,2.29
2012.11.12 14:10:10.115,1.21884,1.219,1.50,3.04
2012.11.12 14:10:10.237,1.21884,1.219,1.73,2.29
2012.11.12 14:10:10.354,1.21882,1.219,1.73,2.29
2012.11.12 14:10:11.054,1.2188,1.21898,3.04,1.54
2012.11.12 14:10:18.144,1.21883,1.219,1.73,1.54
2012.11.12 14:10:18.617,1.21883,1.21898,1.50,1.54
2012.11.12 14:10:18.689,1.21882,1.21896,1.50,1.35
2012.11.12 14:10:19.245,1.21882,1.21893,1.50,1.35
2012.11.12 14:10:19.425,1.21876,1.21893,3.04,2.10
2012.11.12 14:10:21.886,1.21877,1.21893,2.48,1.13
2012.11.12 14:10:22.394,1.21877,1.21894,2.48,1.69
2012.11.12 14:10:22.753,1.21886,1.21897,1.54,1.50
2012.11.12 14:10:23.114,1.21889,1.21903,1.73,2.48
2012.11.12 14:10:23.594,1.21893,1.21905,1.50,3.27
2012.11.12 14:10:23.854,1.21887,1.21904,1.54,1.73
2012.11.12 14:10:24.474,1.21884,1.21902,3.23,1.73
2012.11.12 14:10:25.675,1.21887,1.21905,1.54,2.29
2012.11.12 14:10:25.985,1.2189,1.21906,1.73,1.54
2012.11.12 14:10:26.344,1.21892,1.21907,1.54,1.13
2012.11.12 14:10:26.464,1.2189,1.21907,3.23,1.88
2012.11.12 14:10:26.644,1.21896,1.21909,3.75,1.73
2012.11.12 14:10:26.764,1.21902,1.21915,2.29,1.32
2012.11.12 14:10:27.305,1.21902,1.21917,1.54,1.50
2012.11.12 14:10:28.228,1.21902,1.21919,1.54,2.48
2012.11.12 14:10:28.719,1.21902,1.21918,1.54,1.73
2012.11.12 14:10:29.025,1.21896,1.21913,1.54,2.48
2012.11.12 14:10:36.864,1.21896,1.21913,1.54,2.48
2012.11.12 14:10:44.719,1.21897,1.21913,1.54,2.48
2012.11.12 14:10:44.855,1.21897,1.21913,1.54,2.48
2012.11.12 14:10:46.148,1.21893,1.2191,1.54,1.73
2012.11.12 14:10:46.216,1.21892,1.2191,1.54,1.73
2012.11.12 14:10:46.634,1.21893,1.2191,1.54,1.73
2012.11.12 14:10:47.804,1.21893,1.2191,1.54,1.73
2012.11.12 14:10:59.805,1.21896,1.21912,1.50,1.73
2012.11.12 14:11:00.108,1.21908,1.21919,2.29,2.03
2012.11.12 14:11:00.415,1.21903,1.21918,1.50,2.33
2012.11.12 14:11:00.476,1.21902,1.21916,1.32,1.73
2012.11.12 14:11:00.656,1.21902,1.21917,2.07,1.73
2012.11.12 14:11:00.715,1.21902,1.21917,2.29,1.13
2012.11.12 14:11:00.774,1.21902,1.21917,2.29,1.35
2012.11.12 14:11:00.955,1.21899,1.21913,1.54,1.50
2012.11.12 14:11:01.135,1.21895,1.21913,1.54,1.73
2012.11.12 14:11:01.685,1.21894,1.21907,3.98,1.50
2012.11.12 14:11:01.865,1.21889,1.21906,1.54,3.60
2012.11.12 14:11:03.555,1.21889,1.21905,1.17,2.48
2012.11.12 14:11:03.796,1.21888,1.21903,1.54,1.73
2012.11.12 14:11:03.857,1.21887,1.21903,1.54,1.73
2012.11.12 14:11:04.340,1.21885,1.21898,1.54,2.10
2012.11.12 14:11:04.655,1.21884,1.21894,1.50,1.54
2012.11.12 14:11:04.775,1.21885,1.21901,1.54,1.73
2012.11.12 14:11:05.445,1.21886,1.21904,2.29,1.54
2012.11.12 14:11:07.448,1.21884,1.21904,3.79,2.29
2012.11.12 14:11:07.575,1.21885,1.21904,1.54,3.04
2012.11.12 14:11:10.622,1.21886,1.21904,1.54,3.21
2012.11.12 14:11:10.866,1.21888,1.21904,3.04,1.32
2012.11.12 14:11:11.177,1.21887,1.21904,1.54,2.29
2012.11.12 14:11:11.536,1.21883,1.21897,3.23,1.50
2012.11.12 14:11:11.609,1.21883,1.21896,3.23,1.73
2012.11.12 14:11:11.796,1.21884,1.21901,1.54,1.50
2012.11.12 14:11:11.976,1.21886,1.21903,1.54,2.87
2012.11.12 14:11:12.156,1.21885,1.21903,1.54,1.37
2012.11.12 14:11:12.515,1.21885,1.21903,1.32,2.12
2012.11.12 14:11:12.817,1.21885,1.21903,1.54,1.73
2012.11.12 14:11:13.331,1.21885,1.21903,1.54,1.65
2012.11.12 14:11:13.898,1.21885,1.21903,1.54,1.73
2012.11.12 14:11:14.455,1.21883,1.21903,2.29,2.29
2012.11.12 14:11:14.577,1.21883,1.21902,1.54,1.73
2012.11.12 14:11:14.917,1.21885,1.21903,1.50,2.89
2012.11.12 14:11:15.526,1.21882,1.219,2.29,1.54
2012.11.12 14:11:15.586,1.21882,1.219,2.29,1.54
2012.11.12 14:11:16.269,1.21883,1.219,1.73,1.54
2012.11.12 14:11:16.343,1.21888,1.21905,2.29,1.73
2012.11.12 14:11:16.587,1.21889,1.21908,2.29,2.89
2012.11.12 14:11:16.896,1.21901,1.21908,1.35,1.50
2012.11.12 14:11:16.957,1.21901,1.21908,1.35,1.50
2012.11.12 14:11:17.075,1.21896,1.21907,1.88,1.73
2012.11.12 14:11:17.256,1.21895,1.21909,1.32,2.48
2012.11.12 14:11:17.375,1.21895,1.21909,1.54,2.48
2012.11.12 14:11:17.435,1.21892,1.21909,3.98,2.48
2012.11.12 14:11:17.497,1.21894,1.21911,3.04,2.48
2012.11.12 14:11:18.036,1.21894,1.21912,1.54,1.73
2012.11.12 14:11:18.476,1.21893,1.2191,1.50,1.54
2012.11.12 14:11:18.716,1.21895,1.21912,3.23,1.73
2012.11.12 14:11:18.956,1.21889,1.21908,3.23,1.54
2012.11.12 14:11:19.076,1.21889,1.21908,2.48,2.29
2012.11.12 14:11:19.136,1.21889,1.21907,2.25,1.73
2012.11.12 14:11:19.256,1.21891,1.21909,3.23,2.48
2012.11.12 14:11:19.377,1.21891,1.21909,3.23,1.73
2012.11.12 14:11:19.872,1.21891,1.21906,3.23,1.50
2012.11.12 14:11:20.066,1.21891,1.21908,3.23,2.85
2012.11.12 14:11:20.126,1.21891,1.21908,3.23,2.10
2012.11.12 14:11:20.655,1.21891,1.21905,3.00,1.73
2012.11.12 14:11:20.895,1.21887,1.21904,2.10,1.73
2012.11.12 14:11:20.955,1.21887,1.21904,1.54,2.48
2012.11.12 14:11:26.857,1.21891,1.21905,3.75,2.48
2012.11.12 14:11:26.990,1.21891,1.21905,4.73,1.50
2012.11.12 14:11:27.235,1.21891,1.21907,5.48,1.50
2012.11.12 14:11:27.365,1.21891,1.21908,5.48,1.73
2012.11.12 14:11:27.907,1.21892,1.21911,1.54,3.23
2012.11.12 14:11:28.026,1.21892,1.21911,1.54,3.98
2012.11.12 14:11:28.144,1.21891,1.2191,4.73,1.73
2012.11.12 14:11:28.265,1.21891,1.2191,4.73,1.73
2012.11.12 14:11:28.626,1.21892,1.21911,1.54,2.48
2012.11.12 14:11:28.865,1.21892,1.2191,1.54,1.73
2012.11.12 14:11:28.986,1.21892,1.21909,1.54,1.73
2012.11.12 14:11:29.105,1.21893,1.21911,1.54,2.48
2012.11.12 14:11:29.225,1.21892,1.21911,1.54,3.23
2012.11.12 14:11:29.466,1.21894,1.21911,3.23,2.48
2012.11.12 14:11:29.846,1.21894,1.21911,3.23,2.48
2012.11.12 14:11:30.145,1.21894,1.21911,3.23,1.73
2012.11.12 14:11:32.448,1.21894,1.21907,3.23,1.50
2012.11.12 14:11:32.725,1.2189,1.21904,1.54,1.73
2012.11.12 14:11:33.264,1.21888,1.21905,1.54,2.48
2012.11.12 14:11:35.180,1.21889,1.21906,1.54,1.73
2012.11.12 14:11:35.367,1.21887,1.21906,3.98,3.98
2012.11.12 14:11:35.615,1.21887,1.21904,3.23,1.73
2012.11.12 14:11:36.270,1.21888,1.21906,2.10,2.48
2012.11.12 14:11:36.337,1.2189,1.21906,3.23,2.48
2012.11.12 14:11:36.825,1.21896,1.21909,3.00,1.73
2012.11.12 14:11:36.946,1.21896,1.2191,3.00,1.73
2012.11.12 14:11:37.425,1.21896,1.21912,3.23,1.73
2012.11.12 14:11:38.307,1.21894,1.21912,1.54,1.73
2012.11.12 14:11:40.585,1.21894,1.21911,1.54,1.35
2012.11.12 14:11:41.126,1.21891,1.21906,3.23,1.73
2012.11.12 14:11:43.557,1.21888,1.21906,1.35,3.23
2012.11.12 14:11:47.158,1.21889,1.21907,1.54,1.73
2012.11.12 14:11:47.466,1.21889,1.21905,1.54,1.73
2012.11.12 14:11:49.126,1.21889,1.21905,1.54,2.48
2012.11.12 14:11:49.626,1.21889,1.21906,1.54,1.73
2012.11.12 14:11:50.405,1.2189,1.21905,1.73,1.50
2012.11.12 14:11:50.766,1.2189,1.21907,1.73,2.48
2012.11.12 14:11:50.946,1.21888,1.21903,2.29,1.50
2012.11.12 14:11:51.254,1.21889,1.21908,1.73,2.29
2012.11.12 14:11:55.155,1.21895,1.21909,3.00,1.73
2012.11.12 14:11:55.514,1.21895,1.21913,3.23,2.48
2012.11.12 14:11:57.185,1.21893,1.21912,1.73,3.98
2012.11.12 14:11:57.306,1.21892,1.2191,1.54,1.54
2012.11.12 14:12:04.665,1.219,1.2191,3.00,1.50
2012.11.12 14:12:04.785,1.21903,1.21917,1.54,2.10
2012.11.12 14:12:04.845,1.21902,1.21917,1.54,1.35
2012.11.12 14:12:05.624,1.21899,1.21916,1.73,1.32
2012.11.12 14:12:05.745,1.21898,1.21914,1.73,1.73
2012.11.12 14:12:06.396,1.21897,1.21914,2.29,2.48
2012.11.12 14:12:14.335,1.21901,1.21914,3.00,2.48
2012.11.12 14:12:14.576,1.21898,1.21916,2.29,2.82
2012.11.12 14:12:14.754,1.21897,1.21914,2.29,2.48
2012.11.12 14:12:15.294,1.21894,1.21913,4.65,1.73
2012.11.12 14:12:16.605,1.21896,1.21914,2.29,1.50
2012.11.12 14:12:17.614,1.21899,1.21916,1.73,4.17
2012.11.12 14:12:17.674,1.21902,1.21916,3.98,3.60
2012.11.12 14:12:17.975,1.21899,1.21916,1.54,2.85
2012.11.12 14:12:18.996,1.21897,1.21908,1.54,1.50
2012.11.12 14:12:19.235,1.21894,1.21907,3.60,1.50
2012.11.12 14:12:19.565,1.21894,1.2191,3.60,3.23
2012.11.12 14:12:20.106,1.21892,1.21911,1.54,3.23
2012.11.12 14:12:25.915,1.21895,1.21911,2.29,1.73
2012.11.12 14:12:26.584,1.21895,1.21912,1.54,1.73
2012.11.12 14:12:26.705,1.21895,1.21913,1.54,1.73
2012.11.12 14:12:26.945,1.21896,1.21914,3.04,2.85
2012.11.12 14:12:28.565,1.21899,1.21916,1.73,1.54
2012.11.12 14:12:28.686,1.21897,1.21914,3.04,1.73
2012.11.12 14:12:29.046,1.21898,1.21915,1.54,1.73
2012.11.12 14:12:35.857,1.21902,1.21915,1.54,1.73
2012.11.12 14:12:36.097,1.21902,1.21921,2.29,3.68
2012.11.12 14:12:36.296,1.219,1.21917,2.29,1.50
2012.11.12 14:12:36.356,1.219,1.21917,1.32,1.73
2012.11.12 14:12:37.194,1.21897,1.21914,1.54,1.73
2012.11.12 14:12:37.435,1.219,1.21915,1.50,1.73
2012.11.12 14:12:37.675,1.21902,1.21918,1.73,1.54
2012.11.12 14:12:37.795,1.21902,1.21918,1.50,1.54
2012.11.12 14:12:38.035,1.21902,1.21918,1.73,1.54
2012.11.12 14:12:38.096,1.21902,1.21921,1.73,3.23
2012.11.12 14:12:38.215,1.21902,1.21921,1.73,3.23
2012.11.12 14:12:38.660,1.21905,1.21922,1.54,1.73
2012.11.12 14:12:39.424,1.21902,1.2192,1.54,1.73
2012.11.12 14:12:39.484,1.21903,1.2192,1.54,1.73
2012.11.12 14:12:42.075,1.21906,1.2192,1.54,1.73
2012.11.12 14:12:42.194,1.21904,1.21923,1.54,2.48
2012.11.12 14:12:42.565,1.21905,1.21919,1.54,1.50
2012.11.12 14:12:42.745,1.21906,1.21923,1.54,2.48
2012.11.12 14:12:42.926,1.21906,1.21924,1.54,1.73
2012.11.12 14:12:43.647,1.21906,1.21926,2.29,3.42
2012.11.12 14:12:44.925,1.21911,1.21926,3.98,2.48
2012.11.12 14:12:45.281,1.21912,1.21927,1.54,1.13
2012.11.12 14:12:45.585,1.21912,1.21924,1.54,1.50
2012.11.12 14:12:45.956,1.21911,1.2192,3.98,1.50
2012.11.12 14:12:46.200,1.21911,1.21927,3.98,1.88
2012.11.12 14:12:47.636,1.21911,1.21922,4.73,1.50
2012.11.12 14:12:47.815,1.21911,1.21927,3.98,1.13
2012.11.12 14:12:50.790,1.21911,1.21928,3.98,2.10
2012.11.12 14:12:51.775,1.21911,1.21922,3.98,1.50
2012.11.12 14:12:51.912,1.21909,1.21927,1.54,1.88
2012.11.12 14:12:52.038,1.21907,1.21926,1.54,2.48
2012.11.12 14:12:56.495,1.21908,1.21927,1.54,3.60
2012.11.12 14:12:57.955,1.21909,1.21927,1.73,2.10
2012.11.12 14:13:01.683,1.21909,1.21925,3.23,1.73
2012.11.12 14:13:07.544,1.21909,1.21924,3.23,1.73
2012.11.12 14:13:12.265,1.21907,1.21924,1.54,1.73
2012.11.12 14:13:12.426,1.21906,1.21924,1.54,1.73
2012.11.12 14:13:13.760,1.21906,1.21919,1.50,1.54
2012.11.12 14:13:14.065,1.21905,1.21922,1.32,1.41
2012.11.12 14:13:14.607,1.21905,1.2192,1.32,1.58
2012.11.12 14:13:14.737,1.21905,1.2192,1.54,1.58
2012.11.12 14:13:15.525,1.21906,1.21925,1.73,2.29
2012.11.12 14:13:16.466,1.21907,1.21925,1.54,1.73
2012.11.12 14:13:16.974,1.21907,1.21925,1.32,2.48
2012.11.12 14:13:17.805,1.21906,1.21925,1.73,2.29
2012.11.12 14:13:23.581,1.21906,1.21922,1.54,1.73
2012.11.12 14:13:25.085,1.21906,1.21922,1.54,1.73
2012.11.12 14:13:25.567,1.21911,1.21924,1.32,1.73
2012.11.12 14:13:26.345,1.21909,1.21921,3.23,1.73
2012.11.12 14:13:26.815,1.21908,1.21923,1.35,2.48
2012.11.12 14:13:27.408,1.21907,1.21923,1.54,1.73
2012.11.12 14:13:28.335,1.21901,1.21921,3.04,2.29
2012.11.12 14:13:28.875,1.21901,1.21921,3.04,2.29
2012.11.12 14:13:33.246,1.21902,1.2192,1.32,2.29
2012.11.12 14:13:35.311,1.21901,1.21918,1.73,1.54
2012.11.12 14:13:35.677,1.21901,1.21921,2.48,3.98
2012.11.12 14:13:36.435,1.21904,1.21923,1.54,3.23
2012.11.12 14:13:41.166,1.21904,1.21923,1.54,3.23
2012.11.12 14:13:42.914,1.21906,1.21923,1.32,3.23
2012.11.12 14:13:43.427,1.21904,1.21923,2.07,3.23
2012.11.12 14:13:43.932,1.21906,1.21923,1.54,3.23
2012.11.12 14:13:49.574,1.21906,1.21923,1.54,2.48
2012.11.12 14:13:51.136,1.21905,1.21923,2.29,2.48
2012.11.12 14:13:55.445,1.21906,1.21923,1.73,1.73
2012.11.12 14:13:55.506,1.21906,1.21923,1.73,1.73
2012.11.12 14:13:57.845,1.21908,1.21925,2.29,1.73
2012.11.12 14:13:57.905,1.21908,1.21925,3.04,1.73
2012.11.12 14:13:58.086,1.21908,1.21925,3.04,1.73
2012.11.12 14:13:58.624,1.21906,1.21922,1.54,1.73
2012.11.12 14:14:00.145,1.21907,1.21925,1.54,2.48
2012.11.12 14:14:01.535,1.21907,1.21925,1.54,2.48
2012.11.12 14:14:06.216,1.21909,1.21925,1.54,1.73
2012.11.12 14:14:06.344,1.21909,1.21925,1.54,1.73
2012.11.12 14:14:06.648,1.2191,1.21926,1.73,1.50
2012.11.12 14:14:06.787,1.21909,1.21926,2.29,1.50
2012.11.12 14:14:06.905,1.21909,1.21926,2.29,1.50
2012.11.12 14:14:07.025,1.21909,1.21926,1.54,1.50
2012.11.12 14:14:07.695,1.21908,1.21925,2.29,1.73
2012.11.12 14:14:09.437,1.21908,1.21926,1.54,2.29
2012.11.12 14:14:09.497,1.21908,1.21926,1.54,2.29
2012.11.12 14:14:09.857,1.21914,1.21929,3.23,1.73
2012.11.12 14:14:10.045,1.21909,1.21925,1.54,1.73
2012.11.12 14:14:12.595,1.21908,1.21925,1.54,2.48
2012.11.12 14:14:15.645,1.21908,1.21921,1.54,1.50
2012.11.12 14:14:18.216,1.21912,1.21928,3.23,1.73
2012.11.12 14:14:18.276,1.21912,1.21928,3.23,1.50
2012.11.12 14:14:18.516,1.21908,1.2192,1.35,1.50
2012.11.12 14:14:21.405,1.21907,1.2192,1.54,3.75
2012.11.12 14:14:21.647,1.21903,1.21917,3.04,1.50
2012.11.12 14:14:21.845,1.21902,1.21917,1.54,1.73
2012.11.12 14:14:21.965,1.21903,1.2192,1.54,1.50
2012.11.12 14:14:22.086,1.21903,1.21921,2.29,1.50
2012.11.12 14:14:24.292,1.21905,1.21922,1.73,1.50
2012.11.12 14:14:24.363,1.21906,1.21923,1.54,2.07
2012.11.12 14:14:24.430,1.21906,1.21923,1.54,2.07
2012.11.12 14:14:24.636,1.21905,1.21921,2.29,1.50
2012.11.12 14:14:25.115,1.21905,1.21923,2.29,1.32
2012.11.12 14:14:25.238,1.21907,1.21923,1.58,1.32
2012.11.12 14:14:25.676,1.21909,1.21921,3.23,1.50
2012.11.12 14:14:25.798,1.21909,1.21921,3.23,1.73
2012.11.12 14:14:25.925,1.21909,1.21921,3.23,1.50
2012.11.12 14:14:26.046,1.21909,1.21924,3.23,1.50
2012.11.12 14:14:26.346,1.21906,1.21922,1.54,1.73
2012.11.12 14:14:26.645,1.21906,1.21923,1.32,1.73
2012.11.12 14:14:26.825,1.21904,1.21921,3.98,1.50
2012.11.12 14:14:27.345,1.21904,1.21921,3.98,1.50
2012.11.12 14:14:29.735,1.21907,1.21921,1.54,1.50
2012.11.12 14:14:29.916,1.21914,1.21921,1.58,1.50
2012.11.12 14:14:29.979,1.21914,1.21923,1.58,1.50
2012.11.12 14:14:30.046,1.21914,1.21925,1.58,2.07
2012.11.12 14:14:30.165,1.2191,1.21925,1.54,1.32
2012.11.12 14:14:30.285,1.2191,1.21925,1.54,1.32
2012.11.12 14:14:30.645,1.21915,1.21927,3.23,2.25
2012.11.12 14:14:31.074,1.21912,1.21926,1.54,1.50
2012.11.12 14:14:31.315,1.2191,1.21923,2.29,1.50
2012.11.12 14:14:32.445,1.21905,1.21921,2.85,1.50
2012.11.12 14:14:32.505,1.21905,1.21921,2.85,1.73
2012.11.12 14:14:33.045,1.21905,1.21923,2.29,2.29
2012.11.12 14:14:33.705,1.21903,1.2192,1.73,1.54
2012.11.12 14:14:33.765,1.21904,1.21918,1.50,1.73
2012.11.12 14:14:34.210,1.21902,1.21918,1.73,1.73
2012.11.12 14:14:34.455,1.219,1.21918,1.54,1.73
2012.11.12 14:14:34.995,1.21899,1.21918,2.48,1.73
2012.11.12 14:14:36.445,1.21906,1.21919,2.10,1.73
2012.11.12 14:14:36.805,1.21909,1.21921,2.29,1.50
2012.11.12 14:14:36.865,1.21909,1.21925,3.04,2.25
2012.11.12 14:14:36.925,1.21909,1.21926,3.04,2.25
2012.11.12 14:14:37.485,1.21909,1.21925,2.29,1.50
2012.11.12 14:14:39.444,1.21907,1.21925,1.54,1.73
2012.11.12 14:14:39.625,1.21906,1.21923,1.58,1.50
2012.11.12 14:14:40.680,1.21906,1.21923,1.58,1.50
2012.11.12 14:14:41.354,1.21907,1.21923,3.98,1.50
2012.11.12 14:14:41.488,1.21909,1.21924,2.25,1.73
2012.11.12 14:14:41.619,1.21906,1.21923,1.58,1.50
2012.11.12 14:14:41.745,1.21909,1.21925,1.32,1.73
2012.11.12 14:14:41.865,1.21909,1.21925,1.54,1.50
2012.11.12 14:14:42.374,1.21909,1.21926,2.29,2.25
2012.11.12 14:14:42.495,1.21909,1.21924,1.73,1.73
2012.11.12 14:14:51.177,1.21905,1.21922,1.73,1.50
2012.11.12 14:14:52.766,1.21904,1.21922,2.29,1.50
2012.11.12 14:14:53.319,1.21904,1.21921,1.54,1.73
2012.11.12 14:14:53.565,1.21904,1.21923,1.54,2.48
2012.11.12 14:14:53.805,1.21904,1.21923,1.54,2.48
2012.11.12 14:14:54.315,1.21904,1.21923,1.54,2.48
2012.11.12 14:14:57.147,1.21903,1.2192,3.98,1.73
2012.11.12 14:14:57.206,1.21903,1.21921,3.98,1.73
2012.11.12 14:14:57.565,1.21905,1.21922,1.32,2.48
2012.11.12 14:14:57.875,1.21914,1.21925,1.54,1.50
2012.11.12 14:14:57.995,1.21914,1.21928,2.14,1.50
2012.11.12 14:15:01.671,1.21914,1.21932,2.89,2.48
2012.11.12 14:15:06.415,1.21915,1.21932,1.54,2.48
2012.11.12 14:15:06.978,1.21914,1.21933,3.64,2.29
2012.11.12 14:15:11.835,1.21917,1.21934,1.73,2.29
2012.11.12 14:15:12.135,1.21925,1.21934,1.32,1.73
2012.11.12 14:15:12.376,1.21927,1.21943,1.54,1.50
2012.11.12 14:15:12.498,1.21929,1.21945,1.73,1.54
2012.11.12 14:15:13.046,1.21926,1.21945,1.54,2.29
2012.11.12 14:15:22.066,1.21928,1.21945,1.54,1.73
2012.11.12 14:15:26.215,1.21924,1.2194,3.98,1.35
2012.11.12 14:15:26.397,1.21924,1.21941,3.83,2.48
2012.11.12 14:15:26.458,1.21926,1.21943,1.54,3.23
2012.11.12 14:15:26.827,1.21924,1.21943,2.48,1.73
2012.11.12 14:15:27.009,1.21925,1.21944,1.73,1.73
2012.11.12 14:15:27.543,1.21924,1.21943,2.48,1.73
2012.11.12 14:15:28.452,1.21928,1.21943,1.32,1.73
2012.11.12 14:15:28.775,1.21929,1.21946,2.29,1.73
2012.11.12 14:15:29.090,1.21928,1.21943,1.73,3.75
2012.11.12 14:15:29.226,1.21927,1.2194,1.50,1.47
2012.11.12 14:15:29.645,1.21923,1.2194,2.33,2.22
2012.11.12 14:15:29.765,1.21924,1.2194,1.73,1.47
2012.11.12 14:15:30.275,1.21924,1.2194,2.25,1.54
2012.11.12 14:15:30.705,1.21924,1.2194,2.25,1.54
2012.11.12 14:15:31.395,1.21932,1.21943,1.32,2.48
2012.11.12 14:15:31.589,1.21932,1.21946,1.54,1.50
2012.11.12 14:15:31.714,1.21933,1.21947,1.54,1.50
2012.11.12 14:15:34.649,1.21934,1.2195,1.32,1.35
2012.11.12 14:15:35.223,1.21931,1.21947,3.75,1.73
2012.11.12 14:15:35.522,1.2193,1.21947,1.73,2.29
2012.11.12 14:15:36.074,1.2193,1.21947,1.73,2.29
2012.11.12 14:15:36.316,1.21929,1.21947,2.07,3.04
2012.11.12 14:15:38.778,1.21929,1.21946,1.50,1.87
2012.11.12 14:15:39.205,1.21925,1.21943,1.73,1.73
2012.11.12 14:15:40.865,1.21926,1.21942,1.50,1.54
2012.11.12 14:15:41.805,1.21924,1.21942,3.04,1.54
2012.11.12 14:15:42.715,1.21925,1.21942,1.73,1.54
2012.11.12 14:15:43.016,1.21933,1.21946,1.32,1.31
2012.11.12 14:15:43.076,1.21933,1.21949,1.54,2.48
2012.11.12 14:15:43.197,1.21931,1.21947,1.73,1.50
2012.11.12 14:15:43.616,1.21929,1.21947,3.04,1.50
2012.11.12 14:15:44.026,1.21929,1.21947,1.39,2.40
2012.11.12 14:15:44.606,1.21929,1.21947,3.04,1.73
2012.11.12 14:15:45.179,1.21929,1.21945,1.54,1.73
2012.11.12 14:15:45.845,1.21929,1.21945,1.32,1.73
2012.11.12 14:15:46.676,1.21925,1.21941,1.50,1.73
2012.11.12 14:15:46.748,1.21926,1.21943,3.98,1.73
2012.11.12 14:15:46.816,1.21929,1.21947,1.54,1.73
2012.11.12 14:15:52.017,1.2193,1.21947,1.73,1.73
2012.11.12 14:15:52.258,1.21929,1.21943,2.82,1.73
2012.11.12 14:15:52.399,1.2193,1.21942,1.50,1.73
2012.11.12 14:15:52.617,1.21929,1.21947,1.54,1.73
2012.11.12 14:15:53.135,1.21928,1.21947,2.29,1.73
2012.11.12 14:15:59.667,1.21929,1.21946,1.73,1.73
2012.11.12 14:16:00.085,1.21932,1.21948,1.50,1.54
2012.11.12 14:16:00.205,1.21931,1.21947,1.50,1.73
2012.11.12 14:16:00.758,1.21931,1.21948,1.50,1.54
2012.11.12 14:16:00.886,1.2193,1.21947,1.50,1.73
2012.11.12 14:16:01.649,1.2193,1.21947,3.00,1.73
2012.11.12 14:16:01.966,1.21934,1.21947,1.50,1.73
2012.11.12 14:16:02.305,1.21934,1.21947,1.50,1.73
2012.11.12 14:16:02.489,1.21938,1.21948,1.50,1.54
2012.11.12 14:16:02.938,1.21935,1.2195,1.50,2.29
2012.11.12 14:16:03.453,1.21934,1.2195,1.50,2.29
2012.11.12 14:16:03.575,1.21932,1.2195,1.50,2.29
2012.11.12 14:16:05.035,1.21933,1.2195,1.50,2.29
2012.11.12 14:16:05.507,1.21932,1.2195,1.50,2.29
2012.11.12 14:16:08.385,1.21942,1.21952,1.32,1.73
2012.11.12 14:16:08.505,1.21942,1.21955,1.54,3.23
2012.11.12 14:16:08.566,1.21942,1.21955,1.54,1.73
2012.11.12 14:16:08.686,1.21937,1.21952,1.54,3.75
2012.11.12 14:16:08.985,1.21933,1.21949,1.73,2.29
2012.11.12 14:16:09.575,1.21933,1.21949,2.48,1.54
2012.11.12 14:16:20.407,1.21933,1.21951,1.54,2.48
2012.11.12 14:16:21.498,1.21934,1.21952,4.32,1.73
2012.11.12 14:16:21.627,1.21938,1.21952,2.89,1.73
2012.11.12 14:16:21.867,1.21941,1.21958,1.50,2.29
2012.11.12 14:16:21.987,1.21941,1.21958,1.73,1.54
2012.11.12 14:16:22.731,1.21941,1.21958,1.73,1.54
2012.11.12 14:16:28.356,1.21939,1.21959,1.54,2.48
2012.11.12 14:16:30.100,1.21939,1.21958,1.54,1.54
2012.11.12 14:16:33.086,1.21938,1.21957,1.54,1.73
2012.11.12 14:16:33.205,1.21937,1.21953,3.00,1.54
2012.11.12 14:16:33.656,1.21933,1.2195,1.54,1.73
2012.11.12 14:16:34.495,1.21933,1.21952,1.54,5.10
2012.11.12 14:16:34.998,1.21932,1.21948,2.29,1.73
2012.11.12 14:16:35.955,1.21934,1.21949,1.73,1.34
2012.11.12 14:16:36.075,1.21932,1.21949,2.29,1.73
2012.11.12 14:16:36.616,1.21933,1.21952,2.29,1.73
2012.11.12 14:16:37.096,1.2193,1.21948,1.50,1.54
2012.11.12 14:16:43.280,1.21932,1.21948,3.75,1.54
2012.11.12 14:16:43.408,1.21933,1.2195,1.32,2.48
2012.11.12 14:16:43.599,1.21933,1.21951,2.29,1.54
2012.11.12 14:16:44.030,1.21933,1.21947,1.50,1.54
2012.11.12 14:16:44.098,1.21929,1.21947,3.00,1.54
2012.11.12 14:16:44.345,1.21929,1.21947,2.25,3.04
2012.11.12 14:16:52.285,1.21924,1.21944,3.23,3.23
2012.11.12 14:17:01.525,1.21924,1.21943,1.50,4.47
2012.11.12 14:17:01.825,1.21922,1.2194,1.73,3.04
2012.11.12 14:17:02.495,1.21919,1.21933,1.50,1.54
2012.11.12 14:17:02.555,1.21917,1.21934,2.48,1.54
2012.11.12 14:17:27.226,1.21915,1.21933,1.54,3.04
2012.11.12 14:17:31.496,1.21915,1.21933,1.32,3.04
2012.11.12 14:17:31.557,1.21913,1.2193,3.23,1.73
2012.11.12 14:17:33.751,1.21911,1.2193,2.29,1.73
2012.11.12 14:17:36.046,1.21909,1.21926,1.50,2.29
2012.11.12 14:17:41.125,1.21911,1.21928,1.32,1.73
2012.11.12 14:17:41.186,1.21911,1.21928,1.54,1.73
2012.11.12 14:17:43.606,1.21913,1.2193,1.54,1.73
2012.11.12 14:17:43.966,1.21911,1.21924,1.32,1.05
2012.11.12 14:17:44.026,1.21911,1.21925,1.54,1.73
2012.11.12 14:17:44.545,1.21911,1.2193,2.29,2.48
2012.11.12 14:17:47.485,1.21913,1.21932,1.73,2.29
2012.11.12 14:17:47.546,1.21914,1.21932,1.73,1.54
2012.11.12 14:17:49.836,1.21915,1.21933,1.54,2.29
2012.11.12 14:17:52.156,1.21915,1.21934,1.73,2.29
2012.11.12 14:18:06.836,1.21915,1.21931,1.50,1.73
2012.11.12 14:18:07.315,1.21914,1.21931,2.29,1.73
2012.11.12 14:18:07.436,1.21914,1.21931,3.04,1.73
2012.11.12 14:18:07.635,1.21914,1.21931,2.29,1.73
2012.11.12 14:18:13.826,1.21919,1.21932,1.32,1.73
2012.11.12 14:18:13.886,1.21919,1.21934,1.54,1.73
2012.11.12 14:18:14.436,1.21919,1.21935,1.54,1.73
2012.11.12 14:18:18.546,1.21919,1.21935,2.29,1.73
2012.11.12 14:18:18.845,1.21921,1.21938,1.73,1.28
2012.11.12 14:18:18.968,1.21921,1.21939,1.73,2.59
2012.11.12 14:18:40.629,1.21918,1.21935,2.48,1.32
2012.11.12 14:18:40.938,1.21917,1.21931,1.73,3.98
2012.11.12 14:18:41.236,1.21915,1.21932,3.98,1.54
2012.11.12 14:18:41.418,1.2192,1.21933,3.00,1.73
2012.11.12 14:18:41.783,1.21921,1.21939,1.54,2.48
2012.11.12 14:18:42.685,1.21918,1.21938,6.04,1.73
2012.11.12 14:18:43.525,1.2192,1.21935,1.54,1.73
2012.11.12 14:18:43.885,1.21918,1.21935,4.50,1.73
2012.11.12 14:18:45.236,1.21916,1.21934,2.29,2.29
2012.11.12 14:19:00.169,1.21914,1.21931,1.54,1.73
2012.11.12 14:19:00.244,1.21914,1.21928,1.54,1.50
2012.11.12 14:19:00.426,1.21915,1.21934,1.54,1.73
2012.11.12 14:19:01.186,1.21919,1.21936,3.00,1.73
2012.11.12 14:19:01.308,1.21922,1.2194,2.29,3.79
2012.11.12 14:19:01.495,1.21922,1.21937,1.50,3.23
2012.11.12 14:19:01.736,1.21922,1.21938,1.54,1.73
2012.11.12 14:19:03.146,1.21922,1.21938,1.54,1.73
2012.11.12 14:19:28.806,1.21919,1.21935,1.73,1.54
2012.11.12 14:19:29.346,1.21915,1.21934,3.04,2.48
2012.11.12 14:19:30.095,1.21915,1.21933,2.29,2.48
2012.11.12 14:19:30.405,1.21915,1.21926,2.29,1.50
2012.11.12 14:19:30.465,1.21915,1.21932,2.29,1.73
2012.11.12 14:19:30.789,1.21915,1.21929,2.29,1.50
2012.11.12 14:19:31.097,1.21912,1.2193,3.98,1.73
2012.11.12 14:19:31.336,1.21914,1.21932,1.54,1.73
2012.11.12 14:19:33.094,1.21913,1.21931,2.29,2.48
2012.11.12 14:19:33.163,1.21913,1.21932,1.54,1.73
2012.11.12 14:19:34.276,1.21913,1.21931,1.54,2.48
2012.11.12 14:19:34.395,1.21913,1.21932,2.29,1.73
2012.11.12 14:19:34.607,1.21913,1.21931,1.54,1.73
2012.11.12 14:19:35.091,1.21913,1.21931,1.54,1.73
2012.11.12 14:19:36.246,1.21916,1.21933,1.73,2.29
2012.11.12 14:19:36.306,1.21917,1.21935,4.50,2.48
2012.11.12 14:19:36.427,1.2192,1.21937,1.54,2.48
2012.11.12 14:19:36.547,1.21919,1.21932,1.54,1.50
2012.11.12 14:19:36.737,1.2192,1.21937,1.54,1.73
2012.11.12 14:19:39.796,1.21919,1.21936,2.29,1.73
2012.11.12 14:19:39.915,1.21919,1.21936,2.29,1.73
2012.11.12 14:19:40.095,1.21919,1.21936,1.54,1.73
2012.11.12 14:19:40.411,1.21919,1.21936,1.54,1.73
2012.11.12 14:19:48.495,1.2192,1.21938,1.54,3.98
2012.11.12 14:19:52.358,1.2192,1.21936,1.54,1.73
2012.11.12 14:19:54.416,1.21922,1.21937,2.85,1.73
2012.11.12 14:19:54.718,1.21922,1.21939,3.08,1.54
2012.11.12 14:19:55.359,1.21922,1.21942,2.48,4.73
2012.11.12 14:19:57.416,1.21925,1.21944,2.29,2.29
2012.11.12 14:20:16.527,1.21925,1.21942,1.54,1.73
2012.11.12 14:20:18.696,1.21934,1.21945,3.00,1.73
2012.11.12 14:20:18.756,1.21934,1.21946,3.23,1.50
2012.11.12 14:20:18.935,1.21929,1.21948,1.81,3.00
2012.11.12 14:20:19.059,1.21928,1.21947,1.54,2.48
2012.11.12 14:20:25.556,1.2193,1.21947,3.23,1.73
2012.11.12 14:20:25.678,1.2193,1.21949,3.98,2.48
2012.11.12 14:20:25.807,1.2193,1.21948,3.23,2.48
2012.11.12 14:20:31.379,1.21928,1.21944,3.23,2.48
2012.11.12 14:20:31.452,1.21928,1.21942,3.23,1.13
2012.11.12 14:20:31.696,1.21928,1.21941,3.23,2.25
2012.11.12 14:20:32.526,1.21922,1.21939,1.54,1.50
2012.11.12 14:20:32.586,1.21922,1.21939,1.54,1.73
2012.11.12 14:20:32.705,1.21921,1.21939,3.23,2.48
2012.11.12 14:20:33.135,1.21923,1.21939,1.54,1.73
2012.11.12 14:20:33.625,1.21921,1.21938,1.73,1.73
2012.11.12 14:20:33.686,1.2192,1.21938,1.54,1.73
2012.11.12 14:20:33.806,1.21919,1.21936,2.10,1.73
2012.11.12 14:20:34.107,1.21912,1.21929,1.98,1.32
2012.11.12 14:20:34.288,1.21911,1.21929,1.54,2.29
2012.11.12 14:20:37.279,1.21912,1.21929,2.29,1.32
2012.11.12 14:20:37.465,1.21912,1.21931,2.29,2.82
2012.11.12 14:20:37.995,1.21912,1.21929,3.04,1.32
2012.11.12 14:20:38.570,1.21913,1.21928,3.98,1.50
2012.11.12 14:20:38.696,1.21912,1.21927,2.29,1.73
2012.11.12 14:20:43.016,1.21911,1.21927,3.98,2.25
2012.11.12 14:20:48.289,1.2191,1.21928,2.29,1.73
2012.11.12 14:20:50.276,1.21913,1.21928,1.54,1.73
2012.11.12 14:20:50.397,1.21913,1.21928,1.54,1.73
2012.11.12 14:20:51.246,1.21911,1.21927,3.23,1.73
2012.11.12 14:20:51.306,1.21907,1.21923,2.48,1.32
2012.11.12 14:20:51.426,1.21907,1.21924,2.48,1.32
2012.11.12 14:20:51.974,1.2191,1.21927,1.54,1.73
2012.11.12 14:21:00.265,1.21907,1.21926,1.54,1.73
2012.11.12 14:21:02.258,1.21906,1.21926,3.04,2.48
2012.11.12 14:21:02.823,1.21908,1.21926,1.54,1.73
2012.11.12 14:21:08.612,1.2191,1.21928,2.29,2.48
2012.11.12 14:21:08.675,1.21913,1.21929,1.73,1.50
2012.11.12 14:21:08.736,1.21914,1.21931,1.54,1.50
2012.11.12 14:21:08.917,1.21913,1.21931,5.48,2.25
2012.11.12 14:21:09.037,1.21913,1.2193,3.98,1.73
2012.11.12 14:21:09.215,1.21913,1.21931,3.98,1.73
2012.11.12 14:21:09.457,1.21913,1.2193,3.98,1.73
2012.11.12 14:21:09.876,1.21913,1.21927,3.98,1.50
2012.11.12 14:21:09.996,1.21913,1.21928,3.98,1.50
2012.11.12 14:21:11.110,1.21911,1.21927,3.23,1.50
2012.11.12 14:21:11.357,1.21908,1.21921,1.50,1.54
2012.11.12 14:21:11.415,1.21905,1.21921,1.73,1.54
2012.11.12 14:21:11.536,1.21903,1.21921,1.54,1.54
2012.11.12 14:21:12.588,1.21903,1.21921,3.04,1.54
2012.11.12 14:21:13.238,1.21903,1.21923,1.54,3.23
2012.11.12 14:21:13.850,1.21904,1.21923,1.54,2.48
2012.11.12 14:21:16.146,1.21906,1.21924,3.98,2.29
2012.11.12 14:21:16.447,1.21911,1.21927,2.10,1.50
2012.11.12 14:21:16.567,1.21911,1.21927,1.54,1.73
2012.11.12 14:21:17.236,1.21909,1.21927,1.54,1.73
2012.11.12 14:21:19.869,1.21912,1.21928,1.73,1.50
2012.11.12 14:21:20.427,1.21912,1.21929,1.73,1.32
2012.11.12 14:21:21.037,1.21914,1.21929,1.73,2.07
2012.11.12 14:21:21.396,1.21912,1.21928,2.48,2.07
2012.11.12 14:21:21.518,1.21911,1.21926,1.54,1.73
2012.11.12 14:21:21.586,1.21907,1.21925,1.73,3.23
2012.11.12 14:21:21.767,1.21906,1.21922,1.73,1.54
2012.11.12 14:21:22.187,1.21903,1.21918,1.54,1.50
2012.11.12 14:21:22.745,1.21903,1.21918,1.54,1.50
2012.11.12 14:21:24.866,1.21904,1.21918,3.23,1.50
2012.11.12 14:21:25.226,1.21904,1.2192,3.23,1.13
2012.11.12 14:21:25.286,1.21904,1.2192,3.23,1.13
2012.11.12 14:21:25.477,1.21904,1.21919,3.23,1.50
2012.11.12 14:21:25.717,1.21907,1.2192,1.54,1.13
2012.11.12 14:21:25.777,1.21906,1.2192,1.54,1.13
2012.11.12 14:21:26.316,1.21904,1.21921,3.23,1.73
2012.11.12 14:21:29.078,1.21902,1.21919,2.29,1.73
2012.11.12 14:21:33.090,1.21906,1.21921,1.73,1.32
2012.11.12 14:21:33.167,1.21906,1.21922,2.48,1.32
2012.11.12 14:21:33.231,1.21906,1.21923,2.48,1.32
2012.11.12 14:21:33.537,1.2191,1.21924,2.48,3.00
2012.11.12 14:21:34.031,1.21911,1.21924,2.48,2.44
2012.11.12 14:21:34.597,1.21913,1.21924,2.48,2.44
2012.11.12 14:21:35.136,1.21915,1.21929,1.73,1.32
2012.11.12 14:21:35.664,1.21915,1.21932,2.29,1.73
2012.11.12 14:21:36.291,1.21916,1.21933,1.54,2.48
2012.11.12 14:21:37.579,1.21913,1.21932,1.73,2.29
2012.11.12 14:21:37.826,1.21912,1.2193,2.29,1.73
2012.11.12 14:21:44.106,1.21912,1.2193,1.73,2.29
2012.11.12 14:21:45.176,1.21912,1.2193,2.48,1.54
2012.11.12 14:21:45.536,1.21913,1.21932,1.73,1.54
2012.11.12 14:21:46.380,1.21916,1.21933,1.54,2.48
2012.11.12 14:21:46.698,1.21917,1.21934,3.23,3.75
2012.11.12 14:21:46.758,1.21917,1.21934,3.23,3.23
2012.11.12 14:21:46.938,1.21912,1.21932,3.04,1.73
2012.11.12 14:21:47.176,1.21912,1.21932,2.29,1.73
2012.11.12 14:21:50.029,1.21912,1.21927,3.23,2.25
2012.11.12 14:21:50.218,1.21909,1.21927,1.54,3.57
2012.11.12 14:21:50.288,1.21909,1.21926,1.54,1.50
2012.11.12 14:21:50.357,1.21907,1.21925,1.54,1.73
2012.11.12 14:21:50.477,1.21907,1.21924,2.29,1.73
2012.11.12 14:21:58.897,1.21905,1.21923,2.29,1.73
2012.11.12 14:21:59.547,1.21905,1.21923,2.29,1.73
2012.11.12 14:21:59.910,1.21912,1.21926,1.32,2.48
2012.11.12 14:22:00.226,1.21913,1.21928,1.54,1.50
2012.11.12 14:22:00.717,1.21911,1.21926,3.23,2.25
2012.11.12 14:22:00.796,1.21911,1.21925,3.23,1.73
2012.11.12 14:22:01.342,1.21911,1.21925,3.23,1.73
2012.11.12 14:22:01.996,1.21906,1.21925,4.73,2.48
2012.11.12 14:22:03.096,1.21907,1.21924,1.54,1.50
2012.11.12 14:22:03.216,1.21909,1.21925,1.54,1.73
2012.11.12 14:22:03.897,1.2191,1.21927,1.73,2.48
2012.11.12 14:22:04.319,1.2191,1.21926,1.50,1.73
2012.11.12 14:22:04.506,1.21906,1.21926,3.98,2.85
2012.11.12 14:22:04.567,1.21906,1.21925,3.98,1.73
2012.11.12 14:22:04.930,1.21906,1.21922,1.54,1.73
2012.11.12 14:22:05.056,1.21906,1.21925,1.54,2.48
2012.11.12 14:22:05.595,1.21906,1.21925,1.54,4.73
2012.11.12 14:22:05.716,1.21906,1.21925,2.29,3.23
2012.11.12 14:22:06.317,1.21907,1.21925,1.54,1.73
2012.11.12 14:22:07.299,1.21907,1.21925,1.54,2.48
2012.11.12 14:22:07.646,1.21906,1.21921,3.98,1.50
2012.11.12 14:22:07.826,1.21906,1.21925,3.98,2.48
2012.11.12 14:22:08.846,1.21906,1.21916,3.98,1.50
2012.11.12 14:22:08.905,1.21906,1.21918,3.98,1.50
2012.11.12 14:22:08.965,1.21906,1.2192,3.98,1.50
2012.11.12 14:22:09.586,1.21907,1.21924,3.23,1.73
2012.11.12 14:22:09.648,1.21908,1.21925,1.54,1.73
2012.11.12 14:22:10.197,1.21913,1.21927,3.23,1.35
2012.11.12 14:22:10.507,1.21916,1.21932,2.29,2.18
2012.11.12 14:22:10.808,1.2191,1.21929,5.10,1.73
2012.11.12 14:22:10.879,1.21912,1.21929,1.54,1.73
2012.11.12 14:22:11.495,1.2191,1.21928,3.98,1.73
2012.11.12 14:22:11.876,1.21909,1.21927,1.54,2.29
2012.11.12 14:22:12.419,1.21909,1.21924,1.54,1.73
2012.11.12 14:22:12.976,1.21909,1.21922,1.32,1.73
2012.11.12 14:22:13.505,1.21906,1.21922,3.23,1.73
2012.11.12 14:22:14.195,1.21903,1.21922,3.04,1.73
2012.11.12 14:22:16.456,1.21913,1.21923,3.00,1.73
2012.11.12 14:22:16.576,1.21913,1.21925,3.23,2.63
2012.11.12 14:22:16.695,1.21913,1.21925,3.23,1.88
2012.11.12 14:22:17.255,1.21913,1.21925,3.23,1.88
2012.11.12 14:22:20.536,1.21914,1.21925,3.23,1.13
2012.11.12 14:22:20.776,1.21914,1.21929,3.98,1.73
2012.11.12 14:22:20.836,1.21914,1.21925,3.23,1.13
2012.11.12 14:22:21.384,1.21914,1.21928,3.23,1.50
2012.11.12 14:22:21.986,1.21912,1.2193,1.54,1.54
2012.11.12 14:22:22.047,1.21911,1.2193,1.73,1.54
2012.11.12 14:22:23.046,1.21913,1.21929,1.73,1.54
2012.11.12 14:22:23.107,1.21913,1.21931,1.73,3.98
2012.11.12 14:22:25.678,1.21913,1.21922,3.42,1.50
2012.11.12 14:22:25.869,1.21908,1.21924,1.56,1.50
2012.11.12 14:22:25.937,1.21905,1.21922,4.24,1.73
2012.11.12 14:22:26.116,1.21909,1.21923,3.00,1.73
2012.11.12 14:22:26.416,1.21909,1.21927,3.23,4.35
2012.11.12 14:22:26.918,1.21909,1.21926,3.23,1.73
2012.11.12 14:22:41.486,1.21913,1.21925,3.23,1.73
2012.11.12 14:22:41.786,1.21913,1.21927,3.23,1.50
2012.11.12 14:22:42.297,1.21913,1.21926,3.23,1.50
2012.11.12 14:22:43.493,1.21913,1.21928,3.23,1.50
2012.11.12 14:22:43.617,1.21913,1.21929,3.23,2.48
2012.11.12 14:22:44.156,1.21913,1.21931,1.54,1.54
2012.11.12 14:22:45.596,1.21911,1.2193,4.73,1.73
2012.11.12 14:22:45.716,1.21911,1.2193,3.98,1.73
2012.11.12 14:22:45.956,1.21911,1.21931,4.73,2.48
2012.11.12 14:22:46.676,1.21911,1.2193,4.73,1.50
2012.11.12 14:22:47.216,1.21911,1.21928,3.23,1.50
2012.11.12 14:22:49.737,1.21913,1.21929,1.54,1.50
2012.11.12 14:22:49.856,1.21913,1.21929,1.54,1.50
2012.11.12 14:22:50.096,1.21913,1.21929,1.54,1.50
2012.11.12 14:22:50.335,1.21913,1.21929,3.23,2.25
2012.11.12 14:22:50.635,1.21913,1.21929,3.23,1.50
2012.11.12 14:22:51.245,1.21913,1.21932,3.98,3.98
2012.11.12 14:22:51.439,1.21913,1.21932,3.98,5.48
2012.11.12 14:22:51.761,1.21916,1.21933,3.23,1.32
2012.11.12 14:22:52.288,1.21916,1.21935,3.23,3.04
2012.11.12 14:22:52.616,1.21918,1.21935,1.54,1.50
2012.11.12 14:22:54.324,1.21921,1.21937,1.54,2.85
2012.11.12 14:22:54.625,1.21921,1.21937,2.29,1.88
2012.11.12 14:22:54.746,1.21919,1.21936,3.98,3.23
2012.11.12 14:22:55.225,1.21916,1.21933,1.73,1.54
2012.11.12 14:23:00.258,1.21917,1.21931,3.00,1.73
2012.11.12 14:23:00.437,1.21918,1.21935,1.54,1.73
2012.11.12 14:23:01.966,1.21919,1.21937,1.54,3.23
2012.11.12 14:23:03.816,1.21919,1.21936,2.29,1.73
2012.11.12 14:23:04.364,1.21919,1.21937,1.54,1.73
2012.11.12 14:23:04.620,1.21917,1.21933,3.23,1.73
2012.11.12 14:23:04.956,1.21917,1.21933,3.23,1.73
2012.11.12 14:23:05.806,1.21914,1.21932,1.54,1.73
2012.11.12 14:23:08.252,1.21916,1.21933,1.54,2.48
2012.11.12 14:23:08.496,1.21916,1.21933,2.89,1.50
2012.11.12 14:23:09.046,1.21917,1.21934,1.54,1.50
2012.11.12 14:23:09.226,1.21918,1.21937,1.73,2.29
2012.11.12 14:23:09.286,1.21917,1.21936,2.29,1.73
2012.11.12 14:23:09.405,1.21917,1.21936,1.54,2.48
2012.11.12 14:23:09.487,1.21917,1.21936,1.54,3.23
2012.11.12 14:23:09.996,1.21917,1.21932,1.54,1.73
2012.11.12 14:23:10.577,1.21916,1.21932,1.54,1.73
2012.11.12 14:23:11.820,1.21917,1.21934,1.54,1.73
2012.11.12 14:23:11.887,1.21917,1.21935,2.29,3.23
2012.11.12 14:23:12.012,1.21917,1.21935,2.29,3.00
2012.11.12 14:23:21.939,1.2192,1.21935,3.23,1.50
2012.11.12 14:23:24.726,1.21919,1.21935,3.23,1.50
2012.11.12 14:23:25.356,1.2192,1.21935,1.54,1.50
2012.11.12 14:23:28.176,1.2192,1.21935,1.54,1.50
2012.11.12 14:23:29.066,1.2192,1.21935,1.54,1.88
2012.11.12 14:23:29.426,1.21921,1.21935,1.54,1.13
2012.11.12 14:23:29.786,1.21921,1.21936,3.60,1.13
2012.11.12 14:23:30.026,1.21923,1.21935,1.73,1.13
2012.11.12 14:23:30.207,1.21926,1.21935,2.48,1.13
2012.11.12 14:23:30.565,1.21927,1.21942,1.54,1.09
2012.11.12 14:23:30.927,1.21927,1.21943,2.29,1.54
2012.11.12 14:23:31.287,1.21925,1.21943,2.48,1.92
2012.11.12 14:23:31.408,1.21927,1.21941,3.23,1.73
2012.11.12 14:23:31.563,1.21927,1.21943,3.23,2.48
2012.11.12 14:23:32.616,1.21925,1.21941,2.29,2.48
2012.11.12 14:23:32.876,1.21925,1.21944,2.29,2.48
2012.11.12 14:23:34.568,1.21925,1.2194,1.54,1.50
2012.11.12 14:23:34.686,1.21925,1.21942,2.29,1.73
2012.11.12 14:23:35.107,1.21925,1.21941,1.54,1.73
2012.11.12 14:23:35.226,1.21925,1.21942,1.54,1.73
2012.11.12 14:23:36.826,1.21925,1.21941,1.54,1.73
2012.11.12 14:23:37.006,1.21925,1.21944,1.54,3.04
2012.11.12 14:23:42.175,1.21925,1.21942,2.22,1.73
2012.11.12 14:23:42.655,1.21925,1.21935,2.22,1.13
2012.11.12 14:23:42.838,1.21922,1.21935,1.47,1.13
2012.11.12 14:23:43.146,1.21918,1.21935,5.40,2.10
2012.11.12 14:23:43.686,1.21918,1.21935,3.98,2.85
2012.11.12 14:23:47.226,1.21918,1.21935,1.54,2.85
2012.11.12 14:23:47.586,1.21918,1.21935,3.04,1.28
2012.11.12 14:23:47.781,1.21919,1.21933,1.50,1.73
2012.11.12 14:23:47.907,1.21919,1.21936,1.73,1.73
2012.11.12 14:23:48.308,1.2192,1.21938,1.73,1.54
2012.11.12 14:23:48.546,1.21919,1.21936,1.73,1.54
2012.11.12 14:23:48.865,1.2192,1.21938,1.73,1.54
2012.11.12 14:23:49.226,1.21919,1.21936,1.73,1.54
2012.11.12 14:23:50.396,1.2192,1.21938,1.73,1.54
2012.11.12 14:23:50.455,1.2192,1.21939,1.73,1.54
2012.11.12 14:23:50.756,1.2192,1.2194,2.48,5.48
2012.11.12 14:23:50.998,1.2192,1.21938,1.73,1.54
2012.11.12 14:23:51.116,1.21919,1.21937,1.73,2.29
2012.11.12 14:23:51.236,1.21919,1.21937,1.73,2.29
2012.11.12 14:23:51.697,1.21919,1.21933,1.73,4.73
2012.11.12 14:23:52.071,1.21919,1.21931,1.50,1.54
2012.11.12 14:23:52.141,1.21912,1.2193,1.73,1.54
2012.11.12 14:23:53.856,1.21913,1.2193,3.98,1.73
2012.11.12 14:23:54.177,1.21916,1.21932,1.54,1.73
2012.11.12 14:23:54.655,1.21916,1.21932,1.54,1.50
2012.11.12 14:23:54.905,1.21917,1.21934,2.48,1.35
2012.11.12 14:23:55.908,1.21916,1.21929,1.73,1.13
2012.11.12 14:23:56.028,1.21915,1.21929,1.50,1.35
2012.11.12 14:23:56.148,1.21911,1.21926,1.54,1.73
2012.11.12 14:23:56.276,1.21911,1.21927,1.54,1.73
2012.11.12 14:23:56.816,1.21908,1.21924,3.23,1.88
2012.11.12 14:23:57.056,1.21908,1.21924,3.23,2.10
2012.11.12 14:23:57.743,1.21908,1.21924,3.23,2.10
2012.11.12 14:23:57.938,1.21908,1.21921,3.23,1.50
2012.11.12 14:23:58.496,1.21908,1.21924,3.23,2.10
2012.11.12 14:23:58.817,1.21905,1.2192,3.98,1.50
2012.11.12 14:23:59.007,1.21907,1.21924,1.54,2.10
2012.11.12 14:24:00.026,1.21906,1.21921,1.54,1.50
2012.11.12 14:24:00.276,1.21905,1.21921,3.23,1.50
2012.11.12 14:24:00.479,1.21906,1.21921,1.54,1.50
2012.11.12 14:24:01.016,1.21905,1.21923,1.54,1.73
2012.11.12 14:24:01.256,1.21904,1.21922,3.98,1.73
2012.11.12 14:24:01.557,1.21904,1.21919,3.00,2.48
2012.11.12 14:24:02.186,1.21904,1.21921,3.75,1.73
2012.11.12 14:24:03.949,1.21902,1.21919,1.54,1.73
2012.11.12 14:24:05.146,1.21901,1.21919,2.29,2.48
2012.11.12 14:24:05.583,1.21901,1.21916,1.54,1.50
2012.11.12 14:24:07.067,1.21905,1.2192,3.98,1.50
2012.11.12 14:24:07.187,1.21905,1.2192,3.98,1.50
2012.11.12 14:24:07.436,1.21908,1.21924,1.54,1.73
2012.11.12 14:24:07.987,1.21908,1.21925,1.54,1.73
2012.11.12 14:24:09.297,1.21913,1.21928,1.50,1.54
2012.11.12 14:24:09.417,1.21908,1.21928,2.29,2.29
2012.11.12 14:24:09.969,1.21911,1.21929,1.54,3.04
2012.11.12 14:24:11.796,1.21911,1.21929,1.54,2.29
2012.11.12 14:24:12.037,1.21911,1.21929,1.54,2.29
2012.11.12 14:24:12.396,1.21912,1.21929,1.73,1.54
2012.11.12 14:24:12.825,1.21911,1.21929,2.29,2.29
2012.11.12 14:24:14.127,1.21913,1.21929,1.54,2.48
2012.11.12 14:24:18.190,1.2191,1.21928,1.54,1.73
2012.11.12 14:24:18.506,1.21909,1.21924,3.23,1.73
2012.11.12 14:24:18.640,1.21906,1.21924,2.29,2.29
2012.11.12 14:24:20.096,1.21906,1.21921,1.54,1.73
2012.11.12 14:24:27.127,1.21908,1.21924,1.58,2.48
2012.11.12 14:24:27.560,1.21909,1.21925,1.73,1.54
2012.11.12 14:24:27.886,1.2191,1.21927,1.73,1.54
2012.11.12 14:24:28.247,1.21912,1.21927,1.54,1.73
2012.11.12 14:24:29.746,1.21907,1.21925,2.29,1.73
2012.11.12 14:24:31.116,1.21907,1.21924,2.29,1.73
2012.11.12 14:24:31.295,1.21907,1.21925,2.29,1.73
2012.11.12 14:24:31.416,1.21907,1.21924,2.89,1.73
2012.11.12 14:24:32.077,1.2191,1.21926,1.73,1.54
2012.11.12 14:24:32.438,1.21913,1.21931,1.54,3.79
2012.11.12 14:24:57.186,1.21913,1.21932,2.48,1.54
2012.11.12 14:25:04.560,1.21913,1.21932,2.48,2.29
2012.11.12 14:25:18.256,1.21913,1.21931,3.04,1.54
2012.11.12 14:25:18.583,1.21913,1.2193,1.73,3.04
2012.11.12 14:25:18.649,1.21911,1.2193,1.73,3.04
2012.11.12 14:25:27.127,1.2191,1.21925,1.73,1.54
2012.11.12 14:25:27.248,1.21907,1.21922,1.50,1.73
2012.11.12 14:25:27.307,1.21906,1.21922,2.07,1.73
2012.11.12 14:25:27.886,1.21905,1.21922,1.32,1.73
2012.11.12 14:25:29.427,1.21905,1.21923,1.54,1.73
2012.11.12 14:25:30.845,1.21908,1.21925,1.73,3.04
2012.11.12 14:25:31.207,1.2191,1.21924,1.54,1.50
2012.11.12 14:25:48.287,1.21913,1.2193,1.73,2.48
2012.11.12 14:25:48.477,1.21912,1.21929,1.73,1.54
2012.11.12 14:25:49.766,1.2191,1.21927,1.54,1.35
2012.11.12 14:25:49.886,1.21909,1.21924,1.54,1.73
2012.11.12 14:25:50.007,1.21904,1.21921,1.54,1.73
2012.11.12 14:25:50.187,1.21902,1.21918,1.50,1.54
2012.11.12 14:25:50.726,1.21901,1.21918,1.50,3.04
2012.11.12 14:25:55.297,1.21901,1.21919,2.25,1.54
2012.11.12 14:25:55.656,1.21901,1.21919,2.33,2.29
2012.11.12 14:25:55.717,1.21905,1.21922,1.54,2.48
2012.11.12 14:25:56.261,1.21907,1.21925,1.73,3.04
2012.11.12 14:25:56.577,1.2191,1.21925,1.50,1.54
2012.11.12 14:25:58.611,1.2191,1.21926,2.25,1.73
2012.11.12 14:26:00.588,1.21908,1.21925,2.07,1.73
2012.11.12 14:26:00.766,1.21906,1.21925,2.29,2.48
2012.11.12 14:26:00.829,1.21906,1.21922,2.07,2.92
2012.11.12 14:26:01.257,1.21905,1.2192,3.75,1.73
2012.11.12 14:26:01.377,1.21902,1.2192,1.73,2.29
2012.11.12 14:26:04.778,1.21901,1.21919,1.73,1.73
2012.11.12 14:26:05.547,1.21902,1.21919,1.73,1.73
2012.11.12 14:26:06.076,1.21903,1.2192,1.50,2.29
2012.11.12 14:26:06.586,1.21903,1.2192,1.50,2.29
2012.11.12 14:26:17.216,1.21905,1.21921,1.73,1.54
2012.11.12 14:26:17.276,1.21909,1.21921,1.50,1.54
2012.11.12 14:26:17.336,1.21909,1.21924,1.50,1.50
2012.11.12 14:26:17.456,1.2191,1.21927,1.50,2.48
2012.11.12 14:26:17.877,1.2191,1.21928,3.23,2.29
2012.11.12 14:26:23.447,1.21911,1.21929,1.54,3.04
2012.11.12 14:26:25.134,1.2191,1.21929,1.54,3.79
2012.11.12 14:26:31.156,1.21908,1.21924,2.48,2.14
2012.11.12 14:26:31.216,1.21908,1.21922,1.50,1.73
2012.11.12 14:26:31.526,1.21905,1.2192,3.04,1.73
2012.11.12 14:26:35.936,1.21902,1.2192,1.32,1.73
2012.11.12 14:26:36.436,1.21901,1.21918,3.00,1.73
2012.11.12 14:26:37.097,1.21901,1.21917,3.00,1.73
2012.11.12 14:26:37.218,1.21897,1.21916,1.54,1.73
2012.11.12 14:26:37.987,1.21897,1.21915,1.54,1.54
2012.11.12 14:26:38.518,1.21897,1.21916,2.29,1.54
2012.11.12 14:26:40.986,1.21896,1.21913,2.48,1.54
2012.11.12 14:26:41.166,1.21896,1.21913,2.48,1.54
2012.11.12 14:26:41.867,1.21896,1.21913,2.48,1.54
2012.11.12 14:26:42.406,1.219,1.21915,1.50,3.23
2012.11.12 14:26:46.243,1.219,1.21915,1.50,3.23
2012.11.12 14:26:48.477,1.21898,1.21914,1.50,1.73
2012.11.12 14:26:50.946,1.21897,1.21914,1.73,2.29
2012.11.12 14:26:54.267,1.21895,1.21913,1.54,2.67
2012.11.12 14:26:54.640,1.21894,1.21911,1.32,1.73
2012.11.12 14:26:55.166,1.21895,1.2191,2.29,1.73
2012.11.12 14:26:59.258,1.21895,1.21911,1.73,1.54
2012.11.12 14:26:59.448,1.21895,1.21913,2.48,3.23
2012.11.12 14:27:00.526,1.21895,1.21913,1.73,3.23
2012.11.12 14:27:01.097,1.21895,1.21914,1.73,2.29
2012.11.12 14:27:07.971,1.21894,1.21912,2.29,1.54
2012.11.12 14:27:08.516,1.21894,1.21912,2.29,1.54
2012.11.12 14:27:09.576,1.21894,1.21911,3.04,1.50
2012.11.12 14:27:10.096,1.21896,1.21916,1.54,2.29
2012.11.12 14:27:10.277,1.21896,1.21915,1.54,1.73
2012.11.12 14:27:10.926,1.21896,1.21913,1.54,1.50
2012.11.12 14:27:11.236,1.21897,1.21915,1.54,2.29
2012.11.12 14:27:13.188,1.21897,1.21913,1.54,1.50
2012.11.12 14:27:13.369,1.21895,1.2191,1.54,1.73
2012.11.12 14:27:14.926,1.21891,1.21907,1.73,1.50
2012.11.12 14:27:15.107,1.21894,1.21908,1.54,1.73
2012.11.12 14:27:15.646,1.21894,1.21911,1.54,2.48
2012.11.12 14:27:17.056,1.21892,1.21908,1.54,1.50
2012.11.12 14:27:17.186,1.21892,1.21908,1.32,1.73
2012.11.12 14:27:17.547,1.21888,1.21905,1.73,1.54
2012.11.12 14:27:17.787,1.21894,1.21908,1.32,1.73
2012.11.12 14:27:17.847,1.21895,1.21912,2.25,3.04
2012.11.12 14:27:17.967,1.21895,1.21912,2.48,2.82
2012.11.12 14:27:18.326,1.21894,1.21914,2.29,4.73
2012.11.12 14:27:18.446,1.21894,1.21914,2.29,4.73
2012.11.12 14:27:18.566,1.21894,1.21912,1.54,1.54
2012.11.12 14:27:20.176,1.21895,1.21908,1.73,3.00
2012.11.12 14:27:20.237,1.21895,1.21908,1.50,3.23
2012.11.12 14:27:20.596,1.21896,1.21911,1.73,1.88
2012.11.12 14:27:20.956,1.21889,1.21908,2.29,3.00
2012.11.12 14:27:21.259,1.21889,1.21907,2.29,1.73
2012.11.12 14:27:21.457,1.21893,1.21907,3.00,1.73
2012.11.12 14:27:21.518,1.21889,1.21906,1.73,1.54
2012.11.12 14:27:21.638,1.21889,1.21906,2.25,2.82
2012.11.12 14:27:21.756,1.21887,1.21905,3.60,2.25
2012.11.12 14:27:22.067,1.21886,1.21903,1.54,1.50
2012.11.12 14:27:22.307,1.21886,1.21905,1.54,3.38
2012.11.12 14:27:22.547,1.21886,1.21905,1.54,3.23
2012.11.12 14:27:22.787,1.21887,1.21906,1.73,3.04
2012.11.12 14:27:22.847,1.21887,1.21906,3.08,1.54
2012.11.12 14:27:23.027,1.21894,1.21907,1.50,1.54
2012.11.12 14:27:23.328,1.21895,1.21907,4.73,1.32
2012.11.12 14:27:23.507,1.21896,1.21907,1.54,1.32
2012.11.12 14:27:23.628,1.21896,1.21907,1.73,1.32
2012.11.12 14:27:23.987,1.219,1.21914,1.54,3.53
2012.11.12 14:27:24.591,1.219,1.21911,1.54,1.50
2012.11.12 14:27:24.667,1.219,1.21912,1.54,1.50
2012.11.12 14:27:24.808,1.21898,1.21914,2.13,1.88
2012.11.12 14:27:24.877,1.21898,1.2191,2.13,1.50
2012.11.12 14:27:25.187,1.21897,1.2191,3.23,1.50
2012.11.12 14:27:25.958,1.21897,1.21912,3.23,1.50
2012.11.12 14:27:26.210,1.21897,1.21912,3.23,2.25
2012.11.12 14:27:26.456,1.21897,1.21912,3.23,1.73
2012.11.12 14:27:26.697,1.21897,1.21909,3.23,1.50
2012.11.12 14:27:26.998,1.21893,1.21909,2.29,1.50
2012.11.12 14:27:27.917,1.21893,1.21911,2.29,1.54
2012.11.12 14:27:29.018,1.21893,1.21911,2.29,2.29
2012.11.12 14:27:29.330,1.21891,1.21907,1.93,2.25
2012.11.12 14:27:29.397,1.21891,1.21905,1.73,1.50
2012.11.12 14:27:29.518,1.2189,1.21903,1.35,1.50
2012.11.12 14:27:30.057,1.21883,1.21902,2.48,2.82
2012.11.12 14:27:30.118,1.21883,1.219,2.48,1.50
2012.11.12 14:27:30.181,1.21883,1.219,2.48,1.50
2012.11.12 14:27:31.817,1.21881,1.21899,3.98,1.50
2012.11.12 14:27:31.877,1.21881,1.21897,3.23,1.50
2012.11.12 14:27:32.356,1.21879,1.21896,1.54,1.92
2012.11.12 14:27:32.417,1.21879,1.21894,1.54,2.07
2012.11.12 14:27:32.717,1.21879,1.21895,1.73,1.32
2012.11.12 14:27:33.197,1.21879,1.21894,1.73,1.32
2012.11.12 14:27:33.442,1.2188,1.21899,2.29,1.50
2012.11.12 14:27:33.627,1.21881,1.21899,1.73,1.50
2012.11.12 14:27:35.357,1.21881,1.21899,2.48,1.50
2012.11.12 14:27:35.417,1.21881,1.21899,1.73,1.50
2012.11.12 14:27:36.690,1.21884,1.21901,1.79,1.50
2012.11.12 14:27:37.160,1.21888,1.21904,1.73,2.82
2012.11.12 14:27:37.226,1.21888,1.21904,1.73,1.32
2012.11.12 14:27:38.319,1.21889,1.21908,1.54,2.48
2012.11.12 14:27:40.397,1.21888,1.21905,2.48,3.75
2012.11.12 14:27:40.576,1.21886,1.21903,2.48,1.32
2012.11.12 14:27:42.786,1.21886,1.21904,3.23,1.54
2012.11.12 14:27:47.066,1.21886,1.21899,2.48,1.32
2012.11.12 14:27:47.247,1.21884,1.21899,2.48,1.54
2012.11.12 14:27:47.486,1.21886,1.21902,1.73,3.98
2012.11.12 14:27:47.607,1.21886,1.21903,1.73,1.73
2012.11.12 14:27:47.667,1.21888,1.21904,1.73,1.13
2012.11.12 14:27:48.213,1.21886,1.21903,2.48,1.54
2012.11.12 14:27:48.968,1.21885,1.21901,2.48,1.32
2012.11.12 14:27:49.037,1.21885,1.21901,2.48,1.54
2012.11.12 14:27:50.366,1.21883,1.219,2.48,1.73
2012.11.12 14:27:50.426,1.21883,1.219,2.48,1.73
2012.11.12 14:27:50.487,1.21883,1.219,2.25,1.73
2012.11.12 14:27:50.846,1.21881,1.21897,1.50,3.23
2012.11.12 14:27:51.025,1.21879,1.21896,1.73,1.54
2012.11.12 14:27:51.632,1.21878,1.21894,1.73,1.54
2012.11.12 14:27:55.328,1.21877,1.21894,5.48,1.54
2012.11.12 14:27:55.507,1.21881,1.21897,1.50,3.98
2012.11.12 14:27:55.981,1.21881,1.21897,1.73,3.00
2012.11.12 14:27:56.057,1.21878,1.21895,2.48,1.54
2012.11.12 14:28:00.747,1.21879,1.21894,3.98,1.54
2012.11.12 14:28:01.074,1.21883,1.21896,1.73,1.32
2012.11.12 14:28:01.196,1.21883,1.21896,1.73,1.32
2012.11.12 14:28:01.256,1.21885,1.21896,3.98,1.32
2012.11.12 14:28:01.571,1.21884,1.21896,1.28,1.32
2012.11.12 14:28:01.775,1.21885,1.21897,2.48,2.44
2012.11.12 14:28:01.839,1.21886,1.21897,1.73,3.00
2012.11.12 14:28:01.968,1.21886,1.21897,2.48,2.44
2012.11.12 14:28:02.778,1.21886,1.21896,1.50,1.54
2012.11.12 14:28:02.836,1.21881,1.21898,1.32,3.04
2012.11.12 14:28:02.896,1.21879,1.21898,3.04,3.04
2012.11.12 14:28:03.016,1.2188,1.21898,1.54,2.25
2012.11.12 14:28:03.317,1.21879,1.21898,1.54,2.48
2012.11.12 14:28:04.376,1.21878,1.21897,1.54,1.73
2012.11.12 14:28:04.908,1.21878,1.21898,2.29,3.23
2012.11.12 14:28:06.636,1.21877,1.21897,3.04,1.54
2012.11.12 14:28:07.068,1.21876,1.21894,1.54,1.73
2012.11.12 14:28:07.757,1.21875,1.21893,2.29,1.73
2012.11.12 14:28:14.476,1.21874,1.21891,1.73,1.32
2012.11.12 14:28:14.779,1.21876,1.21892,1.73,1.50
2012.11.12 14:28:15.086,1.21876,1.21892,1.45,2.82
2012.11.12 14:28:15.645,1.21875,1.21892,3.98,2.07
2012.11.12 14:28:16.866,1.21879,1.21894,1.54,1.73
2012.11.12 14:28:17.107,1.2188,1.21899,1.54,2.29
2012.11.12 14:28:23.188,1.2188,1.21898,1.54,2.29
2012.11.12 14:28:23.306,1.2188,1.21897,1.54,1.73
2012.11.12 14:28:23.666,1.21879,1.21895,1.54,2.07
2012.11.12 14:28:23.976,1.21877,1.21887,3.00,1.73
2012.11.12 14:28:24.217,1.21873,1.21887,2.25,1.54
2012.11.12 14:28:27.076,1.21868,1.21887,1.73,1.54
2012.11.12 14:28:27.257,1.21867,1.21885,3.23,1.54
2012.11.12 14:28:27.787,1.21867,1.21879,1.73,1.32
2012.11.12 14:28:27.969,1.21862,1.21879,3.20,1.54
2012.11.12 14:28:28.217,1.21866,1.21882,1.50,1.54
2012.11.12 14:28:28.279,1.21867,1.21884,1.73,1.73
2012.11.12 14:28:28.766,1.21866,1.21883,2.48,1.54
2012.11.12 14:28:28.993,1.21863,1.21882,3.42,1.54
2012.11.12 14:28:29.133,1.21862,1.21881,1.74,2.29
2012.11.12 14:28:30.719,1.2186,1.21878,1.17,2.29
2012.11.12 14:28:31.366,1.21864,1.21879,1.17,1.54
2012.11.12 14:28:33.254,1.21864,1.21881,1.17,1.54
2012.11.12 14:28:44.439,1.21862,1.21877,1.02,3.75
2012.11.12 14:28:44.508,1.2186,1.21877,1.77,3.98
2012.11.12 14:28:44.628,1.21859,1.21875,1.50,1.54
2012.11.12 14:28:45.177,1.21856,1.21874,1.54,2.29
2012.11.12 14:28:45.297,1.21855,1.21874,1.54,3.04
2012.11.12 14:28:45.656,1.21856,1.21875,1.54,2.29
2012.11.12 14:28:46.168,1.21859,1.21875,1.32,1.73
2012.11.12 14:28:46.557,1.21859,1.21877,1.54,3.04
2012.11.12 14:28:46.917,1.21857,1.21874,1.54,1.73
2012.11.12 14:28:47.280,1.21853,1.2187,2.48,3.23
2012.11.12 14:28:48.646,1.21854,1.21872,1.54,2.29
2012.11.12 14:28:49.819,1.21851,1.21869,3.23,2.48
2012.11.12 14:28:50.367,1.21853,1.21871,1.54,3.23
2012.11.12 14:28:51.097,1.21853,1.21873,3.04,2.29
2012.11.12 14:28:51.417,1.21854,1.21873,1.73,1.54
2012.11.12 14:28:52.057,1.21851,1.2187,2.29,2.48
2012.11.12 14:28:52.578,1.2185,1.21868,1.73,3.04
2012.11.12 14:28:53.948,1.2185,1.21865,1.73,1.54
2012.11.12 14:28:54.009,1.21849,1.21866,1.50,3.23
2012.11.12 14:28:54.247,1.21849,1.21868,2.82,3.79
2012.11.12 14:28:54.366,1.21849,1.21867,1.32,1.54
2012.11.12 14:28:54.880,1.21845,1.2186,1.73,3.75
2012.11.12 14:28:55.307,1.21845,1.21862,2.29,1.73
2012.11.12 14:28:55.848,1.21843,1.2186,2.48,3.23
2012.11.12 14:28:55.969,1.2184,1.21857,2.29,1.73
2012.11.12 14:28:56.471,1.21844,1.2186,1.54,1.73
2012.11.12 14:28:57.020,1.21844,1.2186,1.54,1.73
2012.11.12 14:28:57.221,1.21844,1.2186,1.54,1.50
2012.11.12 14:28:58.838,1.21845,1.2186,3.23,1.50
2012.11.12 14:28:59.148,1.21845,1.2186,3.00,1.73
2012.11.12 14:28:59.448,1.21845,1.2186,3.98,1.50
2012.11.12 14:28:59.976,1.21846,1.21861,1.54,2.48
2012.11.12 14:29:00.117,1.21843,1.21859,1.73,1.50
2012.11.12 14:29:00.237,1.2184,1.21858,1.54,2.29
2012.11.12 14:29:00.598,1.2184,1.21858,1.32,1.54
2012.11.12 14:29:01.586,1.2184,1.21858,2.07,3.04
2012.11.12 14:29:01.707,1.21839,1.21858,1.54,3.79
2012.11.12 14:29:02.946,1.21836,1.21855,2.29,1.73
2012.11.12 14:29:03.006,1.21836,1.21855,2.29,2.48
2012.11.12 14:29:03.632,1.2184,1.21857,3.23,1.73
2012.11.12 14:29:03.698,1.2184,1.21857,3.23,1.73
2012.11.12 14:29:03.831,1.2184,1.21857,3.23,1.73
2012.11.12 14:29:05.856,1.21837,1.21855,3.23,1.73
2012.11.12 14:29:06.888,1.21838,1.21856,1.54,2.48
2012.11.12 14:29:07.140,1.21838,1.21857,1.54,1.73
2012.11.12 14:29:07.268,1.21836,1.21853,1.54,1.50
2012.11.12 14:29:07.626,1.21838,1.21854,1.50,1.73
2012.11.12 14:29:07.967,1.21836,1.21853,1.50,1.73
2012.11.12 14:29:08.206,1.21837,1.21855,1.73,1.47
2012.11.12 14:29:08.447,1.21837,1.21855,1.73,1.32
2012.11.12 14:29:08.567,1.21846,1.21857,3.00,1.65
2012.11.12 14:29:08.687,1.21842,1.2186,1.54,1.65
2012.11.12 14:29:08.808,1.21843,1.21858,1.54,1.50
2012.11.12 14:29:08.988,1.2184,1.21858,4.73,1.65
2012.11.12 14:29:09.167,1.21843,1.2186,1.54,1.73
2012.11.12 14:29:09.227,1.21843,1.21861,1.54,1.54
2012.11.12 14:29:11.947,1.21846,1.21863,1.54,1.73
2012.11.12 14:29:12.486,1.21845,1.21866,3.04,2.48
2012.11.12 14:29:12.547,1.21845,1.21862,1.54,1.50
2012.11.12 14:29:12.938,1.21844,1.2186,3.98,1.73
2012.11.12 14:29:14.496,1.21844,1.2186,1.54,1.73
2012.11.12 14:29:14.737,1.21842,1.21858,3.23,1.73
2012.11.12 14:29:15.157,1.21842,1.21856,3.00,1.35
2012.11.12 14:29:15.277,1.2184,1.21854,1.32,1.35
2012.11.12 14:29:15.817,1.21841,1.21855,1.32,1.35
2012.11.12 14:29:16.370,1.2184,1.21855,2.10,1.35
2012.11.12 14:29:17.739,1.2184,1.21859,3.04,3.04
2012.11.12 14:29:17.926,1.2184,1.21859,3.04,1.54
2012.11.12 14:29:18.167,1.21842,1.2186,1.54,1.73
2012.11.12 14:29:18.596,1.21842,1.2186,2.29,1.73
2012.11.12 14:29:19.446,1.21845,1.2186,3.23,1.73
2012.11.12 14:29:19.571,1.21845,1.2186,3.23,1.73
2012.11.12 14:29:21.368,1.21848,1.21863,2.29,2.48
2012.11.12 14:29:21.727,1.21848,1.21866,1.54,2.29
2012.11.12 14:29:27.314,1.21848,1.21863,1.54,1.13
2012.11.12 14:29:27.440,1.21847,1.21863,1.54,1.35
2012.11.12 14:29:29.726,1.21849,1.21864,1.50,1.35
2012.11.12 14:29:30.438,1.21847,1.21866,1.32,2.38
2012.11.12 14:29:30.498,1.21846,1.21865,2.07,1.73
2012.11.12 14:29:32.036,1.21844,1.21861,1.50,1.54
2012.11.12 14:29:33.526,1.21845,1.21863,1.73,1.54
2012.11.12 14:29:34.076,1.21848,1.21865,1.54,1.73
2012.11.12 14:29:36.369,1.21853,1.21865,3.00,1.73
2012.11.12 14:29:36.452,1.21854,1.21868,1.54,1.50
2012.11.12 14:29:36.594,1.21854,1.2187,1.54,1.73
2012.11.12 14:29:37.077,1.21854,1.21871,1.54,3.68
2012.11.12 14:29:37.574,1.21853,1.2187,2.29,1.73
2012.11.12 14:29:37.698,1.21853,1.2187,2.29,1.73
2012.11.12 14:29:38.278,1.21853,1.21869,1.54,1.73
2012.11.12 14:29:38.587,1.21853,1.21866,1.32,2.48
2012.11.12 14:29:38.890,1.21852,1.21868,1.54,2.48
2012.11.12 14:29:38.961,1.21852,1.2187,1.54,2.07
2012.11.12 14:29:39.028,1.21857,1.21871,3.23,1.73
2012.11.12 14:29:39.208,1.21857,1.21873,3.23,1.73
2012.11.12 14:29:39.566,1.21853,1.21871,1.54,1.54
2012.11.12 14:29:39.687,1.21852,1.21871,1.73,2.29
2012.11.12 14:29:41.327,1.21849,1.21867,1.54,2.48
2012.11.12 14:29:41.886,1.21851,1.21868,1.54,1.73
2012.11.12 14:29:44.348,1.21851,1.21867,1.73,1.73
2012.11.12 14:29:44.419,1.21853,1.21869,1.73,1.54
2012.11.12 14:29:44.929,1.21852,1.2187,1.54,3.79
2012.11.12 14:29:45.167,1.21852,1.2187,1.73,2.48
2012.11.12 14:29:45.699,1.21852,1.2187,1.73,2.25
2012.11.12 14:29:46.227,1.21854,1.21872,1.54,1.73
2012.11.12 14:29:46.768,1.21854,1.21873,1.54,1.73
2012.11.12 14:29:48.807,1.21854,1.21873,1.54,3.23
2012.11.12 14:29:54.826,1.21854,1.21873,3.98,1.73
2012.11.12 14:29:55.400,1.21857,1.21874,2.29,1.73
2012.11.12 14:29:56.377,1.21857,1.21875,1.54,4.17
2012.11.12 14:29:57.026,1.21861,1.21877,1.73,2.29
2012.11.12 14:29:57.327,1.2186,1.21877,1.50,3.04
2012.11.12 14:29:57.506,1.2186,1.21877,1.73,3.04
2012.11.12 14:29:58.070,1.21858,1.21872,1.73,1.32
2012.11.12 14:29:58.137,1.21857,1.21872,1.73,1.54
2012.11.12 14:29:58.580,1.21865,1.21874,3.00,1.50
2012.11.12 14:29:58.887,1.21871,1.2188,3.75,1.50
2012.11.12 14:29:59.128,1.21871,1.2188,1.29,1.32
2012.11.12 14:29:59.188,1.21871,1.21881,2.04,1.32
2012.11.12 14:29:59.606,1.21872,1.21888,1.50,1.20
2012.11.12 14:29:59.666,1.21871,1.21883,2.79,1.02
2012.11.12 14:29:59.727,1.21871,1.21884,1.50,1.54
2012.11.12 14:30:00.028,1.21868,1.21884,1.69,3.00
2012.11.12 14:30:00.151,1.21868,1.21884,1.54,3.00
2012.11.12 14:30:00.280,1.21868,1.21884,1.54,3.00
2012.11.12 14:30:00.348,1.21869,1.21884,1.73,2.25
2012.11.12 14:30:00.918,1.21868,1.21883,1.32,1.73
2012.11.12 14:30:01.157,1.21866,1.2188,2.07,1.73
2012.11.12 14:30:01.458,1.21866,1.2188,2.29,1.50
2012.11.12 14:30:01.577,1.21866,1.2188,2.29,1.50
2012.11.12 14:30:01.697,1.21868,1.21881,1.54,1.50
2012.11.12 14:30:01.891,1.21868,1.21882,1.54,1.50
2012.11.12 14:30:02.018,1.21866,1.21883,2.29,1.73
2012.11.12 14:30:02.438,1.2187,1.21888,1.50,2.85
2012.11.12 14:30:02.496,1.2187,1.21888,1.73,2.85
2012.11.12 14:30:03.168,1.2187,1.21885,1.73,2.10
2012.11.12 14:30:03.407,1.21868,1.21884,1.54,2.10
2012.11.12 14:30:04.009,1.21868,1.21884,1.54,1.50
2012.11.12 14:30:04.769,1.21868,1.21886,1.54,1.73
2012.11.12 14:30:05.687,1.21869,1.21884,1.54,1.50
2012.11.12 14:30:06.048,1.21867,1.21886,1.54,2.48
2012.11.12 14:30:06.238,1.21867,1.21886,1.54,3.00
2012.11.12 14:30:06.596,1.2187,1.21887,1.73,1.54
2012.11.12 14:30:07.118,1.21869,1.21887,1.54,2.29
2012.11.12 14:30:08.527,1.21873,1.21889,1.73,2.29
2012.11.12 14:30:08.588,1.21873,1.21889,1.73,2.29
2012.11.12 14:30:08.707,1.21873,1.21889,1.54,1.50
2012.11.12 14:30:08.896,1.21875,1.21892,1.54,1.50
2012.11.12 14:30:08.959,1.21874,1.21892,1.54,2.25
2012.11.12 14:30:09.268,1.2187,1.21888,2.29,1.54
2012.11.12 14:30:09.447,1.2187,1.21887,2.29,1.50
2012.11.12 14:30:09.756,1.21866,1.21883,2.48,1.54
2012.11.12 14:30:10.617,1.21865,1.21883,1.73,2.29
2012.11.12 14:30:10.919,1.21862,1.21878,1.32,1.73
2012.11.12 14:30:11.226,1.21868,1.21878,1.73,1.50
2012.11.12 14:30:11.348,1.21869,1.21884,1.73,1.32
2012.11.12 14:30:11.406,1.21869,1.21884,1.73,1.32
2012.11.12 14:30:11.926,1.21869,1.21888,2.29,1.73
2012.11.12 14:30:13.098,1.21869,1.21888,2.29,1.73
2012.11.12 14:30:13.537,1.21868,1.21886,2.29,2.48
2012.11.12 14:30:13.898,1.21864,1.21881,3.23,1.54
2012.11.12 14:30:14.220,1.21864,1.21882,2.48,1.54
2012.11.12 14:30:14.536,1.21864,1.21881,1.50,1.54
2012.11.12 14:30:14.839,1.21872,1.21889,1.54,1.73
2012.11.12 14:30:15.048,1.21872,1.21889,1.54,1.73
2012.11.12 14:30:16.667,1.2187,1.21888,1.73,4.73
2012.11.12 14:30:17.915,1.21868,1.21885,1.73,2.07
2012.11.12 14:30:17.988,1.21868,1.21886,2.29,3.04
2012.11.12 14:30:18.597,1.2187,1.21886,3.00,1.73
2012.11.12 14:30:18.835,1.21871,1.21887,1.54,1.73
2012.11.12 14:30:18.970,1.21872,1.21888,2.29,2.33
2012.11.12 14:30:19.451,1.21872,1.21888,1.54,1.58
2012.11.12 14:30:19.997,1.21873,1.21888,1.54,2.48
2012.11.12 14:30:20.238,1.21873,1.21891,1.54,1.73
2012.11.12 14:30:20.778,1.21872,1.21889,2.48,1.54
2012.11.12 14:30:20.836,1.21872,1.21889,2.48,1.54
2012.11.12 14:30:21.018,1.21872,1.21889,2.48,2.29
2012.11.12 14:30:23.627,1.21874,1.21891,1.54,1.73
2012.11.12 14:30:23.809,1.21874,1.21891,1.54,1.73
2012.11.12 14:30:27.267,1.21874,1.21891,1.54,1.50
2012.11.12 14:30:27.386,1.21874,1.21892,1.54,1.50
2012.11.12 14:30:28.221,1.21874,1.21892,2.29,1.73
2012.11.12 14:30:29.777,1.21873,1.2189,1.50,1.54
2012.11.12 14:30:30.601,1.21873,1.2189,1.73,1.54
2012.11.12 14:30:31.740,1.21874,1.21892,1.73,2.29
2012.11.12 14:30:33.377,1.21877,1.21893,1.73,2.29
2012.11.12 14:30:33.679,1.21877,1.21893,2.29,1.54
2012.11.12 14:30:33.739,1.21877,1.21893,1.54,1.54
2012.11.12 14:30:34.276,1.21877,1.21892,1.73,1.54
2012.11.12 14:30:37.967,1.21877,1.21894,1.50,1.54
2012.11.12 14:30:38.086,1.21877,1.21894,1.73,1.54
2012.11.12 14:30:40.227,1.21879,1.21895,1.54,1.73
2012.11.12 14:30:44.088,1.21877,1.21894,2.29,2.48
2012.11.12 14:30:44.396,1.21877,1.21893,1.32,1.73
2012.11.12 14:30:45.167,1.21875,1.21893,1.54,2.29
2012.11.12 14:30:46.538,1.21874,1.21893,2.29,3.04
2012.11.12 14:30:46.598,1.21874,1.21892,1.54,1.73
2012.11.12 14:30:47.669,1.21873,1.21891,1.73,1.54
2012.11.12 14:30:50.326,1.21871,1.21886,1.50,1.54
2012.11.12 14:30:50.987,1.21869,1.21886,1.73,1.54
2012.11.12 14:30:51.111,1.21868,1.21886,1.50,2.29
2012.11.12 14:30:51.177,1.21868,1.21886,2.33,2.29
2012.11.12 14:30:51.418,1.21871,1.21886,1.73,1.32
2012.11.12 14:30:51.976,1.21873,1.2189,1.73,1.54
2012.11.12 14:30:52.867,1.21872,1.21889,1.54,1.73
2012.11.12 14:30:55.188,1.21876,1.21892,1.32,2.03
2012.11.12 14:30:55.248,1.21877,1.21893,1.54,3.53
2012.11.12 14:30:56.987,1.21875,1.21892,3.98,1.35
2012.11.12 14:30:57.048,1.21875,1.21892,3.98,1.35
2012.11.12 14:30:57.596,1.21875,1.2189,3.23,1.50
2012.11.12 14:30:58.348,1.21878,1.21893,1.54,1.35
2012.11.12 14:30:58.628,1.21876,1.21893,1.73,1.54
2012.11.12 14:30:58.688,1.21876,1.21893,1.50,1.54
2012.11.12 14:30:58.866,1.21872,1.21891,2.48,1.54
2012.11.12 14:30:59.727,1.21872,1.21891,2.48,1.54
2012.11.12 14:31:00.028,1.21874,1.21891,2.25,1.22
2012.11.12 14:31:00.088,1.21874,1.21892,2.48,1.54
2012.11.12 14:31:00.596,1.21874,1.21892,2.48,1.54
2012.11.12 14:31:01.078,1.21876,1.21891,1.73,1.32
2012.11.12 14:31:01.617,1.21877,1.21894,2.48,3.23
2012.11.12 14:31:02.457,1.21877,1.21895,3.04,1.73
2012.11.12 14:31:02.878,1.21877,1.21895,1.32,1.73
2012.11.12 14:31:02.937,1.21877,1.21896,2.29,2.48
2012.11.12 14:31:03.477,1.21879,1.21897,1.73,2.29
2012.11.12 14:31:04.017,1.21878,1.21896,1.73,2.29
2012.11.12 14:31:04.560,1.21877,1.21896,1.73,3.04
2012.11.12 14:31:06.127,1.21878,1.21894,1.54,1.73
2012.11.12 14:31:06.188,1.21877,1.21892,1.50,1.54
2012.11.12 14:31:06.755,1.21873,1.21892,5.48,2.29
2012.11.12 14:31:08.796,1.21873,1.21892,2.48,2.29
2012.11.12 14:31:09.337,1.21873,1.21891,1.50,1.73
2012.11.12 14:31:10.877,1.21873,1.21889,1.50,1.35
2012.11.12 14:31:12.439,1.21869,1.21886,1.73,3.98
2012.11.12 14:31:12.759,1.21868,1.21884,2.25,1.54
2012.11.12 14:31:14.178,1.21869,1.21884,3.75,1.54
2012.11.12 14:31:14.479,1.21872,1.21888,1.54,1.54
2012.11.12 14:31:14.858,1.21872,1.21889,1.54,2.10
2012.11.12 14:31:14.917,1.21872,1.21888,1.54,2.48
2012.11.12 14:31:15.037,1.21872,1.21889,2.29,2.10
2012.11.12 14:31:15.158,1.21872,1.21886,2.29,1.73
2012.11.12 14:31:15.477,1.21869,1.21884,1.50,1.36
2012.11.12 14:31:15.598,1.21869,1.21886,1.50,2.29
2012.11.12 14:31:16.947,1.21869,1.21886,2.25,2.29
2012.11.12 14:31:17.307,1.21866,1.21884,1.54,1.73
2012.11.12 14:31:19.031,1.21865,1.21882,3.75,1.54
2012.11.12 14:31:19.099,1.21865,1.21882,3.75,1.54
2012.11.12 14:31:19.231,1.21865,1.21882,3.23,1.54
2012.11.12 14:31:19.357,1.21865,1.21883,4.73,3.23
2012.11.12 14:31:19.978,1.21868,1.21882,1.50,1.54
2012.11.12 14:31:20.102,1.21871,1.21885,1.73,1.73
2012.11.12 14:31:20.606,1.21871,1.21887,2.48,1.73
2012.11.12 14:31:25.009,1.21871,1.21888,2.48,1.73
2012.11.12 14:31:25.918,1.21872,1.21887,1.73,1.73
2012.11.12 14:31:26.426,1.21872,1.21888,1.73,1.73
2012.11.12 14:31:28.556,1.21873,1.21887,1.73,1.73
2012.11.12 14:31:28.676,1.21873,1.21887,1.73,1.73
2012.11.12 14:31:32.801,1.21875,1.21889,2.10,1.73
2012.11.12 14:31:32.942,1.21872,1.21887,1.73,1.54
2012.11.12 14:31:33.010,1.21872,1.21886,1.73,1.32
2012.11.12 14:31:33.438,1.21872,1.21886,1.73,1.54
2012.11.12 14:31:33.560,1.21871,1.21886,1.50,1.54
2012.11.12 14:31:35.477,1.2187,1.21881,1.73,1.73
2012.11.12 14:31:35.553,1.21868,1.21881,1.54,1.73
2012.11.12 14:31:35.623,1.21868,1.21885,1.54,1.73
2012.11.12 14:31:35.762,1.21868,1.21884,1.32,1.58
2012.11.12 14:31:36.248,1.21871,1.21885,1.50,2.33
2012.11.12 14:31:36.491,1.21871,1.21886,1.73,1.54
2012.11.12 14:31:36.631,1.21868,1.21886,1.73,1.47
2012.11.12 14:31:36.704,1.21869,1.21886,1.73,1.47
2012.11.12 14:31:37.090,1.21868,1.21885,1.50,1.47
2012.11.12 14:31:37.160,1.21867,1.21884,1.50,1.65
2012.11.12 14:31:37.289,1.21862,1.21882,3.23,3.90
2012.11.12 14:31:37.418,1.21864,1.21882,1.73,3.90
2012.11.12 14:31:38.206,1.21864,1.21879,2.48,1.32
2012.11.12 14:31:38.857,1.21864,1.2188,2.29,1.43
2012.11.12 14:31:41.167,1.21864,1.21882,2.29,1.73
2012.11.12 14:31:41.468,1.21868,1.21883,1.50,1.73
2012.11.12 14:31:41.527,1.21868,1.21883,1.73,1.73
2012.11.12 14:31:41.647,1.21868,1.21883,1.73,4.73
2012.11.12 14:31:41.827,1.21864,1.21883,1.73,5.48
2012.11.12 14:31:41.886,1.21862,1.2188,2.29,1.54
2012.11.12 14:31:43.907,1.21862,1.2188,1.54,1.54
2012.11.12 14:31:46.419,1.21865,1.21883,1.54,3.04
2012.11.12 14:31:52.548,1.21864,1.21881,1.32,1.73
2012.11.12 14:31:52.867,1.2186,1.21874,3.00,1.54
2012.11.12 14:31:53.107,1.21858,1.21875,2.29,1.73
2012.11.12 14:31:53.169,1.21862,1.21879,3.00,2.48
2012.11.12 14:31:53.762,1.21864,1.21882,1.54,1.32
2012.11.12 14:31:53.834,1.21863,1.2188,1.54,1.50
2012.11.12 14:31:54.257,1.21863,1.2188,1.54,1.73
2012.11.12 14:31:56.276,1.21863,1.2188,2.29,1.73
2012.11.12 14:31:56.846,1.21864,1.21882,2.07,1.54
2012.11.12 14:31:58.547,1.21864,1.2188,2.48,1.54
2012.11.12 14:31:58.967,1.21865,1.21883,1.50,1.54
2012.11.12 14:32:00.066,1.21865,1.21883,1.50,3.98
2012.11.12 14:32:00.726,1.21865,1.21883,1.50,3.98
2012.11.12 14:32:01.028,1.21867,1.21885,1.54,1.73
2012.11.12 14:32:01.209,1.21868,1.21885,1.50,1.73
2012.11.12 14:32:01.569,1.21873,1.21887,3.75,1.73
2012.11.12 14:32:01.870,1.21873,1.21887,3.98,1.50
2012.11.12 14:32:02.517,1.21873,1.21887,3.75,1.73
2012.11.12 14:32:03.048,1.21873,1.21886,2.44,1.73
2012.11.12 14:32:03.467,1.21866,1.21883,1.73,1.54
2012.11.12 14:32:04.004,1.21867,1.21884,1.50,1.54
2012.11.12 14:32:05.118,1.21866,1.21882,1.73,1.54
2012.11.12 14:32:05.732,1.21866,1.21881,1.73,1.73
2012.11.12 14:32:05.868,1.21866,1.21881,1.73,1.50
2012.11.12 14:32:06.229,1.2187,1.21885,1.73,1.92
2012.11.12 14:32:06.357,1.21866,1.21884,1.50,1.73
2012.11.12 14:32:07.129,1.21866,1.21885,2.25,2.67
2012.11.12 14:32:07.187,1.21866,1.21885,2.48,2.67
2012.11.12 14:32:08.188,1.21866,1.21881,1.73,3.23
2012.11.12 14:32:08.248,1.21865,1.21881,1.50,3.98
2012.11.12 14:32:08.427,1.21862,1.21878,3.98,2.29
2012.11.12 14:32:08.548,1.21861,1.21878,1.73,3.04
2012.11.12 14:32:09.087,1.21862,1.21881,3.23,3.83
2012.11.12 14:32:10.828,1.21863,1.21876,1.50,3.23
2012.11.12 14:32:11.188,1.21863,1.21881,2.48,2.29
2012.11.12 14:32:11.949,1.21862,1.2188,2.48,1.73
2012.11.12 14:32:13.152,1.2186,1.21879,1.54,1.73
2012.11.12 14:32:13.457,1.21859,1.21877,1.50,3.98
2012.11.12 14:32:13.817,1.21864,1.21879,1.50,1.09
2012.11.12 14:32:14.147,1.21864,1.21882,1.50,1.54
2012.11.12 14:32:14.270,1.21864,1.21882,1.73,1.54
2012.11.12 14:32:14.578,1.21863,1.2188,1.73,1.54
2012.11.12 14:32:14.697,1.21864,1.21882,2.48,1.54
2012.11.12 14:32:15.358,1.21868,1.21883,2.33,3.23
2012.11.12 14:32:15.477,1.21871,1.21887,2.14,2.48
2012.11.12 14:32:17.958,1.21872,1.21889,1.54,2.48
2012.11.12 14:32:18.197,1.2187,1.21888,1.54,1.73
2012.11.12 14:32:18.528,1.2187,1.21888,1.54,1.73
2012.11.12 14:32:18.947,1.21867,1.21885,1.54,2.29
2012.11.12 14:32:21.128,1.21866,1.21884,1.32,1.54
2012.11.12 14:32:21.487,1.2187,1.21887,1.73,3.98
2012.11.12 14:32:25.217,1.21869,1.21886,1.54,1.73
2012.11.12 14:32:25.277,1.21869,1.21886,1.54,1.73
2012.11.12 14:32:27.377,1.21871,1.21886,1.73,1.54
2012.11.12 14:32:27.498,1.21869,1.21886,3.00,1.54
2012.11.12 14:32:28.017,1.21867,1.21885,1.73,1.54
2012.11.12 14:32:33.096,1.21865,1.21882,1.32,1.73
2012.11.12 14:32:33.738,1.21863,1.21882,2.82,2.48
2012.11.12 14:32:33.977,1.21862,1.21878,2.48,1.54
2012.11.12 14:32:34.338,1.21862,1.21879,2.25,3.98
2012.11.12 14:32:35.357,1.21859,1.21876,1.73,1.54
2012.11.12 14:32:35.417,1.21859,1.21876,1.50,1.54
2012.11.12 14:32:35.966,1.21857,1.21876,1.73,1.54
2012.11.12 14:32:38.437,1.21859,1.21877,2.48,1.54
2012.11.12 14:32:38.738,1.21868,1.2188,1.32,1.23
2012.11.12 14:32:38.917,1.21867,1.21885,2.29,1.73
2012.11.12 14:32:39.037,1.21867,1.21885,1.50,3.98
2012.11.12 14:32:39.576,1.21866,1.21885,2.25,4.20
2012.11.12 14:32:40.568,1.21863,1.21881,2.07,1.54
2012.11.12 14:32:47.016,1.21865,1.21882,1.50,2.29
2012.11.12 14:32:49.710,1.21868,1.21885,1.32,1.95
2012.11.12 14:32:49.779,1.21869,1.21886,1.32,2.29
2012.11.12 14:32:50.333,1.21869,1.21886,1.32,2.88
2012.11.12 14:32:50.400,1.21868,1.21885,1.32,1.73
2012.11.12 14:32:50.928,1.21866,1.21884,4.73,1.73
2012.11.12 14:32:51.306,1.21867,1.21883,1.32,1.73
2012.11.12 14:32:51.668,1.21865,1.21884,2.07,3.60
2012.11.12 14:32:52.647,1.21867,1.21884,1.32,1.50
2012.11.12 14:32:52.950,1.2187,1.21885,1.73,1.54
2012.11.12 14:32:53.457,1.21872,1.2189,2.29,2.78
2012.11.12 14:32:53.903,1.21872,1.21886,1.54,3.98
2012.11.12 14:32:54.167,1.21864,1.2188,1.50,1.54
2012.11.12 14:32:54.406,1.21862,1.21881,4.58,1.54
2012.11.12 14:32:54.526,1.21863,1.2188,1.50,2.29
2012.11.12 14:32:54.647,1.21862,1.2188,3.08,1.54
2012.11.12 14:32:54.771,1.21862,1.2188,3.08,1.54
2012.11.12 14:32:54.914,1.21862,1.2188,3.08,1.54
2012.11.12 14:32:55.036,1.21862,1.2188,3.08,2.29
2012.11.12 14:32:55.157,1.21862,1.21881,3.64,1.73
2012.11.12 14:32:55.848,1.21862,1.2188,4.39,1.73
2012.11.12 14:32:56.178,1.21862,1.21882,4.99,2.29
2012.11.12 14:32:56.430,1.21865,1.21879,3.79,1.73
2012.11.12 14:32:56.679,1.21862,1.21877,1.58,1.54
2012.11.12 14:32:57.196,1.21859,1.21877,4.17,1.54
2012.11.12 14:32:57.736,1.21859,1.21876,1.50,1.54
2012.11.12 14:32:58.286,1.21859,1.21876,1.50,1.54
2012.11.12 14:32:59.659,1.21859,1.21878,1.50,3.04
2012.11.12 14:32:59.898,1.21858,1.21878,3.04,3.04
2012.11.12 14:33:00.196,1.21858,1.21877,3.04,1.73
2012.11.12 14:33:00.317,1.21858,1.21877,3.04,1.73
2012.11.12 14:33:00.438,1.21858,1.21878,2.29,3.04
2012.11.12 14:33:00.617,1.21858,1.21878,2.29,3.04
2012.11.12 14:33:01.318,1.21858,1.21871,1.50,1.54
2012.11.12 14:33:01.839,1.21857,1.21874,2.48,3.23
2012.11.12 14:33:01.914,1.21858,1.21874,1.50,3.23
2012.11.12 14:33:02.159,1.21853,1.21871,2.29,2.29
2012.11.12 14:33:02.407,1.21853,1.21871,1.32,2.04
2012.11.12 14:33:02.720,1.21853,1.21871,1.32,2.79
2012.11.12 14:33:03.028,1.21852,1.21869,1.50,1.38
2012.11.12 14:33:03.087,1.21853,1.21871,1.50,2.29
2012.11.12 14:33:03.327,1.21851,1.21869,1.32,1.73
2012.11.12 14:33:03.447,1.21854,1.2187,1.50,1.73
2012.11.12 14:33:03.808,1.21855,1.21871,1.50,1.54
2012.11.12 14:33:03.929,1.21858,1.21871,1.50,1.54
2012.11.12 14:33:03.987,1.21858,1.21871,1.50,1.54
2012.11.12 14:33:04.107,1.21857,1.21872,1.50,1.54
2012.11.12 14:33:04.666,1.21855,1.21872,1.50,1.54
2012.11.12 14:33:06.749,1.21851,1.2187,1.73,3.98
2012.11.12 14:33:06.877,1.2185,1.2187,3.23,3.98
2012.11.12 14:33:06.997,1.2185,1.2187,3.00,4.20
2012.11.12 14:33:07.358,1.21853,1.2187,1.50,1.52
2012.11.12 14:33:09.310,1.21851,1.21868,2.25,1.54
2012.11.12 14:33:09.759,1.21853,1.21872,2.29,1.73
2012.11.12 14:33:09.887,1.21857,1.21873,1.50,2.29
2012.11.12 14:33:10.999,1.21856,1.21869,1.50,3.98
2012.11.12 14:33:11.247,1.21857,1.21873,1.50,1.54
2012.11.12 14:33:11.427,1.21854,1.21873,1.73,2.29
2012.11.12 14:33:14.578,1.21856,1.21873,1.50,1.54
2012.11.12 14:33:15.698,1.21855,1.21873,1.50,1.54
