2010.09.16 19:00:00.806,1.398,1.39835,2.80,1.00
2010.09.16 19:00:01.579,1.398,1.39835,1.20,1.00
2010.09.16 19:00:01.887,1.398,1.39835,1.20,1.60
2010.09.16 19:00:02.724,1.398,1.39835,1.20,1.00
2010.09.16 19:00:03.685,1.398,1.3984,1.20,4.50
2010.09.16 19:00:04.826,1.398,1.39835,1.20,1.00
2010.09.16 19:00:04.959,1.39805,1.39835,1.00,1.00
2010.09.16 19:00:05.087,1.3981,1.3984,1.00,1.00
2010.09.16 19:00:06.576,1.3981,1.39835,1.00,1.00
2010.09.16 19:00:06.846,1.39805,1.39835,1.20,1.00
2010.09.16 19:00:07.340,1.39805,1.39835,1.20,1.00
2010.09.16 19:00:08.487,1.39805,1.39835,1.20,6.40
2010.09.16 19:00:08.679,1.398,1.3984,1.20,5.20
2010.09.16 19:00:10.380,1.398,1.3984,1.20,4.50
2010.09.16 19:00:10.917,1.398,1.39835,1.20,1.00
2010.09.16 19:00:12.185,1.398,1.39835,1.20,6.40
2010.09.16 19:00:12.320,1.39795,1.39835,1.20,8.40
2010.09.16 19:00:12.447,1.39795,1.3983,1.00,1.00
2010.09.16 19:00:18.515,1.39795,1.39825,1.00,1.00
2010.09.16 19:00:25.556,1.39795,1.3982,1.00,1.00
2010.09.16 19:00:32.514,1.39795,1.39825,1.00,1.00
2010.09.16 19:00:33.780,1.39795,1.3982,1.00,1.00
2010.09.16 19:00:34.596,1.39795,1.39825,1.00,1.60
2010.09.16 19:00:34.676,1.3979,1.39825,8.00,1.60
2010.09.16 19:00:35.185,1.3979,1.39825,4.80,4.40
2010.09.16 19:00:35.527,1.39785,1.39825,2.80,6.60
2010.09.16 19:00:36.653,1.3979,1.39825,1.20,1.00
2010.09.16 19:00:39.206,1.3979,1.39825,1.20,1.00
2010.09.16 19:00:39.315,1.3979,1.39825,1.20,1.80
2010.09.16 19:00:39.426,1.3979,1.39825,1.20,6.60
2010.09.16 19:00:45.305,1.3979,1.39825,1.20,6.40
2010.09.16 19:00:47.776,1.3979,1.39825,1.20,6.50
2010.09.16 19:00:53.046,1.3979,1.3982,1.20,1.00
2010.09.16 19:00:53.077,1.3979,1.3982,1.20,2.40
2010.09.16 19:00:53.105,1.3979,1.39815,1.20,2.40
2010.09.16 19:00:54.722,1.39785,1.39815,2.80,2.80
2010.09.16 19:00:54.871,1.39785,1.3981,1.00,2.40
2010.09.16 19:00:55.708,1.39785,1.3982,1.20,4.80
2010.09.16 19:00:56.870,1.39785,1.3982,1.20,4.80
2010.09.16 19:00:58.945,1.39785,1.39815,1.20,1.00
2010.09.16 19:00:59.825,1.39785,1.3982,1.20,4.90
2010.09.16 19:01:03.777,1.39785,1.39815,1.20,1.00
2010.09.16 19:01:03.945,1.39785,1.39815,3.30,1.00
2010.09.16 19:01:04.089,1.39785,1.3981,9.70,1.00
2010.09.16 19:01:04.240,1.39785,1.39815,6.50,1.00
2010.09.16 19:01:04.738,1.39785,1.39815,6.40,1.00
2010.09.16 19:01:05.093,1.39785,1.39815,1.60,1.00
2010.09.16 19:01:07.567,1.39785,1.3982,1.20,4.80
2010.09.16 19:01:08.265,1.39785,1.3982,1.20,4.80
2010.09.16 19:01:10.278,1.39785,1.39815,1.20,1.00
2010.09.16 19:01:11.028,1.39785,1.3982,1.20,4.90
2010.09.16 19:01:22.457,1.39785,1.3982,3.30,4.90
2010.09.16 19:01:22.579,1.3979,1.3982,1.00,1.00
2010.09.16 19:01:23.729,1.3979,1.3982,1.00,1.00
2010.09.16 19:01:24.370,1.39785,1.39815,1.20,1.00
2010.09.16 19:01:35.727,1.3978,1.39815,1.00,1.00
2010.09.16 19:01:35.848,1.39775,1.39815,6.40,2.40
2010.09.16 19:01:36.355,1.39775,1.39815,4.00,5.60
2010.09.16 19:01:36.643,1.39775,1.39815,3.20,6.50
2010.09.16 19:01:42.838,1.39775,1.39815,1.60,8.10
2010.09.16 19:01:43.478,1.39775,1.39815,1.60,8.10
2010.09.16 19:01:43.658,1.39775,1.39815,1.60,6.50
2010.09.16 19:01:47.506,1.39775,1.39815,1.20,6.50
2010.09.16 19:01:47.877,1.39775,1.39815,2.80,6.50
2010.09.16 19:01:47.917,1.3978,1.39815,1.20,4.90
2010.09.16 19:01:47.960,1.3978,1.39815,1.20,2.50
2010.09.16 19:01:47.998,1.3978,1.3981,1.20,1.00
2010.09.16 19:01:48.580,1.3978,1.3981,1.20,1.00
2010.09.16 19:01:49.178,1.3978,1.39815,1.20,1.00
2010.09.16 19:01:49.481,1.39775,1.39815,3.60,3.30
2010.09.16 19:01:50.580,1.39775,1.39815,1.20,5.70
2010.09.16 19:01:52.906,1.39775,1.39815,1.20,7.30
2010.09.16 19:01:53.076,1.39775,1.39815,1.20,5.70
2010.09.16 19:01:57.859,1.39775,1.3981,1.20,1.00
2010.09.16 19:02:12.346,1.39775,1.39815,1.20,7.20
2010.09.16 19:02:12.477,1.3978,1.39815,1.00,7.30
2010.09.16 19:02:12.606,1.3978,1.39815,1.20,1.70
2010.09.16 19:02:13.444,1.39785,1.39815,1.20,1.00
2010.09.16 19:02:13.738,1.39785,1.39815,1.20,1.00
2010.09.16 19:02:16.860,1.3979,1.39815,1.00,1.00
2010.09.16 19:02:17.100,1.3979,1.39825,1.00,1.00
2010.09.16 19:02:17.179,1.39785,1.39825,7.20,5.70
2010.09.16 19:02:17.710,1.39785,1.3982,2.40,4.80
2010.09.16 19:02:18.049,1.39785,1.3982,1.20,4.90
2010.09.16 19:02:20.865,1.39785,1.3982,1.20,4.80
2010.09.16 19:02:23.338,1.39785,1.3982,1.20,4.80
2010.09.16 19:02:33.123,1.39785,1.3982,1.20,6.40
2010.09.16 19:02:33.188,1.39785,1.39815,1.20,1.00
2010.09.16 19:02:34.046,1.39775,1.39815,1.60,7.20
2010.09.16 19:02:37.346,1.39775,1.39815,1.20,7.20
2010.09.16 19:02:38.316,1.39795,1.39815,2.40,2.40
2010.09.16 19:02:38.429,1.39795,1.3982,2.40,1.00
2010.09.16 19:02:38.538,1.3979,1.3982,1.20,1.00
2010.09.16 19:02:42.437,1.39785,1.3982,1.20,1.00
2010.09.16 19:02:43.115,1.3979,1.3982,1.00,1.00
2010.09.16 19:02:43.459,1.3979,1.3982,1.20,1.00
2010.09.16 19:02:43.801,1.39785,1.3982,6.00,1.00
2010.09.16 19:02:44.517,1.39785,1.3982,5.20,1.00
2010.09.16 19:02:45.082,1.39785,1.3982,5.20,1.00
2010.09.16 19:02:45.989,1.39785,1.3982,5.20,1.00
2010.09.16 19:02:46.780,1.39785,1.39815,1.00,4.00
2010.09.16 19:02:48.667,1.39785,1.39815,1.00,1.60
2010.09.16 19:02:57.825,1.39785,1.3982,1.00,1.00
2010.09.16 19:02:58.148,1.39785,1.39815,1.00,1.60
2010.09.16 19:02:58.863,1.39785,1.3982,1.00,1.00
2010.09.16 19:03:06.037,1.39785,1.39815,1.00,1.60
2010.09.16 19:03:07.257,1.39785,1.3981,1.00,2.40
2010.09.16 19:03:07.433,1.3978,1.3981,1.00,2.40
2010.09.16 19:03:08.817,1.3978,1.39815,1.00,1.60
2010.09.16 19:03:09.312,1.3978,1.39815,2.00,1.60
2010.09.16 19:03:09.390,1.3978,1.39815,2.00,1.60
2010.09.16 19:03:14.135,1.39785,1.39815,1.00,1.60
2010.09.16 19:03:18.608,1.39785,1.39825,1.00,10.00
2010.09.16 19:03:24.237,1.3979,1.39825,2.10,7.70
2010.09.16 19:03:24.378,1.3979,1.39825,5.20,2.50
2010.09.16 19:03:25.341,1.3979,1.39825,1.00,2.50
2010.09.16 19:03:26.370,1.3979,1.39825,1.00,2.40
2010.09.16 19:03:27.755,1.3979,1.39825,1.00,2.40
2010.09.16 19:03:28.916,1.3979,1.39825,1.00,2.40
2010.09.16 19:03:29.236,1.39785,1.39825,6.00,2.40
2010.09.16 19:03:29.397,1.39785,1.39825,6.00,3.20
2010.09.16 19:03:30.765,1.39785,1.39825,6.00,3.20
2010.09.16 19:03:34.470,1.39785,1.39825,6.00,3.20
2010.09.16 19:03:37.598,1.39785,1.39825,6.00,3.20
2010.09.16 19:03:41.565,1.39785,1.39825,6.00,3.20
2010.09.16 19:03:47.787,1.39785,1.39825,6.80,3.20
2010.09.16 19:03:47.858,1.39785,1.39825,6.90,3.20
2010.09.16 19:03:47.925,1.39785,1.39825,6.90,1.60
2010.09.16 19:03:48.430,1.3979,1.39825,1.00,1.00
2010.09.16 19:03:48.617,1.39785,1.39825,6.90,2.40
2010.09.16 19:03:48.798,1.39785,1.39825,6.10,2.40
2010.09.16 19:04:07.237,1.39785,1.39825,6.10,2.40
2010.09.16 19:04:07.336,1.39785,1.39825,6.50,2.40
2010.09.16 19:04:07.356,1.39785,1.39825,7.60,2.40
2010.09.16 19:04:07.379,1.39785,1.39825,7.60,2.40
2010.09.16 19:04:07.426,1.3979,1.39825,1.60,2.40
2010.09.16 19:04:07.598,1.3979,1.39825,2.80,1.60
2010.09.16 19:04:07.615,1.3979,1.39825,5.20,1.60
2010.09.16 19:04:07.658,1.3979,1.39825,7.60,1.60
2010.09.16 19:04:11.651,1.39795,1.39825,1.20,1.60
2010.09.16 19:04:12.138,1.39795,1.39825,6.00,1.60
2010.09.16 19:04:12.713,1.39795,1.39825,5.60,1.60
2010.09.16 19:04:13.064,1.3979,1.39825,3.60,1.60
2010.09.16 19:04:21.437,1.39795,1.3983,1.00,1.00
2010.09.16 19:04:21.528,1.39795,1.3983,1.00,1.00
2010.09.16 19:04:21.617,1.398,1.3983,4.00,1.00
2010.09.16 19:04:21.707,1.39805,1.39835,2.40,9.20
2010.09.16 19:04:21.798,1.39805,1.39825,2.40,1.60
2010.09.16 19:04:21.887,1.39795,1.39825,2.80,4.00
2010.09.16 19:04:22.388,1.39795,1.39825,1.60,4.80
2010.09.16 19:04:22.659,1.39785,1.39825,1.20,4.80
2010.09.16 19:04:24.312,1.3979,1.39825,1.00,4.80
2010.09.16 19:04:24.420,1.3979,1.39825,3.60,1.60
2010.09.16 19:04:26.708,1.39795,1.39825,1.20,1.60
2010.09.16 19:04:31.795,1.39795,1.39825,1.00,1.60
2010.09.16 19:04:31.919,1.3979,1.39825,1.20,1.60
2010.09.16 19:04:32.696,1.3979,1.39825,1.20,1.70
2010.09.16 19:04:34.777,1.39795,1.39825,1.00,1.70
2010.09.16 19:04:34.817,1.39795,1.39825,2.00,1.70
2010.09.16 19:04:34.857,1.39795,1.39825,2.00,1.60
2010.09.16 19:04:34.896,1.39795,1.39825,2.50,1.60
2010.09.16 19:04:34.928,1.39795,1.39825,3.30,1.60
2010.09.16 19:04:34.970,1.39795,1.3983,4.10,2.50
2010.09.16 19:04:35.008,1.39795,1.3983,4.10,2.40
2010.09.16 19:04:35.493,1.39795,1.39835,6.50,4.10
2010.09.16 19:04:35.532,1.39805,1.39835,1.00,1.70
2010.09.16 19:04:38.530,1.39805,1.39835,6.40,1.00
2010.09.16 19:04:38.647,1.39805,1.39835,7.30,1.00
2010.09.16 19:04:39.515,1.39805,1.39835,6.40,1.00
2010.09.16 19:04:39.789,1.39805,1.39835,4.00,1.00
2010.09.16 19:04:41.068,1.39805,1.39835,1.60,1.00
2010.09.16 19:04:41.757,1.39805,1.39835,1.60,1.70
2010.09.16 19:04:45.476,1.39805,1.39835,1.60,1.60
2010.09.16 19:04:46.199,1.39805,1.3984,1.20,1.00
2010.09.16 19:04:48.856,1.39805,1.39835,1.20,1.00
2010.09.16 19:04:50.337,1.39805,1.3984,1.20,1.00
2010.09.16 19:04:50.812,1.39805,1.39835,1.20,6.00
2010.09.16 19:04:50.875,1.39795,1.39825,1.60,6.40
2010.09.16 19:04:50.929,1.39795,1.39825,1.60,4.80
2010.09.16 19:04:50.980,1.3979,1.39825,4.50,4.80
2010.09.16 19:04:51.496,1.3979,1.39825,4.50,2.40
2010.09.16 19:04:51.556,1.3979,1.39825,1.20,1.60
2010.09.16 19:04:53.580,1.3979,1.39825,2.80,1.60
2010.09.16 19:04:53.871,1.39795,1.39825,2.40,1.60
2010.09.16 19:04:58.698,1.39795,1.3983,2.40,1.00
2010.09.16 19:05:03.795,1.39795,1.39825,2.40,1.60
2010.09.16 19:05:12.012,1.3979,1.39825,10.00,1.60
2010.09.16 19:05:12.358,1.3979,1.39825,8.40,1.60
2010.09.16 19:05:12.680,1.3979,1.39825,10.10,1.60
2010.09.16 19:05:12.837,1.39795,1.39825,2.40,1.60
2010.09.16 19:05:12.998,1.39795,1.39825,8.40,1.60
2010.09.16 19:05:15.667,1.39795,1.39835,8.50,2.40
2010.09.16 19:05:15.797,1.398,1.39835,1.60,2.40
2010.09.16 19:05:15.930,1.398,1.39835,5.20,1.60
2010.09.16 19:05:16.058,1.398,1.39835,1.20,6.40
2010.09.16 19:05:16.658,1.39795,1.39835,1.20,9.60
2010.09.16 19:05:17.248,1.39795,1.39835,1.30,9.60
2010.09.16 19:05:17.438,1.39795,1.39835,3.70,8.10
2010.09.16 19:05:17.629,1.39795,1.39835,8.50,3.30
2010.09.16 19:05:18.967,1.39795,1.39825,8.50,1.60
2010.09.16 19:05:20.273,1.39795,1.39835,8.50,3.20
2010.09.16 19:05:20.388,1.39795,1.39835,5.40,5.60
2010.09.16 19:05:20.507,1.39795,1.39825,3.70,1.60
2010.09.16 19:05:20.627,1.39795,1.39825,1.30,1.60
2010.09.16 19:05:23.119,1.39795,1.39825,1.20,1.60
2010.09.16 19:05:23.197,1.39795,1.39835,1.20,7.30
2010.09.16 19:05:23.832,1.39795,1.39835,1.20,9.60
2010.09.16 19:05:24.206,1.39795,1.39835,1.20,7.20
2010.09.16 19:05:26.406,1.39795,1.39835,1.20,5.60
2010.09.16 19:05:27.916,1.39795,1.39835,1.20,9.60
2010.09.16 19:05:28.057,1.39795,1.39835,1.20,7.20
2010.09.16 19:05:34.117,1.39795,1.39835,1.20,7.30
2010.09.16 19:05:34.356,1.39795,1.39835,1.20,7.20
2010.09.16 19:05:34.597,1.39795,1.39835,1.20,9.60
2010.09.16 19:05:34.837,1.39795,1.39835,1.20,7.20
2010.09.16 19:05:38.273,1.39795,1.39835,1.20,8.00
2010.09.16 19:05:38.368,1.3979,1.39825,8.50,1.60
2010.09.16 19:05:41.876,1.3979,1.39825,10.10,1.60
2010.09.16 19:05:42.166,1.3979,1.3983,10.10,1.00
2010.09.16 19:05:42.306,1.39795,1.39835,1.00,8.80
2010.09.16 19:05:42.446,1.39795,1.39835,1.00,9.60
2010.09.16 19:05:42.586,1.39795,1.39835,1.00,7.20
2010.09.16 19:05:43.648,1.39795,1.3983,1.00,1.60
2010.09.16 19:05:48.478,1.398,1.3983,1.00,1.60
2010.09.16 19:05:48.734,1.39795,1.39835,2.80,5.60
2010.09.16 19:05:52.306,1.39795,1.39835,2.80,5.60
2010.09.16 19:05:53.750,1.39795,1.39835,2.80,5.70
2010.09.16 19:05:57.379,1.398,1.39835,1.00,5.70
2010.09.16 19:05:57.428,1.398,1.39835,1.00,5.70
2010.09.16 19:05:57.477,1.398,1.39835,3.10,5.70
2010.09.16 19:05:57.528,1.398,1.39835,3.10,5.60
2010.09.16 19:05:57.577,1.398,1.3983,5.50,1.00
2010.09.16 19:05:57.627,1.398,1.3983,4.80,1.10
2010.09.16 19:05:57.677,1.398,1.3983,2.40,3.50
2010.09.16 19:05:57.727,1.398,1.3983,2.40,4.40
2010.09.16 19:05:57.778,1.398,1.3983,2.40,5.20
2010.09.16 19:05:57.828,1.3979,1.39825,1.30,1.60
2010.09.16 19:05:57.928,1.3979,1.3983,1.30,7.60
2010.09.16 19:05:57.977,1.3979,1.3983,2.90,7.20
2010.09.16 19:05:58.464,1.3979,1.3983,7.70,4.00
2010.09.16 19:05:58.800,1.39795,1.3983,2.40,1.60
2010.09.16 19:05:59.919,1.39795,1.3983,2.40,1.60
2010.09.16 19:06:01.987,1.39795,1.3983,2.40,1.70
2010.09.16 19:06:04.166,1.39795,1.39825,2.40,1.00
2010.09.16 19:06:05.043,1.398,1.39825,1.00,1.00
2010.09.16 19:06:05.091,1.3979,1.3983,2.90,6.80
2010.09.16 19:06:05.109,1.3979,1.3983,1.30,6.80
2010.09.16 19:06:05.148,1.3979,1.3983,3.00,6.80
2010.09.16 19:06:05.224,1.3979,1.3983,3.00,7.20
2010.09.16 19:06:05.568,1.39795,1.3983,2.40,1.60
2010.09.16 19:06:06.908,1.39795,1.39825,2.40,1.60
2010.09.16 19:06:08.677,1.39775,1.39805,1.60,1.60
2010.09.16 19:06:08.827,1.39775,1.3981,1.60,7.10
2010.09.16 19:06:08.909,1.39775,1.3981,1.20,7.10
2010.09.16 19:06:09.423,1.39775,1.3981,1.20,4.80
2010.09.16 19:06:09.516,1.39775,1.3981,1.20,1.60
2010.09.16 19:06:09.589,1.39775,1.39805,1.20,1.60
2010.09.16 19:06:11.858,1.3977,1.39805,1.20,1.60
2010.09.16 19:06:12.637,1.3977,1.39805,1.30,1.60
2010.09.16 19:06:12.768,1.3977,1.39805,2.90,1.00
2010.09.16 19:06:13.570,1.3977,1.39805,8.40,1.00
2010.09.16 19:06:15.527,1.3977,1.39815,8.40,10.50
2010.09.16 19:06:15.991,1.39775,1.39815,1.00,10.50
2010.09.16 19:06:16.052,1.39775,1.3981,1.20,1.00
2010.09.16 19:06:16.108,1.39775,1.39815,1.30,8.80
2010.09.16 19:06:16.166,1.39775,1.39815,2.90,8.70
2010.09.16 19:06:16.568,1.3978,1.39815,3.60,1.60
2010.09.16 19:06:17.758,1.3978,1.39815,3.60,1.60
2010.09.16 19:06:28.040,1.3978,1.39805,2.40,1.60
2010.09.16 19:06:28.715,1.39775,1.39805,5.20,1.60
2010.09.16 19:06:28.875,1.39775,1.39805,2.40,1.60
2010.09.16 19:06:29.370,1.3977,1.39805,1.20,1.60
2010.09.16 19:06:30.055,1.3977,1.39805,1.20,1.60
2010.09.16 19:06:30.236,1.39765,1.39805,1.20,4.80
2010.09.16 19:06:31.086,1.39765,1.398,1.00,1.00
2010.09.16 19:06:31.436,1.39765,1.39805,8.40,2.40
2010.09.16 19:06:47.982,1.39765,1.39805,8.80,2.40
2010.09.16 19:06:48.366,1.39765,1.39805,8.40,2.40
2010.09.16 19:07:03.168,1.3977,1.39805,1.20,2.40
2010.09.16 19:07:06.600,1.3977,1.39775,1.20,1.00
2010.09.16 19:07:07.069,1.3977,1.39775,1.00,1.60
2010.09.16 19:07:07.195,1.39745,1.39775,1.20,6.40
2010.09.16 19:07:07.441,1.39745,1.39775,1.20,1.60
2010.09.16 19:07:07.918,1.3975,1.39775,1.20,1.60
2010.09.16 19:07:09.677,1.3975,1.3978,1.20,2.40
2010.09.16 19:07:12.006,1.3975,1.39785,1.20,4.00
2010.09.16 19:07:12.351,1.3975,1.39785,1.20,4.40
2010.09.16 19:07:14.503,1.3975,1.39785,1.20,4.00
2010.09.16 19:07:16.427,1.39745,1.39785,3.60,4.80
2010.09.16 19:07:20.518,1.39745,1.39785,3.60,3.60
2010.09.16 19:07:20.717,1.39745,1.39785,3.60,3.20
2010.09.16 19:07:25.506,1.39745,1.39785,3.60,8.40
2010.09.16 19:07:25.579,1.39745,1.39785,3.60,10.00
2010.09.16 19:07:25.648,1.39745,1.3978,1.20,2.40
2010.09.16 19:07:25.717,1.39745,1.3978,1.00,5.20
2010.09.16 19:07:26.711,1.3974,1.3978,1.20,7.60
2010.09.16 19:07:27.019,1.3974,1.3978,1.20,8.40
2010.09.16 19:07:29.447,1.3974,1.3978,1.20,8.50
2010.09.16 19:07:30.933,1.3974,1.39775,1.20,1.00
2010.09.16 19:07:31.517,1.3974,1.39775,1.20,6.10
2010.09.16 19:07:31.658,1.3974,1.3977,1.20,1.00
2010.09.16 19:07:31.807,1.39735,1.3976,4.80,1.60
2010.09.16 19:07:32.518,1.39735,1.3975,2.40,1.00
2010.09.16 19:07:32.744,1.39705,1.3972,2.00,2.40
2010.09.16 19:07:32.970,1.39705,1.39725,1.00,3.20
2010.09.16 19:07:33.191,1.39695,1.39715,2.00,2.40
2010.09.16 19:07:34.718,1.39695,1.39725,2.00,4.80
2010.09.16 19:07:35.066,1.39695,1.3973,5.20,4.80
2010.09.16 19:07:35.408,1.39695,1.3973,5.20,4.80
2010.09.16 19:07:36.558,1.397,1.39725,1.60,2.40
2010.09.16 19:07:36.901,1.39695,1.39725,5.20,2.40
2010.09.16 19:07:37.167,1.39695,1.3973,5.20,4.80
2010.09.16 19:07:37.904,1.39695,1.39725,2.00,2.40
2010.09.16 19:07:38.132,1.39695,1.3973,3.20,4.80
2010.09.16 19:07:39.094,1.39695,1.3973,4.80,4.80
2010.09.16 19:07:40.449,1.397,1.3973,1.00,4.80
2010.09.16 19:07:40.628,1.39705,1.3973,3.20,4.80
2010.09.16 19:07:41.099,1.39705,1.3973,3.20,2.40
2010.09.16 19:07:41.280,1.39705,1.39745,1.20,5.60
2010.09.16 19:07:42.498,1.39705,1.39745,1.20,5.60
2010.09.16 19:07:42.658,1.39705,1.39745,2.90,5.60
2010.09.16 19:07:42.818,1.3971,1.39745,2.40,3.20
2010.09.16 19:07:43.808,1.3971,1.39745,2.40,3.20
2010.09.16 19:07:43.994,1.39705,1.39745,3.60,7.20
2010.09.16 19:07:44.177,1.39705,1.39745,1.20,7.20
2010.09.16 19:07:45.038,1.39705,1.39745,1.20,7.30
2010.09.16 19:07:45.177,1.39705,1.39745,3.60,5.70
2010.09.16 19:07:45.988,1.39705,1.39745,8.40,3.30
2010.09.16 19:07:46.716,1.39705,1.3974,8.40,1.00
2010.09.16 19:07:49.822,1.39705,1.39725,8.40,1.60
2010.09.16 19:07:49.965,1.39705,1.39715,1.00,5.20
2010.09.16 19:07:50.103,1.39695,1.39715,1.00,4.40
2010.09.16 19:07:50.326,1.39695,1.39715,2.00,2.40
2010.09.16 19:07:51.194,1.39695,1.39725,2.00,1.60
2010.09.16 19:07:56.387,1.39695,1.39725,2.00,1.60
2010.09.16 19:07:56.696,1.39695,1.39725,2.00,1.70
2010.09.16 19:08:00.579,1.39695,1.39725,2.00,1.60
2010.09.16 19:08:00.728,1.39695,1.39725,2.00,2.40
2010.09.16 19:08:00.878,1.39695,1.39725,2.00,7.20
2010.09.16 19:08:01.938,1.39695,1.39725,2.00,7.30
2010.09.16 19:08:04.024,1.39695,1.3972,2.00,1.00
2010.09.16 19:08:07.998,1.39695,1.39725,4.40,4.00
2010.09.16 19:08:08.100,1.39695,1.39735,4.40,8.00
2010.09.16 19:08:08.198,1.397,1.39735,2.40,3.20
2010.09.16 19:08:09.025,1.397,1.39735,2.40,3.30
2010.09.16 19:08:09.707,1.397,1.3973,2.40,1.00
2010.09.16 19:08:11.158,1.397,1.3973,2.40,1.00
2010.09.16 19:08:11.539,1.39695,1.3973,2.00,1.00
2010.09.16 19:08:12.350,1.397,1.39735,4.50,4.90
2010.09.16 19:08:12.596,1.397,1.39735,2.80,2.40
2010.09.16 19:08:12.841,1.397,1.39735,1.00,2.40
2010.09.16 19:08:13.180,1.397,1.3973,1.00,1.00
2010.09.16 19:08:13.984,1.397,1.39735,1.00,2.40
2010.09.16 19:08:14.200,1.397,1.39735,1.00,2.50
2010.09.16 19:08:16.796,1.397,1.3973,1.00,1.00
2010.09.16 19:08:17.144,1.397,1.3973,2.80,1.00
2010.09.16 19:08:17.630,1.397,1.3973,1.20,1.00
2010.09.16 19:08:17.788,1.397,1.3973,1.00,1.00
2010.09.16 19:08:18.763,1.397,1.3974,1.00,6.50
2010.09.16 19:08:19.111,1.397,1.39735,4.80,1.00
2010.09.16 19:08:19.457,1.397,1.39735,7.20,1.00
2010.09.16 19:08:20.409,1.397,1.3974,7.20,1.70
2010.09.16 19:08:21.759,1.397,1.39735,7.20,1.00
2010.09.16 19:08:22.757,1.397,1.39735,7.20,1.00
2010.09.16 19:08:23.213,1.397,1.3974,7.20,1.70
2010.09.16 19:08:25.397,1.397,1.3974,5.20,2.10
2010.09.16 19:08:26.027,1.397,1.3974,1.00,6.90
2010.09.16 19:08:26.700,1.397,1.39735,1.00,1.00
2010.09.16 19:08:28.546,1.397,1.3973,1.00,1.00
2010.09.16 19:08:28.737,1.397,1.3973,1.00,1.00
2010.09.16 19:08:29.159,1.397,1.3973,1.20,1.00
2010.09.16 19:08:29.861,1.3971,1.3974,2.80,1.00
2010.09.16 19:08:30.664,1.3971,1.39745,2.80,1.00
2010.09.16 19:08:34.877,1.3971,1.39745,2.80,1.00
2010.09.16 19:08:36.008,1.3972,1.39755,1.00,6.40
2010.09.16 19:08:36.039,1.3972,1.39755,2.00,6.40
2010.09.16 19:08:36.322,1.3972,1.39755,1.00,6.40
2010.09.16 19:08:36.611,1.3972,1.39755,1.00,6.40
2010.09.16 19:08:36.948,1.3972,1.39755,1.00,5.60
2010.09.16 19:08:37.865,1.39725,1.3976,1.20,1.00
2010.09.16 19:08:38.063,1.39725,1.3976,1.20,1.60
2010.09.16 19:08:38.261,1.3972,1.3976,1.20,8.40
2010.09.16 19:08:38.874,1.3972,1.39755,1.20,1.60
2010.09.16 19:08:41.726,1.3972,1.39755,1.20,1.60
2010.09.16 19:08:41.897,1.3972,1.39755,1.20,1.60
2010.09.16 19:08:42.409,1.3972,1.39755,1.20,1.60
2010.09.16 19:08:42.539,1.39715,1.39755,3.60,4.60
2010.09.16 19:08:43.241,1.39715,1.3975,1.20,2.40
2010.09.16 19:08:43.640,1.3971,1.3975,5.30,4.00
2010.09.16 19:08:43.840,1.39715,1.3975,2.40,1.60
2010.09.16 19:08:44.729,1.39715,1.39755,3.60,3.20
2010.09.16 19:08:44.938,1.39715,1.3975,3.60,1.00
2010.09.16 19:08:45.347,1.39715,1.39755,3.60,3.30
2010.09.16 19:08:48.188,1.39715,1.3975,3.60,1.00
2010.09.16 19:08:48.228,1.39715,1.3975,2.40,1.00
2010.09.16 19:08:48.405,1.39715,1.39745,2.40,1.00
2010.09.16 19:08:51.947,1.39715,1.39745,2.40,1.00
2010.09.16 19:08:52.219,1.3972,1.3975,3.10,1.60
2010.09.16 19:08:52.490,1.39705,1.39745,2.00,8.70
2010.09.16 19:08:52.970,1.39705,1.39745,1.20,8.70
2010.09.16 19:08:53.184,1.39705,1.39745,6.00,1.60
2010.09.16 19:08:53.398,1.39705,1.39745,6.00,1.70
2010.09.16 19:08:54.009,1.3971,1.3975,2.10,4.00
2010.09.16 19:08:54.218,1.39715,1.3975,4.80,1.00
2010.09.16 19:08:54.997,1.39715,1.3975,5.20,1.00
2010.09.16 19:08:56.239,1.39715,1.3975,5.20,1.00
2010.09.16 19:08:59.029,1.3972,1.3975,2.40,1.00
2010.09.16 19:08:59.131,1.39725,1.3976,1.00,1.00
2010.09.16 19:08:59.198,1.39725,1.39765,1.00,5.60
2010.09.16 19:08:59.267,1.39725,1.39765,1.00,5.60
2010.09.16 19:08:59.337,1.3973,1.39765,1.00,5.60
2010.09.16 19:08:59.467,1.3973,1.39765,1.00,4.80
2010.09.16 19:08:59.907,1.3973,1.39765,1.00,3.20
2010.09.16 19:09:00.645,1.39725,1.3976,2.80,1.00
2010.09.16 19:09:00.898,1.39725,1.3976,1.00,1.00
2010.09.16 19:09:01.159,1.39725,1.3976,2.80,1.00
2010.09.16 19:09:02.830,1.3973,1.3976,4.80,1.00
2010.09.16 19:09:03.660,1.3973,1.39765,5.60,1.00
2010.09.16 19:09:03.900,1.3973,1.39765,5.20,1.00
2010.09.16 19:09:04.143,1.39735,1.39765,1.00,1.00
2010.09.16 19:09:04.855,1.3973,1.39765,7.30,1.00
2010.09.16 19:09:05.246,1.39735,1.39765,4.80,1.00
2010.09.16 19:09:07.529,1.3973,1.39765,3.20,1.00
2010.09.16 19:09:07.639,1.3973,1.39765,2.80,2.40
2010.09.16 19:09:07.846,1.3973,1.39765,2.80,1.00
2010.09.16 19:09:07.956,1.3973,1.39765,2.80,2.40
2010.09.16 19:09:11.340,1.3973,1.39765,2.80,2.40
2010.09.16 19:09:12.138,1.3973,1.39765,2.80,1.00
2010.09.16 19:09:18.832,1.39735,1.3977,1.00,1.00
2010.09.16 19:09:19.121,1.3973,1.3977,1.20,4.00
2010.09.16 19:09:19.449,1.3973,1.3977,1.20,5.60
2010.09.16 19:09:20.242,1.3973,1.39765,1.60,1.60
2010.09.16 19:09:25.307,1.3973,1.39765,1.20,1.60
2010.09.16 19:09:25.423,1.39735,1.3977,2.40,1.60
2010.09.16 19:09:25.988,1.39735,1.3977,3.20,1.00
2010.09.16 19:09:26.207,1.39735,1.39775,3.60,3.30
2010.09.16 19:09:28.359,1.39735,1.39775,3.60,3.20
2010.09.16 19:09:29.777,1.39735,1.39775,3.60,3.30
2010.09.16 19:09:32.456,1.39735,1.39775,4.00,3.30
2010.09.16 19:09:40.083,1.3974,1.39775,2.40,3.30
2010.09.16 19:09:40.225,1.3974,1.3977,7.10,1.00
2010.09.16 19:09:42.125,1.39735,1.39775,4.10,3.20
2010.09.16 19:09:45.127,1.39735,1.39775,4.00,3.20
2010.09.16 19:09:46.078,1.39735,1.39775,4.00,3.30
2010.09.16 19:09:55.628,1.39735,1.39775,3.60,4.00
2010.09.16 19:09:56.144,1.39735,1.39775,3.60,4.00
2010.09.16 19:09:56.219,1.3973,1.3977,2.80,1.60
2010.09.16 19:09:56.278,1.3973,1.3977,2.80,1.60
2010.09.16 19:09:58.091,1.3973,1.3977,4.00,1.60
2010.09.16 19:09:58.243,1.3974,1.3977,1.00,1.00
2010.09.16 19:09:58.766,1.3974,1.39775,1.00,4.80
2010.09.16 19:09:58.991,1.3974,1.39775,1.00,2.40
2010.09.16 19:10:00.237,1.3974,1.3977,1.00,1.00
2010.09.16 19:10:04.277,1.39735,1.3977,2.80,1.00
2010.09.16 19:10:04.617,1.39735,1.3977,2.80,1.00
2010.09.16 19:10:06.077,1.39735,1.3977,2.80,1.00
2010.09.16 19:10:06.211,1.39735,1.3977,1.00,3.20
2010.09.16 19:10:06.448,1.39735,1.3977,1.00,4.80
2010.09.16 19:10:07.455,1.39735,1.3977,1.00,3.20
2010.09.16 19:10:08.686,1.39735,1.3977,1.00,4.80
2010.09.16 19:10:11.859,1.39735,1.3977,1.00,5.60
2010.09.16 19:10:11.980,1.3973,1.3977,1.00,5.60
2010.09.16 19:10:12.098,1.3973,1.3977,1.20,5.60
2010.09.16 19:10:12.220,1.3973,1.3977,6.80,2.40
2010.09.16 19:10:12.337,1.39735,1.3977,1.00,2.40
2010.09.16 19:10:12.457,1.39735,1.3977,1.00,3.20
2010.09.16 19:10:12.579,1.3973,1.39765,1.00,1.60
2010.09.16 19:10:13.158,1.3973,1.39765,1.00,6.40
2010.09.16 19:10:13.841,1.3973,1.39765,1.00,4.80
2010.09.16 19:10:14.988,1.39735,1.39775,3.60,3.20
2010.09.16 19:10:15.331,1.39735,1.39775,3.60,5.60
2010.09.16 19:10:15.854,1.39735,1.3977,1.20,2.40
2010.09.16 19:10:17.257,1.39735,1.3977,1.20,2.50
2010.09.16 19:10:30.249,1.39735,1.3977,1.20,2.40
2010.09.16 19:10:34.257,1.39735,1.39775,1.20,5.60
2010.09.16 19:10:37.867,1.39735,1.39775,1.20,5.80
2010.09.16 19:10:37.937,1.3974,1.39775,1.20,4.40
2010.09.16 19:10:38.465,1.3974,1.3977,1.20,1.60
2010.09.16 19:10:38.540,1.39735,1.39775,1.20,8.00
2010.09.16 19:10:39.806,1.39735,1.39775,1.20,8.10
2010.09.16 19:10:41.606,1.39735,1.39775,1.20,8.00
2010.09.16 19:10:42.919,1.39735,1.3977,1.20,1.60
2010.09.16 19:10:43.023,1.3973,1.3977,1.20,8.80
2010.09.16 19:10:44.087,1.3973,1.3977,1.20,8.70
2010.09.16 19:10:45.424,1.3973,1.3977,1.20,7.10
2010.09.16 19:10:45.589,1.3973,1.3977,6.00,1.60
2010.09.16 19:10:46.806,1.3973,1.3977,6.00,1.60
2010.09.16 19:10:47.860,1.39735,1.3977,2.30,1.70
2010.09.16 19:10:48.467,1.39735,1.3977,7.10,1.70
2010.09.16 19:10:49.194,1.39735,1.3977,7.60,1.00
2010.09.16 19:10:49.521,1.39735,1.3977,8.40,1.00
2010.09.16 19:10:52.963,1.39735,1.3977,8.40,1.00
2010.09.16 19:11:00.998,1.3974,1.3977,1.00,1.00
2010.09.16 19:11:01.446,1.3974,1.39775,1.00,1.70
2010.09.16 19:11:03.098,1.3974,1.39775,1.00,1.00
2010.09.16 19:11:03.299,1.3974,1.3978,1.00,8.80
2010.09.16 19:11:04.677,1.3974,1.39775,1.00,1.00
2010.09.16 19:11:08.230,1.3974,1.3978,1.00,8.80
2010.09.16 19:11:09.000,1.3974,1.3978,1.00,8.50
2010.09.16 19:11:09.590,1.3974,1.39775,1.00,1.00
2010.09.16 19:11:09.769,1.3974,1.3977,1.00,1.00
2010.09.16 19:11:14.858,1.3974,1.3977,1.00,1.00
2010.09.16 19:11:15.366,1.3974,1.3977,1.00,1.00
2010.09.16 19:11:18.938,1.3974,1.39775,1.00,1.00
2010.09.16 19:11:19.103,1.3974,1.3978,1.20,6.10
2010.09.16 19:11:19.269,1.3974,1.3978,1.00,6.40
2010.09.16 19:11:19.668,1.3974,1.3978,1.20,6.30
2010.09.16 19:11:22.133,1.3974,1.3978,1.20,6.40
2010.09.16 19:11:32.098,1.3974,1.3978,1.20,6.30
2010.09.16 19:11:34.446,1.3974,1.3978,1.20,6.40
2010.09.16 19:11:34.590,1.3974,1.3978,1.20,6.40
2010.09.16 19:11:34.662,1.3974,1.3978,1.20,5.60
2010.09.16 19:11:37.787,1.3974,1.3978,1.20,5.50
2010.09.16 19:11:48.456,1.3974,1.3978,1.20,1.00
2010.09.16 19:11:59.911,1.3974,1.3978,1.20,1.00
2010.09.16 19:12:00.100,1.3974,1.39785,1.70,5.60
2010.09.16 19:12:00.283,1.3975,1.39785,1.00,5.60
2010.09.16 19:12:00.472,1.3975,1.39785,4.70,2.40
2010.09.16 19:12:01.209,1.3975,1.3979,8.40,1.60
2010.09.16 19:12:01.479,1.3975,1.3979,8.40,1.60
2010.09.16 19:12:02.608,1.3975,1.3979,8.40,1.70
2010.09.16 19:12:08.167,1.3975,1.3979,8.40,1.60
2010.09.16 19:12:08.319,1.3975,1.39785,8.40,1.60
2010.09.16 19:12:08.397,1.3975,1.39785,8.40,1.60
2010.09.16 19:12:08.478,1.3975,1.39785,8.40,1.70
2010.09.16 19:12:08.627,1.3975,1.39785,3.90,1.70
2010.09.16 19:12:09.131,1.39745,1.39785,3.60,4.10
2010.09.16 19:12:10.301,1.39745,1.3978,3.60,1.00
2010.09.16 19:12:10.902,1.39745,1.3978,1.00,5.50
2010.09.16 19:12:11.064,1.39745,1.3978,1.00,6.30
2010.09.16 19:12:14.437,1.39745,1.3978,1.00,6.50
2010.09.16 19:12:15.144,1.39745,1.3977,1.00,1.60
2010.09.16 19:12:15.357,1.39735,1.3977,3.40,4.80
2010.09.16 19:12:15.550,1.3974,1.39775,1.00,3.20
2010.09.16 19:12:15.890,1.3974,1.39775,7.10,1.00
2010.09.16 19:12:16.674,1.3974,1.39775,7.90,1.00
2010.09.16 19:12:16.860,1.3974,1.3978,8.40,1.60
2010.09.16 19:12:17.049,1.3974,1.3978,8.40,1.70
2010.09.16 19:12:17.237,1.3974,1.3978,8.80,1.70
2010.09.16 19:12:17.609,1.3974,1.3978,8.80,1.60
2010.09.16 19:12:18.798,1.3974,1.3978,8.80,1.60
2010.09.16 19:12:19.556,1.3974,1.3978,8.80,1.60
2010.09.16 19:12:25.344,1.39745,1.3978,1.00,1.00
2010.09.16 19:12:25.387,1.39745,1.39785,1.20,10.40
2010.09.16 19:12:25.770,1.39745,1.39785,1.20,10.30
2010.09.16 19:12:27.787,1.39745,1.39785,1.20,8.70
2010.09.16 19:12:27.987,1.39745,1.39785,1.30,8.70
2010.09.16 19:12:28.542,1.3976,1.39785,1.00,6.30
2010.09.16 19:12:28.792,1.3976,1.398,1.20,8.00
2010.09.16 19:12:29.937,1.3976,1.398,1.20,8.10
2010.09.16 19:12:30.747,1.3976,1.398,1.20,8.00
2010.09.16 19:12:32.678,1.3976,1.398,1.20,8.10
2010.09.16 19:12:39.286,1.3976,1.398,6.80,3.30
2010.09.16 19:12:39.442,1.3976,1.398,1.20,7.90
2010.09.16 19:12:42.798,1.3976,1.398,1.20,8.00
2010.09.16 19:12:46.909,1.3976,1.398,1.20,7.90
2010.09.16 19:12:47.058,1.3976,1.39795,1.20,1.60
2010.09.16 19:12:47.211,1.39755,1.39795,2.80,4.80
2010.09.16 19:12:47.507,1.39755,1.3979,1.00,2.40
2010.09.16 19:12:48.888,1.39755,1.39785,1.00,1.60
2010.09.16 19:12:49.077,1.3975,1.39785,1.60,1.60
2010.09.16 19:12:49.269,1.3975,1.39785,1.20,7.10
2010.09.16 19:12:50.818,1.3975,1.39785,1.20,7.10
2010.09.16 19:12:51.049,1.39755,1.39785,1.00,2.40
2010.09.16 19:12:51.278,1.39755,1.3979,1.00,2.40
2010.09.16 19:12:55.883,1.3975,1.39785,1.20,2.40
2010.09.16 19:12:56.248,1.3975,1.39785,1.30,2.40
2010.09.16 19:12:56.367,1.39755,1.39785,1.00,2.40
2010.09.16 19:12:57.201,1.39755,1.3979,1.00,1.00
2010.09.16 19:12:59.610,1.39755,1.3979,1.00,1.00
2010.09.16 19:13:00.756,1.39755,1.3979,1.00,1.00
2010.09.16 19:13:02.460,1.39755,1.3979,1.00,1.00
2010.09.16 19:13:02.472,1.39755,1.3979,1.00,1.00
2010.09.16 19:13:08.038,1.3976,1.3979,1.00,1.00
2010.09.16 19:13:08.198,1.3976,1.39795,1.00,5.60
2010.09.16 19:13:08.357,1.3976,1.39795,1.00,1.00
2010.09.16 19:13:14.683,1.3976,1.3979,1.00,3.20
2010.09.16 19:13:14.844,1.3976,1.3979,1.00,1.00
2010.09.16 19:13:15.000,1.39755,1.3979,8.00,1.00
2010.09.16 19:13:15.148,1.39755,1.3979,1.60,1.60
2010.09.16 19:13:15.298,1.3975,1.3979,4.00,4.00
2010.09.16 19:13:15.448,1.3975,1.3979,3.20,4.00
2010.09.16 19:13:15.597,1.3975,1.3979,2.80,4.00
2010.09.16 19:13:16.170,1.3975,1.39785,1.00,2.40
2010.09.16 19:13:25.329,1.3975,1.39785,1.00,5.60
2010.09.16 19:13:25.829,1.39745,1.3978,1.00,4.80
2010.09.16 19:13:32.287,1.39745,1.3978,1.00,4.80
2010.09.16 19:13:32.457,1.3974,1.3977,2.00,2.40
2010.09.16 19:13:32.631,1.3974,1.3977,2.80,2.40
2010.09.16 19:13:33.172,1.3974,1.3978,2.80,8.80
2010.09.16 19:13:33.348,1.3974,1.3978,3.60,6.40
2010.09.16 19:13:33.979,1.3974,1.3977,1.20,2.40
2010.09.16 19:13:34.179,1.3974,1.3977,1.60,2.40
2010.09.16 19:13:34.833,1.3974,1.39775,1.00,3.20
2010.09.16 19:13:35.118,1.3974,1.3977,1.00,2.40
2010.09.16 19:13:42.718,1.3974,1.3977,2.20,2.40
2010.09.16 19:13:43.366,1.39745,1.3977,1.00,2.40
2010.09.16 19:13:43.636,1.39735,1.3977,1.20,2.40
2010.09.16 19:13:53.298,1.3974,1.39775,2.30,1.70
2010.09.16 19:13:53.497,1.3974,1.39775,2.30,1.60
2010.09.16 19:13:54.700,1.3974,1.39775,2.30,1.60
2010.09.16 19:13:55.441,1.3974,1.39775,2.30,1.60
2010.09.16 19:13:57.648,1.3974,1.39775,2.30,1.60
2010.09.16 19:14:04.715,1.39745,1.39775,1.00,2.40
2010.09.16 19:14:09.561,1.39745,1.39775,1.00,2.30
2010.09.16 19:14:18.387,1.3974,1.3977,1.60,3.10
2010.09.16 19:14:18.548,1.39735,1.3977,2.00,5.50
2010.09.16 19:14:19.839,1.3974,1.3977,1.00,4.80
2010.09.16 19:14:20.438,1.3974,1.3977,1.00,2.40
2010.09.16 19:14:20.531,1.39735,1.3977,1.00,2.30
2010.09.16 19:14:24.766,1.39735,1.3977,1.00,2.40
2010.09.16 19:14:28.651,1.3973,1.3976,6.80,1.00
2010.09.16 19:14:28.678,1.3973,1.3976,3.10,1.00
2010.09.16 19:14:29.306,1.3974,1.3976,1.60,1.00
2010.09.16 19:14:29.340,1.39755,1.3977,1.00,2.50
2010.09.16 19:14:29.691,1.3974,1.3977,1.00,1.00
2010.09.16 19:14:30.031,1.39735,1.3977,1.20,1.50
2010.09.16 19:14:38.509,1.39745,1.3977,1.00,1.00
2010.09.16 19:14:39.210,1.39745,1.39775,1.00,1.00
2010.09.16 19:14:39.365,1.39745,1.39775,1.00,1.00
2010.09.16 19:14:40.711,1.3974,1.3977,3.60,1.00
2010.09.16 19:14:41.030,1.3974,1.3977,1.20,1.00
2010.09.16 19:14:41.831,1.39745,1.39775,1.00,3.10
2010.09.16 19:14:42.470,1.39745,1.39775,1.00,1.00
2010.09.16 19:14:43.309,1.39745,1.39775,1.00,2.30
2010.09.16 19:14:44.184,1.39745,1.39775,1.00,2.40
2010.09.16 19:14:44.420,1.39745,1.39775,1.00,4.00
2010.09.16 19:14:44.658,1.39745,1.39775,1.00,2.40
2010.09.16 19:14:47.894,1.39745,1.3977,1.00,1.00
2010.09.16 19:14:47.961,1.39745,1.39775,1.00,2.40
2010.09.16 19:14:49.948,1.39745,1.39775,1.00,2.40
2010.09.16 19:14:52.099,1.39745,1.39775,1.00,1.00
2010.09.16 19:14:52.641,1.39745,1.39775,1.00,2.40
2010.09.16 19:14:54.329,1.39745,1.39775,1.00,2.40
2010.09.16 19:14:54.440,1.39745,1.3977,1.00,1.00
2010.09.16 19:15:01.240,1.39745,1.39775,1.00,2.40
2010.09.16 19:15:01.649,1.39745,1.39775,1.00,2.40
2010.09.16 19:15:02.147,1.39745,1.39775,1.00,2.40
2010.09.16 19:15:08.367,1.39745,1.39775,1.00,2.40
2010.09.16 19:15:08.437,1.39745,1.39775,1.00,2.40
2010.09.16 19:15:08.990,1.3974,1.3977,1.00,1.00
2010.09.16 19:15:10.292,1.39735,1.39765,4.40,1.00
2010.09.16 19:15:10.934,1.39735,1.39765,3.10,1.50
2010.09.16 19:15:11.070,1.39735,1.39765,1.00,1.50
2010.09.16 19:15:30.832,1.3973,1.3976,3.10,1.50
2010.09.16 19:15:30.854,1.3973,1.39755,2.40,1.00
2010.09.16 19:15:30.978,1.39725,1.39755,1.20,1.00
2010.09.16 19:15:31.840,1.39725,1.39755,2.80,1.00
2010.09.16 19:15:33.870,1.39725,1.39755,2.80,1.00
2010.09.16 19:15:34.028,1.39735,1.3976,1.00,1.00
2010.09.16 19:15:34.191,1.39735,1.39765,1.00,3.10
2010.09.16 19:15:34.512,1.39735,1.39765,1.00,3.90
2010.09.16 19:15:35.057,1.39735,1.39765,1.00,2.30
2010.09.16 19:15:37.290,1.39735,1.39765,1.00,2.30
2010.09.16 19:15:37.475,1.39745,1.3977,1.00,2.40
2010.09.16 19:15:39.901,1.39745,1.3977,1.00,2.30
2010.09.16 19:15:41.414,1.39735,1.3977,1.00,2.30
2010.09.16 19:15:42.219,1.39735,1.3977,1.00,2.40
2010.09.16 19:15:46.136,1.39735,1.39765,1.00,1.60
2010.09.16 19:15:46.366,1.39725,1.39755,1.20,1.00
2010.09.16 19:15:46.581,1.39725,1.39755,1.00,1.00
2010.09.16 19:15:47.555,1.3973,1.3976,1.00,1.00
2010.09.16 19:15:48.708,1.3973,1.3976,1.00,1.00
2010.09.16 19:15:49.239,1.3973,1.3976,1.00,1.00
2010.09.16 19:15:50.967,1.39725,1.3976,3.60,1.00
2010.09.16 19:15:53.038,1.39725,1.39755,1.20,1.00
2010.09.16 19:15:55.029,1.39725,1.39755,1.20,1.00
2010.09.16 19:15:55.231,1.39725,1.39755,1.00,4.70
2010.09.16 19:15:56.052,1.39725,1.39755,1.00,2.30
2010.09.16 19:15:58.298,1.39715,1.3975,5.20,1.00
2010.09.16 19:15:58.670,1.39725,1.39755,1.00,4.00
2010.09.16 19:15:59.229,1.39715,1.3975,4.70,2.30
2010.09.16 19:15:59.789,1.3972,1.3975,1.00,2.30
2010.09.16 19:16:02.871,1.39715,1.3974,3.10,1.00
2010.09.16 19:16:02.978,1.39715,1.3974,1.00,1.00
2010.09.16 19:16:07.346,1.3972,1.3975,3.10,2.30
2010.09.16 19:16:07.643,1.3972,1.3975,3.10,2.40
2010.09.16 19:16:07.941,1.3972,1.3975,1.00,2.40
2010.09.16 19:16:11.136,1.39715,1.3974,3.10,1.00
2010.09.16 19:16:11.303,1.39715,1.3974,1.00,1.00
2010.09.16 19:16:11.460,1.3971,1.39735,2.00,1.00
2010.09.16 19:16:12.915,1.39705,1.3973,2.00,1.00
2010.09.16 19:16:13.198,1.3971,1.39735,1.00,1.50
2010.09.16 19:16:14.156,1.3971,1.39735,1.00,1.00
2010.09.16 19:16:31.079,1.39705,1.3973,3.60,1.00
2010.09.16 19:16:31.691,1.39705,1.3973,2.00,1.00
2010.09.16 19:16:38.578,1.3971,1.39735,1.00,1.00
2010.09.16 19:16:39.857,1.39705,1.3973,2.00,1.00
2010.09.16 19:16:41.949,1.39705,1.3973,1.20,1.00
2010.09.16 19:16:44.614,1.39705,1.3973,1.20,3.10
2010.09.16 19:16:44.800,1.39705,1.3972,1.20,1.00
2010.09.16 19:16:47.536,1.39705,1.39725,1.00,1.60
2010.09.16 19:16:48.182,1.39705,1.39725,1.00,1.60
2010.09.16 19:16:48.367,1.39705,1.39725,1.00,6.40
2010.09.16 19:16:49.051,1.39705,1.3972,1.00,1.00
2010.09.16 19:16:50.122,1.39705,1.3972,1.00,2.40
2010.09.16 19:16:50.305,1.39705,1.3972,1.00,7.80
2010.09.16 19:16:50.811,1.39705,1.3972,1.00,8.20
2010.09.16 19:16:51.128,1.39705,1.3972,1.00,7.80
2010.09.16 19:16:51.449,1.39705,1.39715,1.00,1.00
2010.09.16 19:16:53.072,1.397,1.39715,1.60,1.00
2010.09.16 19:16:53.222,1.397,1.39715,1.40,1.00
2010.09.16 19:16:53.722,1.397,1.39715,1.40,3.30
2010.09.16 19:16:53.876,1.397,1.39715,1.00,2.40
2010.09.16 19:16:54.018,1.397,1.39725,1.00,1.00
2010.09.16 19:16:55.180,1.397,1.3973,1.00,4.70
2010.09.16 19:16:55.509,1.397,1.3973,1.00,2.40
2010.09.16 19:16:56.020,1.397,1.3973,1.00,1.00
2010.09.16 19:16:56.197,1.397,1.3973,1.00,3.10
2010.09.16 19:16:56.430,1.397,1.3972,1.00,1.00
2010.09.16 19:16:56.669,1.397,1.39725,1.00,1.00
2010.09.16 19:16:56.909,1.397,1.39725,1.00,1.20
2010.09.16 19:16:57.378,1.397,1.39725,1.00,1.30
2010.09.16 19:16:58.317,1.397,1.39725,1.00,1.60
2010.09.16 19:16:59.141,1.397,1.39725,1.00,1.50
2010.09.16 19:16:59.286,1.397,1.39725,1.00,1.30
2010.09.16 19:17:00.338,1.397,1.39725,1.00,1.50
2010.09.16 19:17:03.953,1.3971,1.39725,1.00,1.50
2010.09.16 19:17:06.927,1.39725,1.3973,1.00,5.20
2010.09.16 19:17:09.614,1.39725,1.3973,1.00,4.50
2010.09.16 19:17:10.684,1.39725,1.3973,1.00,4.40
2010.09.16 19:17:11.094,1.3969,1.39725,1.20,1.70
2010.09.16 19:17:11.813,1.3969,1.3972,1.00,1.00
2010.09.16 19:17:12.462,1.3969,1.3972,1.00,2.50
2010.09.16 19:17:13.082,1.39685,1.3972,3.60,3.20
2010.09.16 19:17:13.394,1.39685,1.3972,2.80,1.60
2010.09.16 19:17:13.703,1.39685,1.3972,1.20,1.60
2010.09.16 19:17:14.456,1.39685,1.39715,1.00,1.00
2010.09.16 19:17:14.718,1.39685,1.3972,1.00,2.40
2010.09.16 19:17:14.969,1.39685,1.3972,1.00,2.40
2010.09.16 19:17:15.786,1.39685,1.39715,1.00,1.00
2010.09.16 19:17:22.637,1.39685,1.39715,1.00,1.00
2010.09.16 19:17:22.787,1.39685,1.39715,2.30,1.00
2010.09.16 19:17:23.708,1.39685,1.39715,2.30,1.00
2010.09.16 19:17:23.918,1.39685,1.3972,1.00,1.60
2010.09.16 19:17:26.183,1.39685,1.39715,1.00,1.00
2010.09.16 19:17:33.639,1.39685,1.39715,2.30,1.00
2010.09.16 19:17:35.216,1.39685,1.3972,2.30,1.60
2010.09.16 19:17:35.514,1.39685,1.3972,1.60,1.60
2010.09.16 19:17:35.824,1.3969,1.3972,1.00,1.00
2010.09.16 19:17:36.451,1.3969,1.39725,1.00,1.00
2010.09.16 19:17:36.755,1.39685,1.39725,6.00,1.00
2010.09.16 19:17:38.136,1.39685,1.39725,6.00,1.00
2010.09.16 19:17:38.392,1.3969,1.39725,1.00,1.00
2010.09.16 19:17:38.639,1.3969,1.39725,1.00,1.00
2010.09.16 19:17:39.676,1.3969,1.39725,1.00,1.00
2010.09.16 19:17:40.023,1.39685,1.3972,9.20,1.00
2010.09.16 19:17:40.167,1.39685,1.3972,7.60,1.00
2010.09.16 19:17:40.249,1.39685,1.3972,2.80,1.00
2010.09.16 19:17:41.449,1.39685,1.3972,1.20,1.00
2010.09.16 19:17:42.598,1.39685,1.3972,1.20,1.00
2010.09.16 19:17:43.089,1.39685,1.3972,2.80,1.00
2010.09.16 19:17:43.373,1.39685,1.39725,6.00,2.40
2010.09.16 19:17:44.658,1.39685,1.3972,6.00,1.00
2010.09.16 19:17:44.742,1.39685,1.3972,6.00,1.00
2010.09.16 19:17:45.655,1.39685,1.3972,6.00,1.00
2010.09.16 19:17:46.468,1.3969,1.3972,1.00,1.00
2010.09.16 19:17:46.748,1.39685,1.3972,6.00,1.00
2010.09.16 19:17:47.448,1.3969,1.3972,4.40,1.00
2010.09.16 19:17:47.634,1.3969,1.39715,3.10,1.70
2010.09.16 19:17:48.267,1.39685,1.39715,2.40,2.40
2010.09.16 19:17:48.617,1.39675,1.3971,2.80,1.00
2010.09.16 19:17:49.735,1.3968,1.39715,1.00,4.90
2010.09.16 19:17:49.954,1.3968,1.3971,1.00,1.00
2010.09.16 19:17:50.171,1.3968,1.3971,1.00,1.00
2010.09.16 19:17:50.392,1.3968,1.39705,1.00,1.00
2010.09.16 19:17:51.200,1.39675,1.39705,1.00,1.00
2010.09.16 19:17:54.038,1.39675,1.3971,1.00,5.60
2010.09.16 19:17:54.398,1.39675,1.3971,1.00,1.00
2010.09.16 19:17:56.259,1.39675,1.3971,2.00,1.00
2010.09.16 19:17:57.053,1.3968,1.3971,1.00,1.00
2010.09.16 19:18:04.487,1.3968,1.3971,1.00,1.00
2010.09.16 19:18:06.116,1.3968,1.39715,1.00,1.00
2010.09.16 19:18:06.700,1.3968,1.3971,1.00,1.00
2010.09.16 19:18:12.845,1.3968,1.3971,1.20,1.00
2010.09.16 19:18:18.205,1.3968,1.39715,1.20,1.00
2010.09.16 19:18:19.707,1.3968,1.3971,1.20,1.00
2010.09.16 19:18:20.582,1.3968,1.39715,1.20,1.00
2010.09.16 19:18:20.670,1.39685,1.39715,1.60,1.00
2010.09.16 19:18:21.502,1.39685,1.3972,2.00,4.00
2010.09.16 19:18:22.659,1.39685,1.3972,2.00,4.00
2010.09.16 19:18:22.798,1.39685,1.3972,2.00,4.00
2010.09.16 19:18:27.788,1.39685,1.3972,1.00,4.00
2010.09.16 19:18:27.848,1.39685,1.3972,1.00,3.90
2010.09.16 19:18:27.968,1.3968,1.3972,2.00,4.70
2010.09.16 19:18:29.718,1.3968,1.3972,2.00,4.80
2010.09.16 19:18:38.290,1.3968,1.3972,2.00,4.80
2010.09.16 19:18:39.777,1.3968,1.3972,2.00,4.80
2010.09.16 19:18:47.098,1.397,1.3972,1.00,4.80
2010.09.16 19:18:52.985,1.397,1.3972,1.00,4.50
2010.09.16 19:18:57.228,1.397,1.39715,1.00,1.00
2010.09.16 19:18:57.957,1.397,1.3972,1.00,3.20
2010.09.16 19:18:58.301,1.397,1.3972,1.00,1.70
2010.09.16 19:19:03.691,1.397,1.39725,1.00,3.90
2010.09.16 19:19:04.008,1.397,1.3972,1.00,1.00
2010.09.16 19:19:08.010,1.397,1.39725,1.00,4.00
2010.09.16 19:19:12.418,1.397,1.39725,1.00,3.90
2010.09.16 19:19:13.041,1.397,1.39725,1.00,3.20
2010.09.16 19:19:13.248,1.397,1.39725,1.00,1.00
2010.09.16 19:19:13.904,1.397,1.39725,1.00,1.60
2010.09.16 19:19:14.171,1.397,1.39725,1.00,2.00
2010.09.16 19:19:15.471,1.397,1.39725,1.00,2.00
2010.09.16 19:19:16.150,1.397,1.39725,1.00,1.20
2010.09.16 19:19:16.492,1.397,1.3972,1.00,1.00
2010.09.16 19:19:16.661,1.397,1.39725,1.00,2.80
2010.09.16 19:19:17.271,1.397,1.39725,1.00,1.20
2010.09.16 19:19:17.516,1.397,1.3973,1.00,1.00
2010.09.16 19:19:19.968,1.397,1.39725,1.00,1.00
2010.09.16 19:19:21.169,1.397,1.3973,1.00,3.20
2010.09.16 19:19:21.319,1.397,1.3973,1.00,5.60
2010.09.16 19:19:22.051,1.397,1.3972,1.00,1.00
2010.09.16 19:19:22.396,1.397,1.3972,1.00,4.70
2010.09.16 19:19:24.214,1.397,1.3972,1.00,3.90
2010.09.16 19:19:24.389,1.397,1.3972,1.00,4.00
2010.09.16 19:19:24.438,1.397,1.3972,1.00,3.20
2010.09.16 19:19:24.933,1.397,1.3972,1.00,1.00
2010.09.16 19:19:25.403,1.397,1.3972,1.00,5.60
2010.09.16 19:19:25.755,1.397,1.3972,1.00,5.70
2010.09.16 19:19:26.440,1.397,1.3972,1.00,8.10
2010.09.16 19:19:26.683,1.397,1.39715,1.00,2.40
2010.09.16 19:19:27.149,1.397,1.39715,1.00,4.80
2010.09.16 19:19:34.838,1.397,1.39715,1.00,2.40
2010.09.16 19:19:35.111,1.397,1.3972,1.00,3.90
2010.09.16 19:19:35.900,1.397,1.3972,1.00,3.10
2010.09.16 19:19:42.419,1.397,1.3972,1.00,2.40
2010.09.16 19:19:42.930,1.397,1.39725,1.00,1.00
2010.09.16 19:19:43.245,1.397,1.39725,1.00,3.20
2010.09.16 19:19:44.610,1.397,1.39725,1.00,1.60
2010.09.16 19:19:44.930,1.397,1.39725,1.00,1.60
2010.09.16 19:19:47.148,1.397,1.39725,1.00,1.60
2010.09.16 19:19:47.775,1.397,1.39725,1.00,1.70
2010.09.16 19:19:48.005,1.397,1.39725,1.00,1.60
2010.09.16 19:19:48.460,1.397,1.39725,1.00,1.70
2010.09.16 19:19:48.690,1.397,1.39725,1.00,3.20
2010.09.16 19:19:49.427,1.397,1.3972,1.00,1.00
2010.09.16 19:19:50.212,1.397,1.3972,1.00,4.70
2010.09.16 19:19:52.681,1.397,1.3972,1.00,4.80
2010.09.16 19:19:52.848,1.397,1.3972,1.00,7.20
2010.09.16 19:19:54.472,1.397,1.3972,1.00,7.60
2010.09.16 19:19:56.519,1.397,1.3972,1.00,7.60
2010.09.16 19:19:56.579,1.397,1.39715,1.00,5.50
2010.09.16 19:20:01.514,1.397,1.3972,1.00,3.90
2010.09.16 19:20:02.290,1.397,1.3972,1.00,3.90
2010.09.16 19:20:02.389,1.397,1.39715,1.00,1.00
2010.09.16 19:20:03.114,1.397,1.39715,1.00,5.50
2010.09.16 19:20:05.772,1.397,1.39715,1.00,3.10
2010.09.16 19:20:06.247,1.397,1.39715,1.00,2.40
2010.09.16 19:20:06.588,1.397,1.3972,1.00,1.00
2010.09.16 19:20:06.910,1.397,1.39725,1.00,6.40
2010.09.16 19:20:07.230,1.397,1.3972,1.00,1.00
2010.09.16 19:20:08.399,1.397,1.3972,1.00,1.00
2010.09.16 19:20:13.839,1.397,1.39725,1.00,6.30
2010.09.16 19:20:14.353,1.397,1.39725,1.00,4.80
2010.09.16 19:20:14.460,1.397,1.3972,1.00,2.40
2010.09.16 19:20:14.711,1.397,1.39725,1.00,4.80
2010.09.16 19:20:15.562,1.397,1.3973,1.00,1.00
2010.09.16 19:20:16.600,1.397,1.39735,1.00,6.50
2010.09.16 19:20:17.214,1.397,1.3973,1.00,5.50
2010.09.16 19:20:17.639,1.397,1.3973,1.00,6.80
2010.09.16 19:20:18.986,1.397,1.3973,1.00,7.60
2010.09.16 19:20:20.379,1.397,1.39725,1.00,1.00
2010.09.16 19:20:21.213,1.397,1.39725,1.00,5.70
2010.09.16 19:20:21.307,1.397,1.3972,1.00,2.40
2010.09.16 19:20:21.743,1.397,1.39725,1.00,6.50
2010.09.16 19:20:22.778,1.397,1.39725,1.00,6.40
2010.09.16 19:20:23.010,1.397,1.3972,1.00,1.50
2010.09.16 19:20:23.240,1.397,1.39715,1.00,2.40
2010.09.16 19:20:26.122,1.397,1.39725,1.00,1.00
2010.09.16 19:20:26.840,1.397,1.39725,1.00,1.00
2010.09.16 19:20:27.201,1.397,1.3972,1.00,1.00
2010.09.16 19:20:27.441,1.397,1.39715,1.00,2.40
2010.09.16 19:20:31.788,1.397,1.39715,1.00,2.50
2010.09.16 19:20:31.929,1.397,1.39715,1.00,2.40
2010.09.16 19:20:32.349,1.397,1.39725,1.00,6.40
2010.09.16 19:20:32.421,1.397,1.39725,1.00,3.20
2010.09.16 19:20:32.934,1.397,1.39725,1.00,1.00
2010.09.16 19:20:33.201,1.397,1.3973,1.00,4.10
2010.09.16 19:20:33.949,1.397,1.39725,1.00,1.00
2010.09.16 19:20:35.710,1.397,1.3973,1.00,4.00
2010.09.16 19:20:43.260,1.397,1.3973,1.00,4.00
2010.09.16 19:20:44.698,1.397,1.3973,1.00,4.00
2010.09.16 19:20:45.323,1.397,1.39725,1.00,1.00
2010.09.16 19:20:46.027,1.397,1.39725,1.00,1.00
2010.09.16 19:20:46.160,1.397,1.39725,1.00,1.00
2010.09.16 19:20:47.645,1.397,1.3973,1.00,5.50
2010.09.16 19:20:49.318,1.397,1.3973,1.00,5.60
2010.09.16 19:20:49.749,1.397,1.3973,1.00,5.60
2010.09.16 19:20:51.828,1.397,1.39725,1.00,1.00
2010.09.16 19:21:04.813,1.397,1.3973,1.00,5.60
2010.09.16 19:21:05.132,1.397,1.3973,1.00,3.20
2010.09.16 19:21:05.170,1.397,1.3973,1.00,1.00
2010.09.16 19:21:05.209,1.397,1.3973,1.00,1.00
2010.09.16 19:21:06.868,1.397,1.3973,1.00,1.00
2010.09.16 19:21:10.530,1.397,1.3973,1.30,1.00
2010.09.16 19:21:11.145,1.397,1.39735,3.70,1.00
2010.09.16 19:21:11.559,1.397,1.39735,5.00,1.00
2010.09.16 19:21:12.079,1.397,1.3974,5.00,3.20
2010.09.16 19:21:17.093,1.397,1.3974,5.00,3.30
2010.09.16 19:21:24.192,1.397,1.3974,4.20,4.00
2010.09.16 19:21:24.251,1.397,1.39735,4.20,1.00
2010.09.16 19:21:24.789,1.397,1.39735,4.60,1.00
2010.09.16 19:21:24.860,1.3971,1.39745,3.10,1.60
2010.09.16 19:21:25.071,1.39705,1.39745,4.40,7.10
2010.09.16 19:21:25.913,1.39705,1.3974,3.20,1.00
2010.09.16 19:21:26.266,1.397,1.3973,1.00,2.40
2010.09.16 19:21:26.561,1.397,1.3973,1.00,2.40
2010.09.16 19:21:30.640,1.397,1.3973,1.80,2.40
2010.09.16 19:21:30.819,1.397,1.3973,2.60,2.40
2010.09.16 19:21:30.999,1.39705,1.3973,1.00,2.40
2010.09.16 19:21:31.822,1.39705,1.3974,3.10,1.00
2010.09.16 19:21:33.004,1.39705,1.3974,3.10,1.00
2010.09.16 19:21:33.353,1.39705,1.39735,3.10,1.00
2010.09.16 19:21:35.915,1.39705,1.39735,3.10,1.00
2010.09.16 19:21:36.045,1.3971,1.39735,1.00,1.00
2010.09.16 19:21:36.172,1.3971,1.39735,1.20,1.00
2010.09.16 19:21:36.985,1.39705,1.39735,2.80,1.00
2010.09.16 19:21:37.341,1.3971,1.3974,1.20,1.00
2010.09.16 19:21:37.680,1.3971,1.39745,1.20,1.00
2010.09.16 19:21:38.552,1.3971,1.3975,1.20,6.20
2010.09.16 19:21:38.900,1.3971,1.3975,2.00,5.40
2010.09.16 19:21:39.451,1.3971,1.39745,2.00,1.00
2010.09.16 19:21:40.326,1.3971,1.3974,1.50,1.60
2010.09.16 19:21:40.461,1.39705,1.39735,1.20,3.10
2010.09.16 19:21:45.588,1.39705,1.3973,1.00,1.00
2010.09.16 19:21:46.237,1.397,1.39725,1.00,5.60
2010.09.16 19:21:46.410,1.397,1.39725,1.00,4.90
2010.09.16 19:21:46.651,1.397,1.39725,1.00,1.00
2010.09.16 19:21:48.208,1.397,1.39735,1.00,8.90
2010.09.16 19:21:51.009,1.397,1.39735,1.00,8.70
2010.09.16 19:21:51.074,1.397,1.39735,1.30,8.00
2010.09.16 19:21:51.141,1.397,1.39735,2.90,6.40
2010.09.16 19:21:51.703,1.39705,1.3974,1.00,1.00
2010.09.16 19:21:53.739,1.39705,1.39745,1.00,10.50
2010.09.16 19:21:54.128,1.39705,1.3974,1.00,1.00
2010.09.16 19:21:54.329,1.39705,1.3974,2.00,3.10
2010.09.16 19:21:54.429,1.39705,1.3974,2.00,4.80
2010.09.16 19:21:54.529,1.39705,1.3974,2.00,4.90
2010.09.16 19:21:54.629,1.39705,1.3974,1.00,4.90
2010.09.16 19:21:55.646,1.39705,1.39735,1.00,1.00
2010.09.16 19:21:56.655,1.39705,1.3974,1.00,4.80
2010.09.16 19:21:56.750,1.3971,1.3974,1.20,4.80
2010.09.16 19:21:57.464,1.3971,1.3974,1.00,4.80
2010.09.16 19:21:58.019,1.3971,1.3974,1.00,4.80
2010.09.16 19:21:59.978,1.39705,1.3974,2.00,4.80
2010.09.16 19:22:00.110,1.39705,1.3974,1.00,4.80
2010.09.16 19:22:00.412,1.39705,1.39735,1.00,1.00
2010.09.16 19:22:00.556,1.39705,1.3973,1.00,1.00
2010.09.16 19:22:01.164,1.397,1.39735,4.60,1.50
2010.09.16 19:22:01.477,1.397,1.39735,3.70,1.00
2010.09.16 19:22:01.784,1.397,1.3974,4.20,2.40
2010.09.16 19:22:02.348,1.397,1.3974,1.80,2.40
2010.09.16 19:22:02.697,1.39705,1.3974,1.20,2.40
2010.09.16 19:22:03.039,1.39705,1.3974,1.20,4.80
2010.09.16 19:22:05.558,1.39705,1.39735,1.20,1.00
2010.09.16 19:22:05.679,1.397,1.39735,1.80,2.30
2010.09.16 19:22:05.800,1.397,1.39735,1.80,7.10
2010.09.16 19:22:06.511,1.397,1.39735,1.00,7.90
2010.09.16 19:22:06.852,1.397,1.39735,1.00,1.00
2010.09.16 19:22:07.520,1.397,1.39735,1.00,2.40
2010.09.16 19:22:09.171,1.39705,1.3974,1.20,4.90
2010.09.16 19:22:09.263,1.39705,1.3974,1.30,4.90
2010.09.16 19:22:09.735,1.39705,1.3974,1.30,4.80
2010.09.16 19:22:10.087,1.3971,1.39745,1.20,8.80
2010.09.16 19:22:10.432,1.3971,1.39745,1.20,5.60
2010.09.16 19:22:10.770,1.3971,1.39745,1.20,7.20
2010.09.16 19:22:11.321,1.3971,1.3974,1.20,1.00
2010.09.16 19:22:11.980,1.3971,1.3974,1.00,1.00
2010.09.16 19:22:12.230,1.3971,1.3974,1.00,1.00
2010.09.16 19:22:13.442,1.3971,1.39745,1.00,9.70
2010.09.16 19:22:13.939,1.3971,1.3974,1.00,1.00
2010.09.16 19:22:22.979,1.3971,1.3974,1.20,1.00
2010.09.16 19:22:23.239,1.3971,1.3974,2.80,1.00
2010.09.16 19:22:23.369,1.3971,1.3974,2.90,1.00
2010.09.16 19:22:23.500,1.39715,1.3974,2.80,1.00
2010.09.16 19:22:24.152,1.3971,1.39745,1.00,1.00
2010.09.16 19:22:25.109,1.3971,1.3974,1.00,4.80
2010.09.16 19:22:25.464,1.3971,1.3974,1.00,2.40
2010.09.16 19:22:25.812,1.3971,1.39745,1.00,3.20
2010.09.16 19:22:26.626,1.3971,1.3974,1.00,2.40
2010.09.16 19:22:34.882,1.3972,1.3974,1.00,2.40
2010.09.16 19:22:35.675,1.3972,1.39755,2.40,1.00
2010.09.16 19:22:35.883,1.39715,1.39755,6.00,3.20
2010.09.16 19:22:37.029,1.39715,1.39755,7.60,3.20
2010.09.16 19:22:37.189,1.39715,1.39755,7.30,3.20
2010.09.16 19:22:37.354,1.3972,1.3976,3.60,4.10
2010.09.16 19:22:37.892,1.3972,1.3976,6.00,1.70
2010.09.16 19:22:38.101,1.3972,1.3976,6.00,1.60
2010.09.16 19:22:38.310,1.3972,1.3976,6.40,1.60
2010.09.16 19:22:38.522,1.39725,1.39765,6.00,2.40
2010.09.16 19:22:38.733,1.39725,1.39765,2.00,8.80
2010.09.16 19:22:39.534,1.39725,1.39765,3.60,4.70
2010.09.16 19:22:41.570,1.39725,1.39765,3.60,4.80
2010.09.16 19:22:45.650,1.39725,1.39765,2.80,4.80
2010.09.16 19:22:45.839,1.39725,1.39765,2.80,6.40
2010.09.16 19:22:45.909,1.39725,1.39765,2.80,12.40
2010.09.16 19:22:46.372,1.39725,1.3976,2.40,1.60
2010.09.16 19:22:46.511,1.3972,1.3976,1.20,4.00
2010.09.16 19:22:48.190,1.3972,1.3976,1.20,4.10
2010.09.16 19:22:49.710,1.3972,1.3975,1.20,1.00
2010.09.16 19:22:49.742,1.3972,1.3975,1.00,1.00
2010.09.16 19:22:49.768,1.39715,1.3975,6.00,1.00
2010.09.16 19:22:49.828,1.39715,1.3975,6.00,1.00
2010.09.16 19:22:49.889,1.39715,1.3975,6.00,2.30
2010.09.16 19:22:49.920,1.39715,1.3975,3.60,2.30
2010.09.16 19:22:49.948,1.39715,1.3975,1.20,2.30
2010.09.16 19:22:52.403,1.39715,1.3975,1.00,3.20
2010.09.16 19:22:52.539,1.3971,1.3975,3.60,4.00
2010.09.16 19:22:52.679,1.3971,1.3975,3.60,3.90
2010.09.16 19:22:55.289,1.39715,1.3975,1.00,3.90
2010.09.16 19:22:55.419,1.39725,1.3975,1.00,3.90
2010.09.16 19:22:55.469,1.39725,1.3975,1.00,1.50
2010.09.16 19:22:55.519,1.39725,1.3975,1.00,1.00
2010.09.16 19:22:55.610,1.3973,1.3975,2.40,1.00
2010.09.16 19:22:56.114,1.3973,1.39755,5.60,1.00
2010.09.16 19:22:56.165,1.39735,1.39755,3.60,1.00
2010.09.16 19:22:56.209,1.3974,1.39755,2.40,1.00
2010.09.16 19:22:57.280,1.3974,1.3977,2.40,1.00
2010.09.16 19:22:59.160,1.39745,1.3977,1.00,1.00
2010.09.16 19:22:59.747,1.39745,1.3977,4.40,1.00
2010.09.16 19:22:59.861,1.39745,1.3977,2.40,1.00
2010.09.16 19:23:00.441,1.39745,1.3977,2.80,1.00
2010.09.16 19:23:00.589,1.39745,1.3977,1.00,1.00
2010.09.16 19:23:00.709,1.39745,1.3978,1.00,4.80
2010.09.16 19:23:01.955,1.3975,1.3978,1.00,1.00
2010.09.16 19:23:03.250,1.3975,1.39785,1.00,2.40
2010.09.16 19:23:04.031,1.39755,1.39785,1.00,2.40
2010.09.16 19:23:04.801,1.39755,1.39785,2.00,2.40
2010.09.16 19:23:05.150,1.39755,1.39785,1.00,1.00
2010.09.16 19:23:05.710,1.3975,1.39785,5.20,1.00
2010.09.16 19:23:05.934,1.3975,1.39785,3.60,1.00
2010.09.16 19:23:06.455,1.3975,1.39785,1.20,4.10
2010.09.16 19:23:06.720,1.3975,1.3978,4.20,1.00
2010.09.16 19:23:06.970,1.3975,1.39785,4.40,1.00
2010.09.16 19:23:08.001,1.3975,1.39785,4.20,1.00
2010.09.16 19:23:08.619,1.3975,1.39785,4.40,1.00
2010.09.16 19:23:11.369,1.3975,1.3979,4.40,1.60
2010.09.16 19:23:11.989,1.3975,1.39785,1.00,2.50
2010.09.16 19:23:12.260,1.3975,1.39785,1.00,3.20
2010.09.16 19:23:12.532,1.39745,1.39785,1.20,8.50
2010.09.16 19:23:14.152,1.39745,1.39785,1.20,8.80
2010.09.16 19:23:14.393,1.3974,1.3977,2.40,1.00
2010.09.16 19:23:15.121,1.39735,1.3977,6.80,1.00
2010.09.16 19:23:15.850,1.39735,1.39775,6.80,1.00
2010.09.16 19:23:16.671,1.39735,1.3977,7.20,1.00
2010.09.16 19:23:16.999,1.39735,1.3977,7.40,1.00
2010.09.16 19:23:17.941,1.39735,1.39775,7.40,1.00
2010.09.16 19:23:18.228,1.39735,1.39775,7.60,1.00
2010.09.16 19:23:19.229,1.39735,1.39775,7.40,1.00
2010.09.16 19:23:19.954,1.39735,1.39775,7.60,1.00
2010.09.16 19:23:30.108,1.39735,1.39775,7.60,1.00
2010.09.16 19:23:30.689,1.39735,1.3977,7.60,1.00
2010.09.16 19:23:31.719,1.39735,1.3977,5.20,1.00
2010.09.16 19:23:32.250,1.39735,1.3977,4.40,1.00
2010.09.16 19:23:32.411,1.39735,1.3977,4.40,1.00
2010.09.16 19:23:32.718,1.39735,1.3977,4.40,1.00
2010.09.16 19:23:33.789,1.39735,1.39765,4.40,1.00
2010.09.16 19:23:34.543,1.39735,1.3977,4.40,1.00
2010.09.16 19:23:34.740,1.39735,1.3977,4.40,1.00
2010.09.16 19:23:35.630,1.3974,1.3977,1.20,1.00
2010.09.16 19:23:37.694,1.3974,1.3977,1.30,1.00
2010.09.16 19:23:37.767,1.3974,1.3977,1.30,1.00
2010.09.16 19:23:37.833,1.3974,1.3977,1.80,1.00
2010.09.16 19:23:37.900,1.3974,1.3977,5.80,1.00
2010.09.16 19:23:37.970,1.39745,1.3977,2.40,1.00
2010.09.16 19:23:38.597,1.3974,1.39775,3.60,1.00
2010.09.16 19:23:42.318,1.3974,1.3977,3.60,1.00
2010.09.16 19:23:43.245,1.3974,1.39775,3.60,1.00
2010.09.16 19:23:52.289,1.3974,1.39775,3.60,1.00
2010.09.16 19:23:52.351,1.3974,1.3978,3.60,2.50
2010.09.16 19:23:53.659,1.3974,1.3977,3.60,1.00
2010.09.16 19:24:07.723,1.3974,1.39775,3.60,1.00
2010.09.16 19:24:08.721,1.3974,1.39775,3.60,1.00
2010.09.16 19:24:20.573,1.3974,1.39775,3.70,1.00
2010.09.16 19:24:20.685,1.3974,1.39775,4.20,1.00
2010.09.16 19:24:21.438,1.39745,1.39775,2.40,1.00
2010.09.16 19:24:23.394,1.3974,1.39775,3.60,1.00
2010.09.16 19:24:26.920,1.3974,1.3978,3.60,2.40
2010.09.16 19:24:28.752,1.3974,1.39775,3.60,1.00
2010.09.16 19:24:29.601,1.3974,1.39775,3.70,1.00
2010.09.16 19:24:29.688,1.3974,1.39775,4.20,1.00
2010.09.16 19:24:29.779,1.39745,1.3977,2.40,1.00
2010.09.16 19:24:30.699,1.3974,1.3977,3.60,1.00
2010.09.16 19:24:30.932,1.3974,1.39775,3.60,1.00
2010.09.16 19:24:33.199,1.3974,1.3977,3.60,1.00
2010.09.16 19:24:33.288,1.3974,1.39775,3.60,1.00
2010.09.16 19:24:34.090,1.3974,1.39775,3.60,1.00
2010.09.16 19:24:37.712,1.3974,1.39775,3.60,1.00
2010.09.16 19:24:51.819,1.3974,1.3978,3.60,2.50
2010.09.16 19:24:51.958,1.3974,1.3978,3.60,2.80
2010.09.16 19:24:57.678,1.3974,1.39775,3.60,1.00
2010.09.16 19:25:19.038,1.3974,1.39775,1.20,1.00
2010.09.16 19:25:27.520,1.3974,1.3977,1.20,1.00
2010.09.16 19:25:30.735,1.3974,1.3977,1.20,1.00
2010.09.16 19:25:42.741,1.3974,1.3977,1.20,1.00
2010.09.16 19:25:43.209,1.3974,1.3977,3.60,1.00
2010.09.16 19:25:43.240,1.3974,1.39775,3.60,1.00
2010.09.16 19:25:44.919,1.3974,1.39775,3.60,1.00
2010.09.16 19:25:48.688,1.3974,1.3978,3.60,2.40
2010.09.16 19:25:48.803,1.3974,1.3978,3.60,2.50
2010.09.16 19:25:49.732,1.3974,1.3978,3.60,2.40
2010.09.16 19:25:52.059,1.3974,1.39775,3.60,1.00
2010.09.16 19:25:56.344,1.3974,1.39775,4.00,1.00
2010.09.16 19:25:57.079,1.3974,1.3978,6.00,1.00
2010.09.16 19:25:57.201,1.3974,1.3978,3.60,3.30
2010.09.16 19:25:57.323,1.3974,1.39775,1.20,1.00
2010.09.16 19:25:59.965,1.3974,1.39775,1.20,1.00
2010.09.16 19:26:00.140,1.3974,1.39775,1.20,1.00
2010.09.16 19:26:00.320,1.3974,1.39775,1.00,1.00
2010.09.16 19:26:02.301,1.3974,1.3977,1.00,1.00
2010.09.16 19:26:04.088,1.3974,1.39775,1.00,1.00
2010.09.16 19:26:12.198,1.3974,1.39775,1.00,1.00
2010.09.16 19:26:12.959,1.39735,1.39775,5.20,1.00
2010.09.16 19:26:13.131,1.39735,1.3977,1.20,3.20
2010.09.16 19:26:13.451,1.39735,1.39765,1.20,1.60
2010.09.16 19:26:13.612,1.39735,1.3976,1.00,1.00
2010.09.16 19:26:13.771,1.3973,1.3976,1.00,1.00
2010.09.16 19:26:14.916,1.39725,1.3976,1.20,1.00
2010.09.16 19:26:15.659,1.39725,1.3976,1.20,1.00
2010.09.16 19:26:17.750,1.39725,1.3976,1.20,1.00
2010.09.16 19:26:20.528,1.39725,1.3976,1.20,1.00
2010.09.16 19:26:21.249,1.3973,1.3976,1.00,1.00
2010.09.16 19:26:21.713,1.3973,1.3976,1.00,1.00
2010.09.16 19:26:28.489,1.3973,1.3976,1.00,1.00
2010.09.16 19:26:28.669,1.3973,1.39765,1.00,6.50
2010.09.16 19:26:28.759,1.3973,1.39765,1.00,2.50
2010.09.16 19:26:28.849,1.3973,1.39765,1.00,1.00
2010.09.16 19:26:30.114,1.3973,1.39765,1.20,1.00
2010.09.16 19:26:30.296,1.3973,1.39765,6.00,1.00
2010.09.16 19:26:30.411,1.3973,1.39765,3.60,1.00
2010.09.16 19:26:30.521,1.3973,1.39765,2.80,1.00
2010.09.16 19:26:30.631,1.3973,1.3977,3.20,3.20
2010.09.16 19:26:31.149,1.39735,1.3977,3.20,1.00
2010.09.16 19:26:31.267,1.3974,1.3977,1.00,1.00
2010.09.16 19:26:31.792,1.3974,1.3977,1.00,1.00
2010.09.16 19:26:33.381,1.3974,1.3977,1.00,1.00
2010.09.16 19:26:33.709,1.3974,1.39775,1.00,1.00
2010.09.16 19:26:34.788,1.3974,1.3977,1.00,1.00
2010.09.16 19:26:36.484,1.3974,1.3977,1.00,2.40
2010.09.16 19:26:36.562,1.39735,1.3977,1.20,3.30
2010.09.16 19:26:37.049,1.39735,1.3977,1.20,3.40
2010.09.16 19:26:37.119,1.39735,1.39765,1.20,1.60
2010.09.16 19:26:37.190,1.39735,1.39765,1.00,1.60
2010.09.16 19:26:37.259,1.3973,1.3976,1.20,1.00
2010.09.16 19:26:37.987,1.3973,1.3977,1.20,5.70
2010.09.16 19:26:38.709,1.3973,1.3977,1.20,5.60
2010.09.16 19:26:38.959,1.3973,1.3977,1.20,5.70
2010.09.16 19:26:39.720,1.3973,1.39765,1.20,1.00
2010.09.16 19:26:39.909,1.3973,1.39765,1.20,1.00
2010.09.16 19:26:40.788,1.3973,1.3977,1.20,5.70
2010.09.16 19:26:40.876,1.3973,1.3977,1.20,4.10
2010.09.16 19:26:40.979,1.3973,1.3977,1.20,4.00
2010.09.16 19:26:41.091,1.3973,1.3977,1.20,5.60
2010.09.16 19:26:41.300,1.3973,1.3976,1.20,1.00
2010.09.16 19:26:42.240,1.39725,1.39765,3.60,4.80
2010.09.16 19:26:42.443,1.39725,1.3977,7.60,4.10
2010.09.16 19:26:42.639,1.3973,1.3977,1.20,4.10
2010.09.16 19:26:47.121,1.3973,1.39765,1.20,2.40
2010.09.16 19:26:47.813,1.3973,1.39765,2.40,1.60
2010.09.16 19:26:48.699,1.3973,1.39765,2.40,1.70
2010.09.16 19:26:49.882,1.39725,1.39765,7.30,4.10
2010.09.16 19:26:49.965,1.39725,1.3976,2.80,1.00
2010.09.16 19:26:50.559,1.39725,1.3976,1.20,1.00
2010.09.16 19:26:50.709,1.3972,1.3976,6.40,3.20
2010.09.16 19:26:50.789,1.3972,1.3975,6.00,1.00
2010.09.16 19:26:50.940,1.3972,1.3975,2.80,1.00
2010.09.16 19:26:51.449,1.3972,1.3975,1.00,1.00
2010.09.16 19:26:51.740,1.39715,1.39745,1.20,1.60
2010.09.16 19:26:52.004,1.39715,1.39745,1.20,1.00
2010.09.16 19:26:55.758,1.39715,1.39745,1.20,1.00
2010.09.16 19:27:03.120,1.39715,1.39745,1.20,1.00
2010.09.16 19:27:03.379,1.39715,1.3975,1.20,2.40
2010.09.16 19:27:03.409,1.39715,1.3975,1.20,1.00
2010.09.16 19:27:06.899,1.39715,1.39745,1.20,1.00
2010.09.16 19:27:11.524,1.39715,1.39745,1.20,1.00
2010.09.16 19:27:13.378,1.39715,1.39745,1.20,1.00
2010.09.16 19:27:29.360,1.39715,1.3974,1.20,1.00
2010.09.16 19:27:34.512,1.39715,1.39735,1.00,1.00
2010.09.16 19:27:34.682,1.39705,1.39735,5.20,1.00
2010.09.16 19:27:35.214,1.39705,1.39735,2.80,1.00
2010.09.16 19:27:35.532,1.397,1.3974,1.00,7.70
2010.09.16 19:27:36.150,1.397,1.39735,1.00,1.00
2010.09.16 19:27:41.200,1.397,1.3973,1.00,1.00
2010.09.16 19:27:41.622,1.397,1.39735,1.00,2.00
2010.09.16 19:27:41.833,1.397,1.39725,1.00,1.00
2010.09.16 19:27:43.900,1.397,1.3973,1.00,1.00
2010.09.16 19:27:47.919,1.397,1.3973,1.00,1.00
2010.09.16 19:27:50.829,1.397,1.3973,1.00,1.00
2010.09.16 19:27:50.972,1.397,1.39725,1.00,1.00
2010.09.16 19:27:53.598,1.397,1.39725,1.00,1.10
2010.09.16 19:27:53.877,1.397,1.39725,1.00,1.20
2010.09.16 19:27:54.860,1.397,1.39725,1.00,1.00
2010.09.16 19:27:55.616,1.397,1.3972,1.00,1.00
2010.09.16 19:27:58.638,1.397,1.3973,1.00,1.00
2010.09.16 19:28:02.669,1.397,1.39735,1.00,1.70
2010.09.16 19:28:03.125,1.397,1.39735,1.00,1.00
2010.09.16 19:28:03.200,1.397,1.39735,1.00,1.00
2010.09.16 19:28:03.656,1.397,1.3973,1.00,1.00
2010.09.16 19:28:04.070,1.397,1.3974,1.00,7.50
2010.09.16 19:28:04.139,1.397,1.3974,2.60,7.50
2010.09.16 19:28:04.209,1.397,1.3974,3.10,7.50
2010.09.16 19:28:04.550,1.39705,1.3974,2.40,2.70
2010.09.16 19:28:05.707,1.39705,1.39735,2.40,1.00
2010.09.16 19:28:08.621,1.39705,1.39735,2.40,1.00
2010.09.16 19:28:12.668,1.39705,1.39735,2.40,1.00
2010.09.16 19:28:14.168,1.39705,1.3973,2.40,1.00
2010.09.16 19:28:14.352,1.39705,1.39735,2.40,1.10
2010.09.16 19:28:14.532,1.39705,1.39735,2.40,1.20
2010.09.16 19:28:14.712,1.397,1.39735,3.40,1.20
2010.09.16 19:28:28.253,1.397,1.39735,4.20,1.20
2010.09.16 19:28:28.352,1.397,1.3973,3.00,1.00
2010.09.16 19:28:28.922,1.39705,1.3973,2.40,1.00
2010.09.16 19:28:29.039,1.3971,1.3974,1.00,1.00
2010.09.16 19:28:31.834,1.3971,1.3974,1.00,1.20
2010.09.16 19:28:31.953,1.3971,1.3974,1.00,1.00
2010.09.16 19:28:32.072,1.3971,1.3974,2.80,1.00
2010.09.16 19:28:32.421,1.3971,1.3974,2.80,1.00
2010.09.16 19:28:32.912,1.3971,1.3974,1.00,1.00
2010.09.16 19:28:33.258,1.39705,1.39735,2.00,1.00
2010.09.16 19:28:34.968,1.39705,1.3974,2.00,4.20
2010.09.16 19:28:35.086,1.39705,1.3974,2.00,1.80
2010.09.16 19:28:46.196,1.39705,1.3974,2.40,1.00
2010.09.16 19:28:46.291,1.39705,1.3974,2.40,1.00
2010.09.16 19:28:46.380,1.39705,1.3974,4.00,1.00
2010.09.16 19:28:46.488,1.39705,1.3974,4.80,1.00
2010.09.16 19:28:46.968,1.39705,1.3974,4.80,1.00
2010.09.16 19:28:47.251,1.3971,1.3974,2.40,1.00
2010.09.16 19:28:48.610,1.3971,1.3974,2.40,1.10
2010.09.16 19:28:49.274,1.397,1.3974,3.40,6.80
2010.09.16 19:28:49.470,1.397,1.3974,1.80,6.80
2010.09.16 19:28:49.660,1.397,1.3974,1.80,6.70
2010.09.16 19:28:50.151,1.397,1.39735,1.00,1.00
2010.09.16 19:28:50.831,1.397,1.39735,1.00,1.00
2010.09.16 19:28:51.680,1.397,1.39735,5.80,1.00
2010.09.16 19:28:55.243,1.39705,1.39735,1.00,3.20
2010.09.16 19:28:55.441,1.397,1.39735,4.20,1.00
2010.09.16 19:28:56.909,1.397,1.39735,4.20,1.10
2010.09.16 19:28:57.410,1.397,1.39735,4.20,1.00
2010.09.16 19:28:58.602,1.39705,1.39735,2.80,1.00
2010.09.16 19:28:58.760,1.39705,1.39735,3.60,1.00
2010.09.16 19:28:59.280,1.39705,1.3974,3.60,1.10
2010.09.16 19:28:59.760,1.39705,1.39735,3.60,1.00
2010.09.16 19:29:00.478,1.39705,1.39735,1.20,1.00
2010.09.16 19:29:00.732,1.39705,1.39735,1.20,1.00
2010.09.16 19:29:01.509,1.39705,1.39735,1.00,1.00
2010.09.16 19:29:02.745,1.39705,1.39735,1.00,1.20
2010.09.16 19:29:02.951,1.39705,1.39735,1.00,3.60
2010.09.16 19:29:03.060,1.39705,1.39735,1.00,6.00
2010.09.16 19:29:03.664,1.397,1.39735,1.00,9.20
2010.09.16 19:29:04.112,1.397,1.3973,1.00,1.00
2010.09.16 19:29:12.369,1.397,1.3973,1.00,1.00
2010.09.16 19:29:12.922,1.397,1.3973,1.00,1.00
2010.09.16 19:29:15.300,1.397,1.3973,1.00,1.20
2010.09.16 19:29:15.421,1.397,1.39725,1.00,1.00
2010.09.16 19:29:15.784,1.397,1.39725,1.00,1.60
2010.09.16 19:29:16.318,1.397,1.39725,1.00,1.70
2010.09.16 19:29:16.923,1.397,1.39725,1.00,3.20
2010.09.16 19:29:17.223,1.397,1.39715,1.00,1.00
2010.09.16 19:29:21.767,1.397,1.39725,1.00,1.00
2010.09.16 19:29:21.903,1.397,1.3973,1.00,7.60
2010.09.16 19:29:22.549,1.397,1.39725,1.00,1.00
2010.09.16 19:29:24.773,1.397,1.3973,1.00,6.80
2010.09.16 19:29:31.719,1.397,1.39725,1.00,1.00
2010.09.16 19:29:32.330,1.397,1.3973,1.00,6.80
2010.09.16 19:29:34.419,1.397,1.3973,1.00,7.00
2010.09.16 19:29:37.209,1.397,1.3973,1.00,6.80
2010.09.16 19:29:37.994,1.397,1.3973,1.00,5.70
2010.09.16 19:29:38.065,1.397,1.3973,1.00,3.30
2010.09.16 19:29:38.100,1.397,1.3973,1.00,1.00
2010.09.16 19:29:38.383,1.397,1.3973,1.00,1.00
2010.09.16 19:29:38.664,1.397,1.3973,1.00,1.00
2010.09.16 19:29:42.466,1.397,1.3973,1.00,1.00
2010.09.16 19:29:46.530,1.397,1.39725,1.00,1.00
2010.09.16 19:29:48.202,1.397,1.3973,1.00,1.00
2010.09.16 19:29:48.590,1.397,1.39735,1.00,1.00
2010.09.16 19:29:48.724,1.397,1.39735,1.00,1.00
2010.09.16 19:29:55.475,1.397,1.39725,1.00,1.00
2010.09.16 19:29:56.814,1.397,1.39725,1.00,1.10
2010.09.16 19:29:58.733,1.397,1.39725,1.00,1.00
2010.09.16 19:29:59.729,1.397,1.39725,1.00,1.20
2010.09.16 19:30:01.650,1.397,1.39735,1.00,8.90
2010.09.16 19:30:01.720,1.397,1.39735,1.00,4.90
2010.09.16 19:30:01.791,1.397,1.39735,1.00,1.00
2010.09.16 19:30:02.723,1.397,1.39735,1.00,1.00
2010.09.16 19:30:03.064,1.397,1.39735,1.00,1.00
2010.09.16 19:30:03.649,1.397,1.39735,1.00,1.00
2010.09.16 19:30:04.405,1.397,1.3973,1.00,1.00
2010.09.16 19:30:04.642,1.397,1.3973,1.00,1.00
2010.09.16 19:30:08.932,1.397,1.3973,1.00,1.00
2010.09.16 19:30:10.615,1.397,1.3973,1.00,1.00
2010.09.16 19:30:11.344,1.397,1.3973,1.00,1.00
2010.09.16 19:30:13.384,1.397,1.3973,1.00,1.00
2010.09.16 19:30:13.512,1.397,1.3972,1.00,1.00
2010.09.16 19:30:18.660,1.397,1.3972,1.00,1.20
2010.09.16 19:30:18.843,1.397,1.39715,1.00,1.00
2010.09.16 19:30:31.689,1.397,1.3972,1.00,1.10
2010.09.16 19:30:32.910,1.397,1.3972,1.00,1.00
2010.09.16 19:30:34.511,1.397,1.3972,1.00,1.00
2010.09.16 19:30:34.751,1.397,1.3972,1.00,1.00
2010.09.16 19:30:36.020,1.397,1.39715,1.00,1.00
2010.09.16 19:30:36.234,1.397,1.3971,1.00,1.60
2010.09.16 19:30:36.440,1.397,1.3971,1.00,2.40
2010.09.16 19:30:36.900,1.397,1.39705,1.00,1.00
2010.09.16 19:30:39.649,1.397,1.3971,1.00,2.50
2010.09.16 19:30:39.950,1.39675,1.397,4.06,1.00
2010.09.16 19:30:43.052,1.397,1.39705,1.00,1.00
2010.09.16 19:30:46.155,1.3967,1.39705,4.40,1.00
2010.09.16 19:30:46.293,1.397,1.39705,1.00,1.00
2010.09.16 19:30:46.362,1.397,1.39705,1.00,1.00
2010.09.16 19:30:46.934,1.39665,1.397,1.20,1.00
2010.09.16 19:30:47.003,1.39665,1.397,1.20,1.60
2010.09.16 19:30:47.512,1.39665,1.3969,1.00,1.00
2010.09.16 19:30:47.861,1.39655,1.3969,2.80,5.60
2010.09.16 19:30:48.984,1.39655,1.3969,1.20,1.00
2010.09.16 19:30:49.480,1.39655,1.39695,1.20,4.00
2010.09.16 19:30:49.732,1.39655,1.39695,1.20,6.40
2010.09.16 19:30:49.980,1.39655,1.3969,2.80,2.40
2010.09.16 19:30:51.842,1.39655,1.3969,1.20,2.40
2010.09.16 19:30:52.030,1.3965,1.3969,3.30,4.00
2010.09.16 19:30:52.551,1.3965,1.3969,3.30,10.80
2010.09.16 19:30:52.809,1.3963,1.39655,1.00,4.80
2010.09.16 19:30:53.065,1.3963,1.39655,1.00,4.80
2010.09.16 19:30:53.596,1.39635,1.39655,1.00,4.80
2010.09.16 19:30:53.946,1.39645,1.3968,1.00,4.80
2010.09.16 19:30:55.194,1.3965,1.3968,1.60,4.80
2010.09.16 19:30:55.761,1.3965,1.3968,1.60,1.00
2010.09.16 19:30:56.856,1.3965,1.39675,1.60,1.00
2010.09.16 19:30:57.063,1.3965,1.3968,1.60,1.00
2010.09.16 19:30:57.362,1.39645,1.3968,9.20,1.00
2010.09.16 19:30:58.335,1.39645,1.39675,5.20,1.00
2010.09.16 19:30:58.501,1.3964,1.3967,3.10,1.60
2010.09.16 19:30:59.131,1.3964,1.3967,2.40,2.40
2010.09.16 19:30:59.297,1.3963,1.3967,6.80,1.60
2010.09.16 19:30:59.645,1.39635,1.3967,3.60,1.00
2010.09.16 19:31:00.459,1.39635,1.39675,6.80,1.00
2010.09.16 19:31:00.798,1.39635,1.39675,5.20,3.60
2010.09.16 19:31:01.094,1.39635,1.39675,1.00,8.40
2010.09.16 19:31:01.391,1.39635,1.39675,1.00,9.20
2010.09.16 19:31:02.800,1.39635,1.3967,1.00,1.00
2010.09.16 19:31:03.954,1.39635,1.39675,1.00,7.60
2010.09.16 19:31:04.195,1.39635,1.39675,1.00,6.50
2010.09.16 19:31:04.432,1.39635,1.39675,5.20,1.70
2010.09.16 19:31:05.190,1.39635,1.39675,6.80,1.70
2010.09.16 19:31:05.959,1.39635,1.39675,2.80,5.60
2010.09.16 19:31:06.024,1.39635,1.39675,1.00,8.40
2010.09.16 19:31:06.590,1.39635,1.3967,1.00,1.00
2010.09.16 19:31:06.659,1.39635,1.3967,1.20,1.00
2010.09.16 19:31:06.790,1.39635,1.3967,6.00,1.00
2010.09.16 19:31:09.749,1.39635,1.3967,5.50,1.60
2010.09.16 19:31:10.345,1.39635,1.39665,1.00,2.40
2010.09.16 19:31:10.515,1.39625,1.39665,4.00,4.00
2010.09.16 19:31:10.685,1.3963,1.39665,1.00,4.00
2010.09.16 19:31:10.853,1.3963,1.39665,1.00,4.00
2010.09.16 19:31:11.011,1.3963,1.39665,4.80,1.60
2010.09.16 19:31:11.170,1.39625,1.39665,3.60,4.00
2010.09.16 19:31:12.934,1.3963,1.39665,1.00,4.00
2010.09.16 19:31:12.984,1.39635,1.39665,2.40,3.20
2010.09.16 19:31:13.034,1.39635,1.39665,5.50,1.00
2010.09.16 19:31:13.153,1.39635,1.39665,4.80,1.00
2010.09.16 19:31:13.204,1.3963,1.39665,2.00,3.20
2010.09.16 19:31:13.708,1.3963,1.39665,1.00,3.20
2010.09.16 19:31:13.717,1.39625,1.39665,2.90,4.00
2010.09.16 19:31:14.026,1.3963,1.39665,5.50,1.60
2010.09.16 19:31:14.332,1.3963,1.3967,6.00,1.70
2010.09.16 19:31:17.043,1.3963,1.3966,6.00,1.00
2010.09.16 19:31:17.100,1.3963,1.3965,3.60,2.40
2010.09.16 19:31:17.164,1.3963,1.3965,1.20,2.40
2010.09.16 19:31:17.965,1.39615,1.3965,5.20,2.40
2010.09.16 19:31:18.295,1.3962,1.3966,1.60,9.20
2010.09.16 19:31:18.591,1.39615,1.3966,2.80,9.20
2010.09.16 19:31:18.890,1.3962,1.3966,1.60,9.20
2010.09.16 19:31:19.676,1.39615,1.39655,5.20,6.60
2010.09.16 19:31:19.975,1.39615,1.39655,4.40,7.00
2010.09.16 19:31:20.271,1.39605,1.3965,10.80,6.40
2010.09.16 19:31:20.848,1.39605,1.39645,10.30,1.60
2010.09.16 19:31:21.140,1.39605,1.39645,8.70,1.60
2010.09.16 19:31:24.202,1.39605,1.3964,8.70,1.00
2010.09.16 19:31:27.224,1.39605,1.3964,8.70,1.00
2010.09.16 19:31:27.820,1.39605,1.3964,8.70,1.00
2010.09.16 19:31:27.930,1.39605,1.39645,9.20,1.70
2010.09.16 19:31:28.468,1.39605,1.39645,10.00,1.00
2010.09.16 19:31:28.597,1.3962,1.3965,1.00,1.60
2010.09.16 19:31:28.740,1.3962,1.3965,5.50,1.60
2010.09.16 19:31:29.739,1.3962,1.3965,5.50,1.70
2010.09.16 19:31:30.315,1.3962,1.3965,5.50,1.00
2010.09.16 19:31:30.556,1.3962,1.39655,4.80,3.20
2010.09.16 19:31:30.796,1.3962,1.3966,1.00,6.50
2010.09.16 19:31:31.068,1.39615,1.3966,6.80,8.70
2010.09.16 19:31:31.811,1.3962,1.3966,2.00,7.20
2010.09.16 19:31:32.058,1.3963,1.3967,3.10,4.10
2010.09.16 19:31:32.292,1.3963,1.3967,5.50,1.70
2010.09.16 19:31:35.609,1.3963,1.39665,5.50,3.20
2010.09.16 19:31:35.749,1.3963,1.3966,5.50,1.00
2010.09.16 19:31:36.313,1.3963,1.39665,5.50,3.20
2010.09.16 19:31:36.416,1.3963,1.39665,6.00,3.20
2010.09.16 19:31:36.927,1.3963,1.39665,6.00,1.60
2010.09.16 19:31:36.977,1.39635,1.39675,2.00,8.80
2010.09.16 19:31:37.059,1.39635,1.39675,5.20,6.50
2010.09.16 19:31:37.381,1.39635,1.39675,2.00,8.00
2010.09.16 19:31:37.650,1.39635,1.39675,1.20,8.70
2010.09.16 19:31:38.743,1.39635,1.39675,10.00,1.00
2010.09.16 19:31:40.233,1.39635,1.39675,9.20,1.50
2010.09.16 19:31:40.787,1.39635,1.39675,3.60,3.90
2010.09.16 19:31:40.895,1.39635,1.39675,1.00,9.20
2010.09.16 19:31:41.002,1.3963,1.39675,6.80,9.20
2010.09.16 19:31:41.099,1.3963,1.3967,6.80,1.00
2010.09.16 19:31:41.199,1.3963,1.3967,6.80,1.60
2010.09.16 19:31:42.623,1.3963,1.3967,6.80,1.70
2010.09.16 19:31:43.123,1.3963,1.3967,6.00,1.70
2010.09.16 19:31:43.154,1.3963,1.39665,5.50,1.00
2010.09.16 19:31:45.520,1.3963,1.39665,1.60,1.00
2010.09.16 19:31:45.631,1.39635,1.39665,4.80,1.00
2010.09.16 19:31:45.740,1.39635,1.39665,5.50,1.00
2010.09.16 19:31:48.632,1.39635,1.39665,5.50,1.00
2010.09.16 19:31:49.159,1.39635,1.39665,7.10,1.00
2010.09.16 19:31:49.779,1.39645,1.39665,2.00,1.00
2010.09.16 19:31:49.956,1.39645,1.39685,1.00,8.70
2010.09.16 19:31:50.654,1.3965,1.3968,1.00,1.00
2010.09.16 19:31:50.898,1.39645,1.39685,2.00,6.40
2010.09.16 19:31:51.130,1.39645,1.39685,2.00,6.30
2010.09.16 19:31:52.261,1.39645,1.39685,2.00,3.20
2010.09.16 19:31:52.367,1.3965,1.3969,2.80,1.70
2010.09.16 19:31:53.755,1.3965,1.39685,2.80,1.00
2010.09.16 19:31:54.453,1.3965,1.3969,2.80,1.60
2010.09.16 19:31:54.655,1.3965,1.39685,2.40,3.20
2010.09.16 19:31:55.062,1.39645,1.39685,2.90,3.20
2010.09.16 19:31:55.261,1.39645,1.39685,2.90,3.30
2010.09.16 19:31:56.811,1.39645,1.39685,3.60,3.20
2010.09.16 19:31:56.930,1.39645,1.39685,5.20,1.60
2010.09.16 19:31:57.160,1.3965,1.39685,2.40,1.60
2010.09.16 19:31:57.820,1.39645,1.39685,1.20,4.00
2010.09.16 19:31:58.024,1.3965,1.39685,2.40,3.20
2010.09.16 19:31:58.212,1.3965,1.39685,2.40,3.90
2010.09.16 19:31:58.861,1.39645,1.39685,1.20,6.30
2010.09.16 19:31:59.441,1.39645,1.3968,1.20,1.00
2010.09.16 19:32:00.391,1.39645,1.3968,1.00,1.60
2010.09.16 19:32:00.761,1.39645,1.3968,1.00,1.60
2010.09.16 19:32:00.951,1.3964,1.3968,6.00,1.60
2010.09.16 19:32:01.421,1.3964,1.39675,6.00,1.00
2010.09.16 19:32:01.592,1.39635,1.39675,1.20,9.50
2010.09.16 19:32:02.450,1.39635,1.39675,1.20,9.60
2010.09.16 19:32:04.839,1.39635,1.3967,1.20,1.00
2010.09.16 19:32:07.323,1.39635,1.3967,3.60,1.00
2010.09.16 19:32:07.364,1.3964,1.3968,1.30,4.00
2010.09.16 19:32:07.480,1.39645,1.3968,2.40,1.00
2010.09.16 19:32:07.546,1.39645,1.39685,2.40,3.20
2010.09.16 19:32:07.670,1.39645,1.39685,2.80,3.20
2010.09.16 19:32:09.251,1.39645,1.39685,2.80,3.20
2010.09.16 19:32:09.319,1.39645,1.39685,2.80,1.60
2010.09.16 19:32:09.390,1.39645,1.39685,2.90,1.60
2010.09.16 19:32:09.462,1.39645,1.39685,2.90,1.70
2010.09.16 19:32:09.530,1.39645,1.39685,4.50,3.30
2010.09.16 19:32:09.602,1.3965,1.39685,3.10,3.30
2010.09.16 19:32:09.669,1.3965,1.39685,5.50,3.30
2010.09.16 19:32:10.249,1.3965,1.39685,2.40,3.30
2010.09.16 19:32:10.593,1.39645,1.3968,2.80,1.00
2010.09.16 19:32:14.447,1.3965,1.39685,1.00,1.70
2010.09.16 19:32:14.642,1.3965,1.39685,2.80,1.00
2010.09.16 19:32:16.136,1.3965,1.3968,2.80,1.00
2010.09.16 19:32:16.422,1.39645,1.3968,3.60,1.00
2010.09.16 19:32:19.780,1.3965,1.39685,1.00,1.60
2010.09.16 19:32:20.041,1.3965,1.39685,4.80,3.20
2010.09.16 19:32:20.295,1.39645,1.39675,1.00,1.60
2010.09.16 19:32:21.045,1.39645,1.3967,1.00,1.00
2010.09.16 19:32:21.378,1.39635,1.3967,5.50,1.00
2010.09.16 19:32:25.864,1.39635,1.3967,1.00,1.00
2010.09.16 19:32:27.172,1.3963,1.39665,4.80,1.60
2010.09.16 19:32:27.679,1.3963,1.39665,4.80,4.80
2010.09.16 19:32:27.977,1.3962,1.39655,1.00,1.00
2010.09.16 19:32:28.461,1.39615,1.39655,7.60,1.60
2010.09.16 19:32:28.708,1.39615,1.3965,4.80,1.00
2010.09.16 19:32:29.445,1.3961,1.3965,1.20,7.90
2010.09.16 19:32:29.713,1.3961,1.3965,1.20,8.00
2010.09.16 19:32:30.454,1.39605,1.3964,7.60,1.00
2010.09.16 19:32:30.810,1.39605,1.3964,1.00,1.00
2010.09.16 19:32:31.920,1.39605,1.39645,3.60,6.40
2010.09.16 19:32:32.270,1.3961,1.3965,6.80,1.60
2010.09.16 19:32:33.435,1.3961,1.39645,6.80,1.00
2010.09.16 19:32:35.543,1.39605,1.3964,10.00,1.00
2010.09.16 19:32:38.292,1.39605,1.3964,10.00,1.00
2010.09.16 19:32:38.323,1.39605,1.39635,9.20,1.00
2010.09.16 19:32:38.353,1.39605,1.39635,6.40,1.00
2010.09.16 19:32:38.432,1.39605,1.39635,4.80,1.00
2010.09.16 19:32:38.484,1.39605,1.39635,5.50,1.00
2010.09.16 19:32:38.511,1.39605,1.3964,5.50,1.70
2010.09.16 19:32:39.025,1.396,1.3964,6.00,1.60
2010.09.16 19:32:42.470,1.396,1.3964,6.00,1.60
2010.09.16 19:32:44.561,1.396,1.3964,5.20,4.00
2010.09.16 19:32:45.294,1.396,1.3964,1.00,8.80
2010.09.16 19:32:46.530,1.396,1.3964,1.00,8.80
2010.09.16 19:32:47.760,1.396,1.39635,1.00,1.00
2010.09.16 19:32:47.880,1.396,1.3964,1.00,8.70
2010.09.16 19:32:48.181,1.39605,1.3964,1.00,8.00
2010.09.16 19:32:48.936,1.39605,1.3964,1.00,5.60
2010.09.16 19:32:49.075,1.396,1.3964,6.00,1.70
2010.09.16 19:32:51.023,1.396,1.3964,6.00,1.80
2010.09.16 19:32:53.149,1.396,1.39635,6.00,1.00
2010.09.16 19:32:56.670,1.39605,1.39635,1.00,1.00
2010.09.16 19:32:56.920,1.39605,1.39635,5.50,1.00
2010.09.16 19:32:58.151,1.39605,1.39635,6.80,1.00
2010.09.16 19:32:58.480,1.3961,1.39645,1.00,7.20
2010.09.16 19:33:00.010,1.3961,1.39645,1.00,7.20
2010.09.16 19:33:00.350,1.3961,1.39645,1.00,5.60
2010.09.16 19:33:01.199,1.3961,1.3964,1.00,1.00
2010.09.16 19:33:01.403,1.3961,1.3965,1.00,8.80
2010.09.16 19:33:02.791,1.3961,1.39645,1.00,1.00
2010.09.16 19:33:03.529,1.39605,1.3964,1.00,7.10
2010.09.16 19:33:05.055,1.39605,1.3964,1.00,6.40
2010.09.16 19:33:05.223,1.39605,1.39645,1.00,5.70
2010.09.16 19:33:05.560,1.39605,1.39645,1.00,4.10
2010.09.16 19:33:06.714,1.3963,1.39655,3.10,1.60
2010.09.16 19:33:07.053,1.3962,1.39655,1.20,2.40
2010.09.16 19:33:07.870,1.3962,1.39655,6.00,7.60
2010.09.16 19:33:08.169,1.3962,1.39645,1.60,2.40
2010.09.16 19:33:08.925,1.3962,1.39655,1.00,1.70
2010.09.16 19:33:12.460,1.3962,1.39655,1.00,1.60
2010.09.16 19:33:12.781,1.3962,1.39655,2.30,1.60
2010.09.16 19:33:12.872,1.3962,1.3966,3.60,4.80
2010.09.16 19:33:13.040,1.3962,1.3966,8.40,2.40
2010.09.16 19:33:13.567,1.3962,1.3966,8.40,1.70
2010.09.16 19:33:13.907,1.39635,1.3967,1.00,6.40
2010.09.16 19:33:14.251,1.39635,1.3967,1.00,1.60
2010.09.16 19:33:15.074,1.3963,1.3967,4.80,1.60
2010.09.16 19:33:15.416,1.39635,1.39665,1.00,1.00
2010.09.16 19:33:16.277,1.3964,1.39675,1.00,8.80
2010.09.16 19:33:16.622,1.39635,1.3967,2.00,1.00
2010.09.16 19:33:16.961,1.39635,1.3967,2.00,1.00
2010.09.16 19:33:17.772,1.39635,1.3967,2.00,1.00
2010.09.16 19:33:18.451,1.3964,1.3967,1.00,1.00
2010.09.16 19:33:19.112,1.3964,1.3967,1.00,1.00
2010.09.16 19:33:19.335,1.39635,1.3967,1.20,1.00
2010.09.16 19:33:19.531,1.39635,1.39665,1.20,1.00
2010.09.16 19:33:20.102,1.39635,1.3967,1.20,1.00
2010.09.16 19:33:20.906,1.3964,1.3967,3.10,1.00
2010.09.16 19:33:23.809,1.3964,1.39665,3.10,1.00
2010.09.16 19:33:26.810,1.3964,1.39665,1.00,1.00
2010.09.16 19:33:28.426,1.3965,1.39665,1.00,1.00
2010.09.16 19:33:28.816,1.3964,1.39665,2.40,1.00
2010.09.16 19:33:29.639,1.3965,1.39665,1.00,1.00
2010.09.16 19:33:29.985,1.3964,1.39665,3.60,1.00
2010.09.16 19:33:30.331,1.3964,1.39665,6.00,1.00
2010.09.16 19:33:31.334,1.3964,1.39675,6.00,1.00
2010.09.16 19:33:32.011,1.3964,1.39675,6.00,1.00
2010.09.16 19:33:32.823,1.39635,1.39675,6.00,1.00
2010.09.16 19:33:33.331,1.39635,1.3967,6.00,1.00
2010.09.16 19:33:33.503,1.39635,1.3967,4.40,1.00
2010.09.16 19:33:34.005,1.39635,1.3967,1.20,3.90
2010.09.16 19:33:36.231,1.39635,1.3967,1.00,3.90
2010.09.16 19:33:36.671,1.39635,1.3967,1.00,4.00
2010.09.16 19:33:36.890,1.39635,1.3967,1.00,3.90
2010.09.16 19:33:41.488,1.3964,1.3967,3.60,2.40
2010.09.16 19:33:41.689,1.39645,1.3968,1.00,4.80
2010.09.16 19:33:42.357,1.39645,1.3968,2.40,1.00
2010.09.16 19:33:42.599,1.3964,1.39675,6.00,1.00
2010.09.16 19:33:42.837,1.39635,1.3967,1.20,3.90
2010.09.16 19:33:43.647,1.39635,1.3967,1.00,3.90
2010.09.16 19:33:45.822,1.39635,1.39665,1.00,4.80
2010.09.16 19:33:46.063,1.3963,1.39665,1.00,7.10
2010.09.16 19:33:48.339,1.3963,1.39655,1.00,1.00
2010.09.16 19:33:48.503,1.3963,1.39655,1.00,4.70
2010.09.16 19:33:49.111,1.3962,1.39655,1.20,7.20
2010.09.16 19:33:49.270,1.3962,1.39655,1.20,1.00
2010.09.16 19:33:49.610,1.3962,1.3966,1.20,7.20
2010.09.16 19:33:51.371,1.3962,1.3966,1.20,7.20
2010.09.16 19:33:51.531,1.3962,1.39655,1.20,1.60
2010.09.16 19:33:51.691,1.39615,1.39655,8.40,1.00
2010.09.16 19:33:51.850,1.39615,1.3966,8.40,7.60
2010.09.16 19:33:52.160,1.39615,1.39655,8.40,1.00
2010.09.16 19:33:52.319,1.3962,1.39655,1.20,1.00
2010.09.16 19:33:53.182,1.3962,1.3966,1.20,7.10
2010.09.16 19:33:53.390,1.3962,1.3966,6.00,1.60
2010.09.16 19:33:54.931,1.39625,1.39665,1.00,5.70
2010.09.16 19:33:55.802,1.3962,1.3966,6.00,1.00
2010.09.16 19:33:55.901,1.3962,1.39655,1.20,7.10
2010.09.16 19:33:55.981,1.3962,1.39655,1.20,4.00
2010.09.16 19:33:56.061,1.3962,1.3966,1.20,7.10
2010.09.16 19:33:58.988,1.3962,1.3966,1.20,7.30
2010.09.16 19:34:00.739,1.3962,1.39655,1.20,1.00
2010.09.16 19:34:02.260,1.3962,1.39655,1.20,1.00
2010.09.16 19:34:04.259,1.3962,1.3966,1.20,7.20
2010.09.16 19:34:06.012,1.3962,1.3965,1.20,2.40
2010.09.16 19:34:06.129,1.3962,1.39655,1.20,4.70
2010.09.16 19:34:06.190,1.3962,1.39655,1.20,2.30
2010.09.16 19:34:06.250,1.3962,1.39655,1.20,1.60
2010.09.16 19:34:06.309,1.3962,1.3966,1.20,7.20
2010.09.16 19:34:06.490,1.3962,1.3966,3.20,7.20
2010.09.16 19:34:06.670,1.3962,1.3966,8.40,1.70
2010.09.16 19:34:07.183,1.3962,1.3966,4.40,4.10
2010.09.16 19:34:07.426,1.3962,1.3966,1.20,7.10
2010.09.16 19:34:07.671,1.3962,1.3966,1.20,7.20
2010.09.16 19:34:07.910,1.3962,1.3966,1.20,7.10
2010.09.16 19:34:09.941,1.3962,1.3966,1.20,7.20
2010.09.16 19:34:10.619,1.3962,1.3966,1.20,7.10
2010.09.16 19:34:11.350,1.3962,1.39655,1.20,7.10
2010.09.16 19:34:13.912,1.3962,1.3966,3.60,4.70
2010.09.16 19:34:14.721,1.3962,1.3966,2.00,4.80
2010.09.16 19:34:15.600,1.39635,1.3967,3.10,1.60
2010.09.16 19:34:16.925,1.39635,1.3967,3.10,1.60
2010.09.16 19:34:18.756,1.39635,1.3967,1.00,5.60
2010.09.16 19:34:18.935,1.3963,1.3967,1.20,4.00
2010.09.16 19:34:19.761,1.39635,1.3967,1.00,4.00
2010.09.16 19:34:20.021,1.39635,1.3967,4.40,2.40
2010.09.16 19:34:20.281,1.39635,1.39675,4.40,4.70
2010.09.16 19:34:20.975,1.39635,1.3967,2.00,5.50
2010.09.16 19:34:21.192,1.3963,1.3967,1.20,7.90
2010.09.16 19:34:21.403,1.3963,1.3967,1.20,8.70
2010.09.16 19:34:22.897,1.39635,1.3967,1.20,5.60
2010.09.16 19:34:22.948,1.39635,1.3967,1.20,3.20
2010.09.16 19:34:22.991,1.39635,1.3967,5.20,1.00
2010.09.16 19:34:24.305,1.3963,1.3967,1.20,8.70
2010.09.16 19:34:25.891,1.3963,1.3967,1.20,8.80
2010.09.16 19:34:26.091,1.39625,1.39665,6.80,1.60
2010.09.16 19:34:26.687,1.39625,1.39665,5.20,2.30
2010.09.16 19:34:26.979,1.39625,1.39665,9.20,1.70
2010.09.16 19:34:27.261,1.3963,1.39665,1.00,1.00
2010.09.16 19:34:28.693,1.3963,1.39665,1.00,1.00
2010.09.16 19:34:28.861,1.3963,1.39665,1.00,5.60
2010.09.16 19:34:29.030,1.39625,1.39665,2.00,7.20
2010.09.16 19:34:30.561,1.39625,1.39665,2.00,7.10
2010.09.16 19:34:31.800,1.39625,1.39665,2.00,7.20
2010.09.16 19:34:32.120,1.39625,1.39665,1.00,6.90
2010.09.16 19:34:33.163,1.39625,1.39665,1.00,8.50
2010.09.16 19:34:33.550,1.39625,1.39665,1.00,8.40
2010.09.16 19:34:33.660,1.39625,1.39665,1.00,6.80
2010.09.16 19:34:33.769,1.39625,1.39665,1.20,6.40
2010.09.16 19:34:33.880,1.39625,1.39665,6.00,3.20
2010.09.16 19:34:33.992,1.39625,1.3966,6.00,1.00
2010.09.16 19:34:34.052,1.39625,1.3966,5.50,1.60
2010.09.16 19:34:34.864,1.39625,1.3966,1.00,1.60
2010.09.16 19:34:35.542,1.3962,1.3966,1.20,8.70
2010.09.16 19:34:37.233,1.3962,1.3966,1.30,8.70
2010.09.16 19:34:37.410,1.3962,1.3966,1.30,7.10
2010.09.16 19:34:37.503,1.39625,1.3966,1.00,6.40
2010.09.16 19:34:37.591,1.39625,1.3966,1.00,1.60
2010.09.16 19:34:38.401,1.3962,1.3966,4.40,1.60
2010.09.16 19:34:38.741,1.3962,1.3966,4.40,1.60
2010.09.16 19:34:39.890,1.3962,1.3966,4.40,1.60
2010.09.16 19:34:40.502,1.39625,1.3966,1.60,1.60
2010.09.16 19:34:40.647,1.39625,1.3966,4.70,1.60
2010.09.16 19:34:41.671,1.39625,1.3966,3.10,1.60
2010.09.16 19:34:42.684,1.39625,1.3966,3.10,1.60
2010.09.16 19:34:43.170,1.39625,1.3966,3.90,1.60
2010.09.16 19:34:43.875,1.3963,1.39665,1.20,4.70
2010.09.16 19:34:44.146,1.3963,1.3967,1.20,4.00
2010.09.16 19:34:45.876,1.3963,1.3967,1.20,4.00
2010.09.16 19:34:46.342,1.3963,1.3967,1.20,5.60
2010.09.16 19:34:46.573,1.39625,1.39665,2.00,5.50
2010.09.16 19:34:46.790,1.39625,1.39665,1.20,5.50
2010.09.16 19:34:48.809,1.39625,1.39665,1.20,5.60
2010.09.16 19:34:49.330,1.39625,1.39665,1.20,5.50
2010.09.16 19:34:50.956,1.39625,1.39665,1.20,7.10
2010.09.16 19:34:52.243,1.39625,1.39665,1.20,7.20
2010.09.16 19:34:52.889,1.39625,1.39665,1.20,8.80
2010.09.16 19:34:54.538,1.39625,1.39665,1.20,7.20
2010.09.16 19:34:54.865,1.39625,1.39665,2.80,7.20
2010.09.16 19:34:55.419,1.39625,1.39665,2.80,7.10
2010.09.16 19:34:55.540,1.39625,1.39665,2.00,7.10
2010.09.16 19:34:55.660,1.39625,1.39665,1.00,8.70
2010.09.16 19:34:57.131,1.39625,1.3966,1.00,1.60
2010.09.16 19:34:57.509,1.39625,1.3966,1.20,1.60
2010.09.16 19:34:57.603,1.39625,1.3966,3.60,1.60
2010.09.16 19:34:57.640,1.39625,1.3966,6.00,1.60
2010.09.16 19:34:58.060,1.39625,1.3966,7.60,1.60
2010.09.16 19:34:58.100,1.39625,1.3966,9.20,1.60
2010.09.16 19:34:58.581,1.39625,1.39665,9.20,1.60
2010.09.16 19:34:59.597,1.39625,1.39665,9.20,1.60
2010.09.16 19:35:00.210,1.39625,1.39665,9.20,1.60
2010.09.16 19:35:00.300,1.39625,1.39665,7.60,3.20
2010.09.16 19:35:01.006,1.39625,1.39665,6.00,3.20
2010.09.16 19:35:01.670,1.39625,1.39665,6.00,3.30
2010.09.16 19:35:02.180,1.39625,1.39665,9.20,1.70
2010.09.16 19:35:02.280,1.39625,1.39665,9.20,1.60
2010.09.16 19:35:04.221,1.39625,1.39665,7.60,3.20
2010.09.16 19:35:04.311,1.39625,1.39665,6.80,3.90
2010.09.16 19:35:04.400,1.39625,1.39665,2.00,8.70
2010.09.16 19:35:05.860,1.39625,1.39665,1.00,8.80
2010.09.16 19:35:06.970,1.39625,1.39665,1.00,10.40
2010.09.16 19:35:07.642,1.39625,1.3966,1.00,1.00
2010.09.16 19:35:08.401,1.39625,1.3966,2.00,1.00
2010.09.16 19:35:08.949,1.39625,1.3966,1.00,1.00
2010.09.16 19:35:13.493,1.39625,1.3966,2.00,1.00
2010.09.16 19:35:13.702,1.39625,1.39665,6.00,4.80
2010.09.16 19:35:13.911,1.39625,1.39665,9.20,1.60
2010.09.16 19:35:17.970,1.39625,1.39665,9.20,1.70
2010.09.16 19:35:18.090,1.39625,1.39665,10.00,1.70
2010.09.16 19:35:18.471,1.39625,1.39665,6.80,3.20
2010.09.16 19:35:19.021,1.39625,1.39665,8.40,3.20
2010.09.16 19:35:19.559,1.39625,1.3966,8.40,1.00
2010.09.16 19:35:19.639,1.39625,1.3966,10.00,1.00
2010.09.16 19:35:22.400,1.39625,1.39665,10.00,1.60
2010.09.16 19:35:23.249,1.39625,1.39665,8.40,3.20
2010.09.16 19:35:23.741,1.39625,1.3966,8.40,1.00
2010.09.16 19:35:28.779,1.39625,1.3966,10.00,1.00
2010.09.16 19:35:31.395,1.39625,1.3966,10.80,1.00
2010.09.16 19:35:31.509,1.39625,1.3966,11.60,1.00
2010.09.16 19:35:33.200,1.39625,1.39665,11.60,1.00
2010.09.16 19:35:34.111,1.39625,1.3967,11.60,4.00
2010.09.16 19:35:36.041,1.39625,1.39665,11.60,1.00
2010.09.16 19:35:37.753,1.3963,1.3966,4.80,1.00
2010.09.16 19:35:37.911,1.39625,1.3966,3.10,1.00
2010.09.16 19:35:39.230,1.39625,1.3966,3.10,1.00
2010.09.16 19:35:39.302,1.39625,1.3966,3.10,1.00
2010.09.16 19:35:45.302,1.3962,1.3966,4.40,1.00
2010.09.16 19:35:46.840,1.3962,1.3966,4.40,1.00
2010.09.16 19:35:46.937,1.3962,1.39655,3.60,1.00
2010.09.16 19:35:51.200,1.3962,1.39655,2.80,1.00
2010.09.16 19:35:51.748,1.3962,1.39655,2.80,1.70
2010.09.16 19:35:51.932,1.39615,1.3965,4.40,1.00
2010.09.16 19:35:52.093,1.39615,1.3965,3.10,1.70
2010.09.16 19:35:53.377,1.39615,1.3965,3.10,1.60
2010.09.16 19:35:56.051,1.39615,1.39645,3.10,1.00
2010.09.16 19:35:56.130,1.39615,1.39645,1.00,1.00
2010.09.16 19:35:56.290,1.3961,1.39645,1.00,1.00
2010.09.16 19:35:56.530,1.3961,1.39645,1.00,2.40
2010.09.16 19:35:57.254,1.3961,1.3964,1.00,1.00
2010.09.16 19:36:01.380,1.3961,1.3964,1.00,1.00
2010.09.16 19:36:01.879,1.3961,1.3964,1.00,1.00
2010.09.16 19:36:02.592,1.3961,1.3964,1.00,1.00
2010.09.16 19:36:05.339,1.3961,1.3964,1.00,1.00
2010.09.16 19:36:06.689,1.3961,1.3964,1.00,1.00
2010.09.16 19:36:09.632,1.3961,1.3964,1.00,1.00
2010.09.16 19:36:10.052,1.39605,1.3964,1.00,1.60
2010.09.16 19:36:10.602,1.396,1.3964,6.80,1.60
2010.09.16 19:36:10.835,1.396,1.3964,6.80,1.60
2010.09.16 19:36:15.261,1.396,1.3964,8.40,1.60
2010.09.16 19:36:15.969,1.396,1.3964,8.40,1.60
2010.09.16 19:36:16.508,1.396,1.3964,6.80,1.70
2010.09.16 19:36:18.058,1.396,1.3964,6.80,1.60
2010.09.16 19:36:18.218,1.396,1.3964,8.40,1.60
2010.09.16 19:36:19.489,1.396,1.39635,8.40,1.00
2010.09.16 19:36:21.564,1.39595,1.39635,11.60,1.60
2010.09.16 19:36:21.820,1.39595,1.3963,11.60,1.00
2010.09.16 19:36:22.538,1.396,1.39635,1.00,1.00
2010.09.16 19:36:22.844,1.396,1.3964,1.00,7.20
2010.09.16 19:36:23.112,1.396,1.3964,1.00,7.20
2010.09.16 19:36:25.309,1.396,1.3964,1.20,6.40
2010.09.16 19:36:25.868,1.396,1.3964,2.80,6.40
2010.09.16 19:36:27.088,1.3961,1.3964,1.00,1.00
2010.09.16 19:36:31.561,1.3961,1.39645,3.60,1.70
2010.09.16 19:36:32.169,1.3961,1.3965,5.20,3.70
2010.09.16 19:36:32.437,1.3961,1.39645,2.80,1.00
2010.09.16 19:36:32.781,1.3961,1.39645,1.20,1.60
2010.09.16 19:36:33.828,1.396,1.3964,4.40,1.00
2010.09.16 19:36:33.967,1.396,1.3964,4.40,1.00
2010.09.16 19:36:34.360,1.396,1.3964,6.00,1.00
2010.09.16 19:36:36.230,1.396,1.3964,6.00,1.00
2010.09.16 19:36:39.248,1.396,1.3964,6.00,1.00
2010.09.16 19:36:39.409,1.39605,1.39645,1.20,8.90
2010.09.16 19:36:40.017,1.39605,1.39645,2.80,8.90
2010.09.16 19:36:40.174,1.39605,1.3964,2.80,1.00
2010.09.16 19:36:40.321,1.3961,1.3964,1.60,1.00
2010.09.16 19:36:40.909,1.3961,1.39645,1.60,7.30
2010.09.16 19:36:41.569,1.3961,1.3964,1.60,1.00
2010.09.16 19:36:41.939,1.3961,1.39645,1.60,7.30
2010.09.16 19:36:43.531,1.3961,1.39645,1.60,7.20
2010.09.16 19:36:43.609,1.3961,1.39645,1.60,7.10
2010.09.16 19:36:43.696,1.39605,1.39645,4.40,7.10
2010.09.16 19:36:43.780,1.39605,1.39645,2.80,7.10
2010.09.16 19:36:43.860,1.3961,1.39645,1.20,5.50
2010.09.16 19:36:44.393,1.3961,1.39645,1.20,7.10
2010.09.16 19:36:44.549,1.3961,1.39645,1.20,7.30
2010.09.16 19:36:46.220,1.3961,1.3964,1.20,1.00
2010.09.16 19:36:54.779,1.3962,1.3964,1.00,1.00
2010.09.16 19:37:06.609,1.3962,1.39645,1.00,5.70
2010.09.16 19:37:07.861,1.3962,1.39645,1.00,6.50
2010.09.16 19:37:08.431,1.3962,1.39645,1.00,8.10
2010.09.16 19:37:09.443,1.3962,1.3964,1.00,1.00
2010.09.16 19:37:12.036,1.3962,1.39645,1.00,8.00
2010.09.16 19:37:12.710,1.3962,1.3964,1.00,1.00
2010.09.16 19:37:13.770,1.3962,1.3964,1.00,1.00
2010.09.16 19:37:18.173,1.3962,1.39645,1.00,8.10
2010.09.16 19:37:18.740,1.3962,1.39645,1.00,8.00
2010.09.16 19:37:18.805,1.3962,1.39635,1.00,3.10
2010.09.16 19:37:18.960,1.3962,1.39635,1.00,3.10
2010.09.16 19:37:19.350,1.3962,1.39635,1.00,2.40
2010.09.16 19:37:20.105,1.3962,1.3964,1.00,1.00
2010.09.16 19:37:21.871,1.3962,1.39635,1.00,1.00
2010.09.16 19:37:22.695,1.3962,1.39635,1.00,2.50
2010.09.16 19:37:24.061,1.3962,1.39635,1.00,4.00
2010.09.16 19:37:24.134,1.3962,1.39635,1.00,4.10
2010.09.16 19:37:24.719,1.3962,1.39635,1.00,1.60
2010.09.16 19:37:26.380,1.3962,1.39635,1.00,1.60
2010.09.16 19:37:28.750,1.3962,1.39635,1.00,1.60
2010.09.16 19:37:29.580,1.3962,1.3963,1.00,1.00
2010.09.16 19:37:30.347,1.3962,1.39635,1.00,10.40
2010.09.16 19:37:30.833,1.3962,1.39635,1.00,5.70
2010.09.16 19:37:31.638,1.3962,1.39635,1.00,1.70
2010.09.16 19:37:32.470,1.3962,1.3963,1.00,1.00
2010.09.16 19:37:33.460,1.3962,1.39635,1.00,1.00
2010.09.16 19:37:36.758,1.3962,1.39635,1.00,1.00
2010.09.16 19:37:38.950,1.3962,1.39635,1.00,1.00
2010.09.16 19:37:41.497,1.3962,1.3964,1.00,1.60
2010.09.16 19:37:46.830,1.3962,1.3964,1.00,4.00
2010.09.16 19:37:46.961,1.3962,1.3964,1.00,7.20
2010.09.16 19:37:47.089,1.3962,1.3964,1.00,1.00
2010.09.16 19:37:47.211,1.3962,1.3964,1.00,1.00
2010.09.16 19:37:48.947,1.3962,1.39655,1.00,8.70
2010.09.16 19:37:50.980,1.3962,1.39655,1.00,8.00
2010.09.16 19:37:51.848,1.3962,1.39655,1.00,7.90
2010.09.16 19:37:52.491,1.3962,1.39655,1.00,5.60
2010.09.16 19:37:53.225,1.39625,1.3966,1.00,6.40
2010.09.16 19:37:53.434,1.39625,1.3966,3.60,1.60
2010.09.16 19:37:54.082,1.39635,1.3966,1.60,1.60
2010.09.16 19:37:54.277,1.39645,1.3967,4.80,1.00
2010.09.16 19:37:54.974,1.39655,1.3967,1.60,1.00
2010.09.16 19:37:55.163,1.3966,1.3967,2.40,1.00
2010.09.16 19:37:55.504,1.3966,1.3967,2.80,1.00
2010.09.16 19:37:57.564,1.3966,1.3967,2.40,1.00
2010.09.16 19:37:59.595,1.39665,1.3967,6.40,1.00
2010.09.16 19:37:59.644,1.39665,1.39695,6.40,4.20
2010.09.16 19:37:59.690,1.39665,1.39695,4.80,4.20
2010.09.16 19:37:59.750,1.39665,1.3969,4.80,1.00
2010.09.16 19:37:59.801,1.39665,1.3969,4.80,1.50
2010.09.16 19:37:59.850,1.39665,1.3969,2.40,1.50
2010.09.16 19:37:59.901,1.3966,1.3969,2.40,1.50
2010.09.16 19:38:00.564,1.39655,1.3969,8.90,1.50
2010.09.16 19:38:01.866,1.3966,1.3969,1.00,1.00
2010.09.16 19:38:01.961,1.39665,1.3969,2.40,1.00
2010.09.16 19:38:02.571,1.39655,1.3969,9.00,1.50
2010.09.16 19:38:02.672,1.39655,1.3969,7.30,1.50
2010.09.16 19:38:03.242,1.39655,1.3969,2.50,3.90
2010.09.16 19:38:03.432,1.39655,1.3969,2.60,3.90
2010.09.16 19:38:03.622,1.3966,1.3969,1.00,1.00
2010.09.16 19:38:04.305,1.39655,1.39685,1.60,7.10
2010.09.16 19:38:04.535,1.39655,1.39685,2.00,1.60
2010.09.16 19:38:04.763,1.39655,1.39685,2.00,1.00
2010.09.16 19:38:05.280,1.39655,1.39685,2.00,5.50
2010.09.16 19:38:05.630,1.39655,1.39685,2.00,6.40
2010.09.16 19:38:05.974,1.39655,1.39685,2.00,1.00
2010.09.16 19:38:06.863,1.39655,1.39685,2.00,1.00
2010.09.16 19:38:16.734,1.39655,1.39685,2.00,1.00
2010.09.16 19:38:17.920,1.39655,1.39685,2.00,1.00
2010.09.16 19:38:19.750,1.39655,1.39685,2.00,1.00
2010.09.16 19:38:20.411,1.39655,1.3968,2.00,1.00
2010.09.16 19:38:21.187,1.39655,1.3968,2.00,2.50
2010.09.16 19:38:21.499,1.3965,1.3968,1.60,4.80
2010.09.16 19:38:22.225,1.39645,1.3968,4.10,5.60
2010.09.16 19:38:22.496,1.39645,1.3968,4.10,5.60
2010.09.16 19:38:22.802,1.39645,1.3968,4.00,5.60
2010.09.16 19:38:23.600,1.39645,1.3968,4.00,7.20
2010.09.16 19:38:24.899,1.39645,1.39675,4.00,1.00
2010.09.16 19:38:29.390,1.39645,1.39675,3.60,1.00
2010.09.16 19:38:29.474,1.39645,1.3967,3.60,1.00
2010.09.16 19:38:29.552,1.39645,1.3967,2.00,2.50
2010.09.16 19:38:29.630,1.39645,1.3967,1.60,1.00
2010.09.16 19:38:29.782,1.39645,1.39665,1.60,1.00
2010.09.16 19:38:32.224,1.39645,1.3966,1.60,1.00
2010.09.16 19:38:40.336,1.39645,1.39665,1.60,1.00
2010.09.16 19:38:50.469,1.39645,1.3967,1.60,2.50
2010.09.16 19:38:50.571,1.39645,1.39665,1.60,1.00
2010.09.16 19:38:52.237,1.39635,1.39665,2.40,1.00
2010.09.16 19:38:52.833,1.39635,1.3966,2.40,1.00
2010.09.16 19:38:55.111,1.3965,1.3966,4.80,1.00
2010.09.16 19:38:55.264,1.39655,1.3966,2.00,1.00
2010.09.16 19:38:55.412,1.39655,1.39665,6.00,1.00
2010.09.16 19:38:55.561,1.39655,1.39665,4.00,1.00
2010.09.16 19:38:55.711,1.39655,1.39665,2.40,1.00
2010.09.16 19:38:56.324,1.39655,1.39665,4.40,1.00
2010.09.16 19:38:56.633,1.39655,1.39665,6.00,1.00
2010.09.16 19:38:57.110,1.39655,1.39665,3.60,1.00
2010.09.16 19:38:57.471,1.39655,1.39665,3.20,1.00
2010.09.16 19:38:57.562,1.39655,1.39665,1.60,1.00
2010.09.16 19:38:58.344,1.3965,1.39665,1.00,1.00
2010.09.16 19:38:58.562,1.39655,1.39665,1.60,1.00
2010.09.16 19:39:00.404,1.39655,1.3968,1.60,1.00
2010.09.16 19:39:02.459,1.39655,1.3968,1.60,1.00
2010.09.16 19:39:03.671,1.39655,1.39675,1.60,1.00
2010.09.16 19:39:04.607,1.39655,1.3968,1.60,1.00
2010.09.16 19:39:12.894,1.39655,1.3968,2.00,1.00
2010.09.16 19:39:13.468,1.3965,1.3968,4.70,2.50
2010.09.16 19:39:13.699,1.39645,1.39675,2.00,3.10
2010.09.16 19:39:13.922,1.39645,1.39675,2.00,4.70
2010.09.16 19:39:14.845,1.39645,1.39675,2.00,4.80
2010.09.16 19:39:15.411,1.39645,1.3967,2.00,1.00
2010.09.16 19:39:15.701,1.39645,1.39675,2.00,4.80
2010.09.16 19:39:16.750,1.39645,1.39675,2.00,3.20
2010.09.16 19:39:20.011,1.39645,1.3967,2.00,1.00
2010.09.16 19:39:22.363,1.39645,1.3967,2.00,1.00
2010.09.16 19:39:22.456,1.39645,1.3967,1.60,1.00
2010.09.16 19:39:22.800,1.39645,1.39665,1.60,1.00
2010.09.16 19:39:25.963,1.39645,1.3967,1.60,1.00
2010.09.16 19:39:27.690,1.39645,1.39665,1.60,1.00
2010.09.16 19:39:39.710,1.39645,1.3966,1.60,1.00
2010.09.16 19:39:39.840,1.39645,1.39665,1.60,1.00
2010.09.16 19:39:45.673,1.39645,1.3967,1.60,1.00
2010.09.16 19:39:46.202,1.39645,1.3967,2.00,1.00
2010.09.16 19:39:46.878,1.39645,1.3968,2.40,1.00
2010.09.16 19:39:47.053,1.39645,1.3968,4.80,1.00
2010.09.16 19:39:47.713,1.39645,1.3968,2.40,1.00
2010.09.16 19:39:58.363,1.39645,1.3968,2.00,4.10
2010.09.16 19:40:03.434,1.39645,1.39675,2.00,1.00
2010.09.16 19:40:04.721,1.39645,1.39675,2.00,1.00
2010.09.16 19:40:09.991,1.39645,1.3968,2.00,4.10
2010.09.16 19:40:11.371,1.39655,1.3968,1.60,4.00
2010.09.16 19:40:12.741,1.39655,1.39675,1.60,1.00
2010.09.16 19:40:13.740,1.39645,1.39675,2.00,1.00
2010.09.16 19:40:14.200,1.39655,1.39675,1.60,1.00
2010.09.16 19:40:14.306,1.39655,1.3968,1.60,3.30
2010.09.16 19:40:14.433,1.39655,1.3968,1.60,1.00
2010.09.16 19:40:15.791,1.39645,1.3968,5.20,1.00
2010.09.16 19:40:15.930,1.39645,1.3968,2.40,3.30
2010.09.16 19:40:16.070,1.39645,1.3968,2.00,4.10
2010.09.16 19:40:16.631,1.39645,1.3967,2.00,1.00
2010.09.16 19:40:17.132,1.39645,1.39675,2.00,1.60
2010.09.16 19:40:17.365,1.39645,1.39675,1.60,4.00
2010.09.16 19:40:17.593,1.39645,1.3967,1.60,1.00
2010.09.16 19:40:22.095,1.39635,1.3967,3.20,1.00
2010.09.16 19:40:22.131,1.39635,1.3967,2.00,1.00
2010.09.16 19:40:22.159,1.39635,1.3967,1.60,1.00
2010.09.16 19:40:25.540,1.39635,1.3967,1.60,6.90
2010.09.16 19:40:25.754,1.39635,1.3966,1.60,4.80
2010.09.16 19:40:25.963,1.39635,1.39665,1.60,1.00
2010.09.16 19:40:28.668,1.39635,1.39665,1.60,1.00
2010.09.16 19:40:37.401,1.39635,1.3967,1.60,1.00
2010.09.16 19:40:37.512,1.39635,1.39665,4.00,1.00
2010.09.16 19:40:38.144,1.39635,1.39665,1.60,1.00
2010.09.16 19:40:39.402,1.39635,1.3967,1.60,1.00
2010.09.16 19:40:40.833,1.3963,1.3967,6.40,6.80
2010.09.16 19:40:41.084,1.3963,1.3966,1.00,4.80
2010.09.16 19:40:41.335,1.39635,1.39665,1.60,1.00
2010.09.16 19:40:43.715,1.39635,1.39665,1.60,1.00
2010.09.16 19:40:44.239,1.3963,1.39665,1.00,1.00
2010.09.16 19:40:44.393,1.3963,1.3966,1.00,4.80
2010.09.16 19:40:44.540,1.3963,1.3966,1.00,4.80
2010.09.16 19:40:46.332,1.39635,1.3966,1.60,4.80
2010.09.16 19:40:46.441,1.39635,1.39665,1.60,3.10
2010.09.16 19:40:46.551,1.39635,1.3967,1.60,4.10
2010.09.16 19:40:47.038,1.39635,1.3967,1.60,3.30
2010.09.16 19:40:48.890,1.39635,1.3967,1.60,1.00
2010.09.16 19:40:49.365,1.39635,1.3967,1.60,1.70
2010.09.16 19:40:49.430,1.3963,1.3966,1.00,4.80
2010.09.16 19:40:50.420,1.3963,1.39655,1.00,1.00
2010.09.16 19:40:50.743,1.3963,1.39655,1.00,5.50
2010.09.16 19:40:51.753,1.39625,1.39655,2.90,5.50
2010.09.16 19:40:51.912,1.39625,1.39655,2.10,5.50
2010.09.16 19:40:52.073,1.39625,1.39655,4.40,4.80
2010.09.16 19:40:52.234,1.3963,1.39665,1.30,3.10
2010.09.16 19:40:53.023,1.3963,1.39665,2.40,1.00
2010.09.16 19:40:54.850,1.3963,1.39655,2.40,1.00
2010.09.16 19:40:55.411,1.3963,1.39665,2.40,1.00
2010.09.16 19:40:56.189,1.3963,1.3966,2.40,1.00
2010.09.16 19:40:57.660,1.3963,1.3966,2.40,1.00
2010.09.16 19:40:57.749,1.3963,1.39655,2.40,1.00
2010.09.16 19:41:02.079,1.3963,1.39665,2.40,1.00
2010.09.16 19:41:03.400,1.3963,1.39665,2.40,1.00
2010.09.16 19:41:03.439,1.3963,1.39665,2.00,1.00
2010.09.16 19:41:03.996,1.39635,1.39665,1.60,4.80
2010.09.16 19:41:04.074,1.3963,1.39665,1.00,4.80
2010.09.16 19:41:04.332,1.3963,1.3966,1.00,1.00
2010.09.16 19:41:06.562,1.39635,1.39665,1.60,4.00
2010.09.16 19:41:06.682,1.39635,1.39665,1.60,1.60
2010.09.16 19:41:07.299,1.39635,1.3967,1.60,7.10
2010.09.16 19:41:09.013,1.39635,1.3967,1.60,7.20
2010.09.16 19:41:10.872,1.39635,1.39665,1.60,1.00
2010.09.16 19:41:11.128,1.3963,1.3966,1.00,4.80
2010.09.16 19:41:12.896,1.3963,1.3966,2.40,2.40
2010.09.16 19:41:13.003,1.39635,1.39665,1.60,1.00
2010.09.16 19:41:13.420,1.39635,1.3967,1.60,1.00
2010.09.16 19:41:13.722,1.3964,1.3967,2.40,1.00
2010.09.16 19:41:13.920,1.3964,1.39675,2.40,1.60
2010.09.16 19:41:14.151,1.39645,1.39675,1.60,1.00
2010.09.16 19:41:15.914,1.39645,1.39675,1.60,1.00
2010.09.16 19:41:22.784,1.39645,1.3967,1.60,1.00
2010.09.16 19:41:22.869,1.3964,1.3967,3.20,1.00
2010.09.16 19:41:24.447,1.39645,1.3967,1.60,1.00
2010.09.16 19:41:25.749,1.39645,1.39675,1.60,1.00
2010.09.16 19:41:26.050,1.39645,1.39675,1.60,1.00
2010.09.16 19:41:31.313,1.39645,1.3968,1.60,1.70
2010.09.16 19:41:37.489,1.39645,1.39675,1.60,1.00
2010.09.16 19:41:38.329,1.39645,1.3967,1.60,1.00
2010.09.16 19:41:44.514,1.39645,1.39675,1.60,1.00
2010.09.16 19:41:49.914,1.39645,1.39675,1.60,1.00
2010.09.16 19:41:52.652,1.39645,1.3968,1.60,1.70
2010.09.16 19:41:53.257,1.39645,1.3968,2.00,1.70
2010.09.16 19:42:06.322,1.39645,1.39675,1.60,1.00
2010.09.16 19:42:06.512,1.39645,1.39675,1.60,3.10
2010.09.16 19:42:06.702,1.3965,1.39675,1.00,2.40
2010.09.16 19:42:07.042,1.3965,1.3968,1.00,1.60
2010.09.16 19:42:07.522,1.39645,1.3968,1.60,1.70
2010.09.16 19:42:11.910,1.39645,1.39675,1.60,1.00
2010.09.16 19:42:15.912,1.39645,1.39675,2.30,1.00
2010.09.16 19:42:16.139,1.39645,1.39675,5.20,1.00
2010.09.16 19:42:23.411,1.39645,1.39675,5.20,1.00
2010.09.16 19:42:28.021,1.39645,1.39675,5.20,1.00
2010.09.16 19:42:28.263,1.3965,1.39685,2.40,1.00
2010.09.16 19:42:28.381,1.3965,1.39685,4.80,1.00
2010.09.16 19:42:28.984,1.3965,1.39685,5.30,1.00
2010.09.16 19:42:30.942,1.3965,1.39685,5.20,1.00
2010.09.16 19:42:31.083,1.3965,1.39685,2.80,1.00
2010.09.16 19:42:31.142,1.3965,1.39685,1.00,1.00
2010.09.16 19:42:33.780,1.3965,1.3968,1.00,1.00
2010.09.16 19:42:34.560,1.3965,1.39685,1.00,1.00
2010.09.16 19:42:35.396,1.3965,1.39685,1.00,1.00
2010.09.16 19:42:35.591,1.3965,1.3968,1.00,1.00
2010.09.16 19:42:36.931,1.39655,1.3968,1.20,1.00
2010.09.16 19:42:37.424,1.39655,1.3968,5.20,1.00
2010.09.16 19:42:42.305,1.39655,1.39675,5.20,1.00
2010.09.16 19:42:42.899,1.39655,1.3968,5.20,1.00
2010.09.16 19:42:44.819,1.39655,1.39675,5.20,1.00
2010.09.16 19:42:45.035,1.39655,1.39685,2.00,1.00
2010.09.16 19:42:46.511,1.39655,1.3968,2.00,1.00
2010.09.16 19:42:51.831,1.39655,1.3968,1.00,1.00
2010.09.16 19:42:51.911,1.39655,1.3968,2.00,1.00
2010.09.16 19:43:05.641,1.39655,1.39685,2.00,1.00
2010.09.16 19:43:08.251,1.39655,1.3968,2.00,1.00
2010.09.16 19:43:08.390,1.39655,1.3968,1.00,1.00
