2010.09.29 02:00:00.563,1.40425,1.40455,1.00,4.80
2010.09.29 02:00:01.402,1.40435,1.40455,2.40,1.00
2010.09.29 02:00:01.595,1.40435,1.40465,3.20,2.70
2010.09.29 02:00:02.485,1.40425,1.40455,1.60,3.20
2010.09.29 02:00:03.396,1.40415,1.40445,2.40,1.40
2010.09.29 02:00:03.727,1.4041,1.4044,3.20,1.00
2010.09.29 02:00:04.045,1.40415,1.4044,1.00,1.00
2010.09.29 02:00:05.024,1.4041,1.4044,2.40,1.40
2010.09.29 02:00:05.284,1.4041,1.4044,1.00,4.70
2010.09.29 02:00:05.544,1.40405,1.4044,1.60,4.70
2010.09.29 02:00:05.804,1.40405,1.40435,1.60,1.40
2010.09.29 02:00:07.023,1.40405,1.40435,1.60,1.60
2010.09.29 02:00:07.136,1.40405,1.40435,1.60,1.50
2010.09.29 02:00:08.223,1.40405,1.40435,1.60,1.60
2010.09.29 02:00:09.392,1.4039,1.4042,1.60,1.00
2010.09.29 02:00:12.804,1.4039,1.4042,1.60,1.00
2010.09.29 02:00:12.964,1.4039,1.4042,1.60,1.00
2010.09.29 02:00:14.032,1.4039,1.4042,3.20,1.00
2010.09.29 02:00:14.385,1.404,1.40425,1.00,1.00
2010.09.29 02:00:16.935,1.404,1.40425,1.00,2.30
2010.09.29 02:00:17.332,1.404,1.40425,2.40,1.00
2010.09.29 02:00:17.493,1.404,1.4043,2.40,3.20
2010.09.29 02:00:18.008,1.404,1.4043,3.20,2.40
2010.09.29 02:00:19.492,1.404,1.4043,3.20,2.40
2010.09.29 02:00:21.282,1.404,1.4043,3.20,2.40
2010.09.29 02:00:26.389,1.40405,1.4043,1.00,1.70
2010.09.29 02:00:26.594,1.40405,1.4043,1.60,1.60
2010.09.29 02:00:26.696,1.40405,1.40435,3.20,1.60
2010.09.29 02:00:29.584,1.40405,1.4043,3.20,1.00
2010.09.29 02:00:30.285,1.404,1.4043,3.20,3.20
2010.09.29 02:00:33.937,1.404,1.4043,3.20,3.10
2010.09.29 02:00:33.983,1.404,1.4043,3.40,3.10
2010.09.29 02:00:34.122,1.40405,1.4043,1.60,1.40
2010.09.29 02:00:35.542,1.40405,1.4043,1.60,1.00
2010.09.29 02:00:35.662,1.40405,1.40435,2.40,1.50
2010.09.29 02:00:37.235,1.40405,1.40435,2.40,1.60
2010.09.29 02:00:39.002,1.40405,1.40435,2.40,1.50
2010.09.29 02:00:40.209,1.40405,1.40435,2.40,1.60
2010.09.29 02:00:43.224,1.40405,1.40435,1.00,3.10
2010.09.29 02:00:43.433,1.40405,1.40435,1.00,3.20
2010.09.29 02:00:44.163,1.404,1.4043,1.60,1.40
2010.09.29 02:00:50.543,1.404,1.4043,1.70,1.40
2010.09.29 02:00:50.982,1.404,1.4043,1.60,1.40
2010.09.29 02:00:51.663,1.404,1.40425,1.00,1.40
2010.09.29 02:00:56.892,1.40395,1.40425,3.20,1.40
2010.09.29 02:00:56.972,1.40395,1.40425,3.30,1.40
2010.09.29 02:00:57.052,1.40395,1.4042,2.50,1.00
2010.09.29 02:00:57.132,1.40395,1.4042,1.00,1.00
2010.09.29 02:00:57.707,1.40395,1.4042,1.00,1.00
2010.09.29 02:00:57.772,1.40395,1.4042,1.00,1.00
2010.09.29 02:00:58.333,1.40395,1.4042,1.00,1.00
2010.09.29 02:00:59.427,1.4039,1.40415,1.00,1.00
2010.09.29 02:00:59.887,1.40385,1.40415,2.10,1.00
2010.09.29 02:00:59.952,1.40385,1.40415,3.30,1.00
2010.09.29 02:01:00.559,1.40385,1.40415,3.20,1.00
2010.09.29 02:01:01.696,1.40385,1.40415,3.30,1.00
2010.09.29 02:01:03.038,1.40385,1.40415,3.20,1.00
2010.09.29 02:01:03.202,1.40385,1.40415,4.90,1.00
2010.09.29 02:01:03.283,1.40385,1.40415,3.30,1.00
2010.09.29 02:01:04.037,1.40385,1.40415,3.20,1.00
2010.09.29 02:01:06.338,1.40385,1.40415,3.20,1.00
2010.09.29 02:01:08.223,1.40385,1.40415,3.30,1.00
2010.09.29 02:01:08.482,1.404,1.40425,1.00,1.00
2010.09.29 02:01:08.638,1.40395,1.4042,3.20,1.60
2010.09.29 02:01:08.786,1.40395,1.4042,1.60,1.60
2010.09.29 02:01:08.933,1.40395,1.4042,1.60,1.60
2010.09.29 02:01:09.674,1.40395,1.4042,1.60,1.60
2010.09.29 02:01:09.918,1.404,1.4042,1.60,1.60
2010.09.29 02:01:12.045,1.404,1.40415,1.60,1.60
2010.09.29 02:01:13.258,1.404,1.4042,1.60,1.60
2010.09.29 02:01:14.164,1.404,1.4042,1.60,1.70
2010.09.29 02:01:15.304,1.40395,1.4042,1.60,1.70
2010.09.29 02:01:16.153,1.40395,1.40415,1.60,1.00
2010.09.29 02:01:16.245,1.40395,1.4042,1.00,1.70
2010.09.29 02:01:16.584,1.40395,1.40415,1.00,1.60
2010.09.29 02:01:17.365,1.40395,1.40415,1.00,1.70
2010.09.29 02:01:17.694,1.40395,1.40415,1.00,1.00
2010.09.29 02:01:18.745,1.40395,1.40415,1.00,1.00
2010.09.29 02:01:19.394,1.40395,1.4042,4.00,1.00
2010.09.29 02:01:19.663,1.404,1.40425,1.60,1.80
2010.09.29 02:01:19.934,1.404,1.40425,1.60,1.70
2010.09.29 02:01:21.894,1.404,1.4042,1.00,1.00
2010.09.29 02:01:22.073,1.40395,1.4042,1.60,1.80
2010.09.29 02:01:22.254,1.40395,1.4042,1.60,1.70
2010.09.29 02:01:23.092,1.404,1.4042,1.00,1.60
2010.09.29 02:01:23.280,1.40405,1.40425,2.40,1.00
2010.09.29 02:01:23.466,1.40405,1.40425,2.40,1.00
2010.09.29 02:01:23.924,1.40405,1.40425,1.00,1.00
2010.09.29 02:01:25.553,1.40405,1.40425,1.00,1.00
2010.09.29 02:01:27.013,1.40405,1.40425,1.00,1.00
2010.09.29 02:01:27.252,1.40405,1.40425,1.00,1.70
2010.09.29 02:01:28.994,1.40405,1.40425,1.00,1.60
2010.09.29 02:01:29.303,1.40405,1.40425,1.00,1.70
2010.09.29 02:01:29.763,1.40405,1.4042,1.00,1.60
2010.09.29 02:01:31.049,1.40405,1.40425,1.00,1.00
2010.09.29 02:01:31.318,1.40405,1.4043,1.00,2.40
2010.09.29 02:01:32.258,1.40405,1.4043,1.00,2.40
2010.09.29 02:01:35.585,1.40405,1.4042,1.00,1.60
2010.09.29 02:01:38.979,1.40405,1.40425,1.00,1.00
2010.09.29 02:01:41.823,1.40405,1.4042,1.00,1.60
2010.09.29 02:01:42.975,1.40405,1.40425,1.00,1.00
2010.09.29 02:01:43.252,1.40405,1.4043,1.00,2.40
2010.09.29 02:01:44.063,1.40405,1.40425,1.00,1.00
2010.09.29 02:01:46.987,1.40405,1.4043,1.00,2.40
2010.09.29 02:01:47.313,1.40405,1.4043,1.00,2.40
2010.09.29 02:01:47.433,1.40405,1.4042,1.00,1.60
2010.09.29 02:01:49.529,1.40405,1.4043,1.00,2.40
2010.09.29 02:01:51.224,1.40405,1.4043,1.00,2.30
2010.09.29 02:01:53.007,1.40405,1.4043,1.60,2.30
2010.09.29 02:01:53.119,1.4041,1.4043,1.00,1.60
2010.09.29 02:01:55.197,1.4041,1.40435,1.00,1.00
2010.09.29 02:01:55.278,1.4041,1.40435,1.00,1.00
2010.09.29 02:01:55.685,1.4041,1.40435,1.00,1.00
2010.09.29 02:01:58.734,1.4041,1.40435,1.00,1.00
2010.09.29 02:01:58.903,1.4041,1.40435,1.00,1.00
2010.09.29 02:02:02.965,1.4041,1.40435,1.00,1.00
2010.09.29 02:02:04.944,1.40415,1.40435,1.00,1.00
2010.09.29 02:02:05.293,1.40415,1.40435,1.00,1.00
2010.09.29 02:02:06.456,1.4041,1.40435,1.00,1.00
2010.09.29 02:02:06.564,1.4041,1.40435,1.00,1.00
2010.09.29 02:02:06.774,1.4041,1.40435,1.00,1.00
2010.09.29 02:02:10.182,1.4041,1.40435,1.00,1.00
2010.09.29 02:02:24.836,1.4041,1.40435,1.00,1.00
2010.09.29 02:02:27.174,1.4041,1.40435,1.00,1.00
2010.09.29 02:02:27.942,1.4041,1.40435,1.00,1.00
2010.09.29 02:02:32.156,1.4041,1.40435,1.00,1.00
2010.09.29 02:02:32.336,1.4041,1.40435,1.00,1.00
2010.09.29 02:02:32.684,1.4041,1.40435,1.00,1.00
2010.09.29 02:02:34.284,1.4041,1.40435,2.40,1.00
2010.09.29 02:02:34.514,1.4041,1.40435,2.40,1.00
2010.09.29 02:02:36.500,1.4041,1.40435,2.40,1.00
2010.09.29 02:02:37.029,1.4041,1.40435,1.00,1.00
2010.09.29 02:02:39.552,1.4041,1.40435,1.00,1.00
2010.09.29 02:02:39.752,1.4041,1.40435,2.40,1.00
2010.09.29 02:02:41.883,1.4041,1.40435,2.60,1.00
2010.09.29 02:02:42.012,1.40415,1.40445,1.00,3.20
2010.09.29 02:02:43.035,1.40415,1.4044,1.00,1.00
2010.09.29 02:02:43.826,1.40415,1.4044,1.00,1.80
2010.09.29 02:02:44.587,1.4041,1.4044,1.60,3.20
2010.09.29 02:02:54.865,1.4041,1.40435,1.60,1.00
2010.09.29 02:02:56.354,1.4041,1.40435,1.60,1.00
2010.09.29 02:02:56.792,1.4041,1.40435,1.60,1.00
2010.09.29 02:02:56.903,1.4041,1.40435,1.60,1.00
2010.09.29 02:02:57.324,1.40405,1.40435,1.60,3.10
2010.09.29 02:02:57.843,1.40405,1.4043,1.60,1.60
2010.09.29 02:03:00.172,1.40405,1.4043,1.60,1.70
2010.09.29 02:03:01.604,1.40405,1.40425,1.60,1.60
2010.09.29 02:03:01.847,1.404,1.40425,1.60,1.60
2010.09.29 02:03:02.086,1.404,1.40425,1.60,1.70
2010.09.29 02:03:03.364,1.404,1.40425,1.60,1.80
2010.09.29 02:03:04.895,1.404,1.40425,1.60,1.70
2010.09.29 02:03:05.640,1.40395,1.40425,1.60,1.70
2010.09.29 02:03:06.955,1.40395,1.40425,3.20,1.80
2010.09.29 02:03:07.239,1.40395,1.40425,1.60,1.80
2010.09.29 02:03:07.726,1.40395,1.4042,1.60,1.60
2010.09.29 02:03:08.068,1.40395,1.40425,1.60,3.20
2010.09.29 02:03:08.962,1.40395,1.40425,1.60,3.20
2010.09.29 02:03:12.712,1.40395,1.40425,1.60,3.20
2010.09.29 02:03:13.854,1.40395,1.40415,1.60,1.60
2010.09.29 02:03:19.989,1.40395,1.40415,1.00,1.60
2010.09.29 02:03:20.146,1.4039,1.40415,1.70,1.60
2010.09.29 02:03:20.602,1.4039,1.40415,1.60,1.60
2010.09.29 02:03:22.238,1.4039,1.40415,1.60,1.60
2010.09.29 02:03:22.423,1.4039,1.40415,1.00,2.40
2010.09.29 02:03:22.514,1.40385,1.40415,1.00,3.20
2010.09.29 02:03:22.605,1.40385,1.40415,1.00,4.20
2010.09.29 02:03:22.694,1.40385,1.40415,1.00,5.80
2010.09.29 02:03:23.231,1.40385,1.40415,1.00,4.20
2010.09.29 02:03:23.578,1.40385,1.40415,1.00,3.20
2010.09.29 02:03:23.923,1.4038,1.4041,1.70,1.40
2010.09.29 02:03:24.764,1.4038,1.4041,1.60,1.50
2010.09.29 02:03:24.993,1.4038,1.40405,1.60,1.60
2010.09.29 02:03:26.194,1.4038,1.40405,1.60,1.60
2010.09.29 02:03:26.806,1.4038,1.40405,1.70,1.60
2010.09.29 02:03:27.608,1.4038,1.40405,1.60,1.60
2010.09.29 02:03:28.523,1.4038,1.40405,1.60,1.60
2010.09.29 02:03:29.853,1.4038,1.40405,1.00,2.30
2010.09.29 02:03:30.199,1.40375,1.40405,1.70,2.30
2010.09.29 02:03:35.289,1.40375,1.40405,1.00,3.10
2010.09.29 02:03:35.493,1.4037,1.40395,1.70,1.60
2010.09.29 02:03:35.687,1.4037,1.404,1.70,1.00
2010.09.29 02:03:35.886,1.40375,1.40405,1.00,3.10
2010.09.29 02:03:36.076,1.40375,1.40405,1.60,2.30
2010.09.29 02:03:37.215,1.4038,1.40405,1.00,2.30
2010.09.29 02:03:38.095,1.40375,1.40405,1.70,2.30
2010.09.29 02:03:38.795,1.40375,1.40405,1.60,2.30
2010.09.29 02:03:40.623,1.40375,1.40405,1.70,2.30
2010.09.29 02:03:42.523,1.40375,1.40405,1.60,2.40
2010.09.29 02:03:43.366,1.40375,1.40405,1.60,2.40
2010.09.29 02:03:44.829,1.40375,1.40395,1.60,1.60
2010.09.29 02:03:47.127,1.40375,1.40405,1.60,2.40
2010.09.29 02:03:47.414,1.40375,1.40405,1.60,2.30
2010.09.29 02:03:49.213,1.40375,1.40405,1.70,2.30
2010.09.29 02:03:50.785,1.4037,1.404,3.40,1.40
2010.09.29 02:03:50.898,1.4037,1.40395,1.70,1.60
2010.09.29 02:03:52.177,1.4037,1.40385,1.60,1.60
2010.09.29 02:03:53.837,1.4037,1.40395,3.30,1.60
2010.09.29 02:03:54.024,1.40375,1.40395,1.00,1.60
2010.09.29 02:04:00.742,1.4038,1.40395,1.60,1.60
2010.09.29 02:04:00.942,1.4038,1.40405,1.60,1.60
2010.09.29 02:04:01.323,1.4038,1.40405,1.60,1.80
2010.09.29 02:04:01.702,1.4038,1.404,1.60,6.00
2010.09.29 02:04:01.895,1.4038,1.40385,1.60,1.60
2010.09.29 02:04:02.678,1.40375,1.40395,1.60,1.60
2010.09.29 02:04:02.995,1.40375,1.40405,1.60,3.20
2010.09.29 02:04:03.306,1.40375,1.40395,1.60,1.60
2010.09.29 02:04:08.379,1.40375,1.40405,1.60,3.20
2010.09.29 02:04:08.661,1.40375,1.40405,1.60,5.70
2010.09.29 02:04:08.907,1.40375,1.40405,1.60,10.10
2010.09.29 02:04:09.365,1.40375,1.40395,1.60,1.60
2010.09.29 02:04:09.606,1.40375,1.40395,1.00,1.60
2010.09.29 02:04:16.198,1.40375,1.40395,1.60,1.60
2010.09.29 02:04:16.485,1.4038,1.40405,1.60,1.80
2010.09.29 02:04:16.773,1.4038,1.40405,1.60,1.70
2010.09.29 02:04:19.214,1.40375,1.404,1.60,1.00
2010.09.29 02:04:19.364,1.40375,1.40405,1.60,2.40
2010.09.29 02:04:19.515,1.40375,1.40405,1.60,8.40
2010.09.29 02:04:20.132,1.4037,1.40395,1.60,1.60
2010.09.29 02:04:23.003,1.4037,1.404,1.60,1.00
2010.09.29 02:04:23.203,1.40375,1.404,1.00,1.00
2010.09.29 02:04:23.453,1.40375,1.40405,1.60,3.20
2010.09.29 02:04:24.306,1.40375,1.40405,1.60,3.20
2010.09.29 02:04:25.055,1.40375,1.40405,1.60,3.20
2010.09.29 02:04:26.450,1.4038,1.4041,1.60,3.20
2010.09.29 02:04:26.503,1.4038,1.4041,1.60,3.10
2010.09.29 02:04:26.564,1.4038,1.40405,1.60,1.60
2010.09.29 02:04:28.485,1.4038,1.40405,1.60,1.70
2010.09.29 02:04:28.643,1.4038,1.40405,1.60,1.60
2010.09.29 02:04:29.407,1.40385,1.4041,1.60,1.80
2010.09.29 02:04:31.193,1.40385,1.4041,1.60,1.70
2010.09.29 02:04:35.343,1.40385,1.404,1.60,1.60
2010.09.29 02:04:38.944,1.40385,1.40395,1.00,1.60
2010.09.29 02:04:39.094,1.4038,1.40395,1.60,1.60
2010.09.29 02:04:40.869,1.4038,1.404,1.60,1.60
2010.09.29 02:04:55.453,1.40385,1.40405,1.60,1.70
2010.09.29 02:04:56.405,1.40385,1.40405,1.60,1.00
2010.09.29 02:04:56.728,1.4038,1.4041,4.80,3.20
2010.09.29 02:04:57.698,1.4038,1.404,3.20,1.60
2010.09.29 02:04:57.937,1.4038,1.404,1.00,1.60
2010.09.29 02:05:00.475,1.4038,1.40395,1.00,1.60
2010.09.29 02:05:00.974,1.4038,1.404,1.00,1.60
2010.09.29 02:05:01.674,1.4038,1.404,1.00,2.40
2010.09.29 02:05:02.337,1.4038,1.404,1.00,1.60
2010.09.29 02:05:05.914,1.4038,1.40405,1.00,2.40
2010.09.29 02:05:06.538,1.4038,1.404,1.00,1.60
2010.09.29 02:05:06.895,1.4038,1.40405,1.60,1.60
2010.09.29 02:05:07.242,1.4038,1.404,1.60,1.60
2010.09.29 02:05:10.482,1.4038,1.40395,1.00,1.00
2010.09.29 02:05:10.572,1.4038,1.4039,1.00,1.60
2010.09.29 02:05:11.064,1.40375,1.404,1.00,2.40
2010.09.29 02:05:11.161,1.4038,1.40405,2.40,1.00
2010.09.29 02:05:11.235,1.40385,1.40405,1.00,1.00
2010.09.29 02:05:11.842,1.40385,1.4041,1.00,1.00
2010.09.29 02:05:12.199,1.40385,1.4041,1.00,1.00
2010.09.29 02:05:13.504,1.40385,1.4041,1.00,1.00
2010.09.29 02:05:15.062,1.40385,1.4041,2.40,1.00
2010.09.29 02:05:15.113,1.40385,1.4041,4.00,1.00
2010.09.29 02:05:15.175,1.40385,1.40415,4.80,2.30
2010.09.29 02:05:15.232,1.40385,1.40415,4.80,1.00
2010.09.29 02:05:15.344,1.40385,1.40415,4.80,1.00
2010.09.29 02:05:16.391,1.40385,1.40415,4.90,7.50
2010.09.29 02:05:16.742,1.4038,1.40405,1.60,1.60
2010.09.29 02:05:17.527,1.4038,1.4041,3.40,1.40
2010.09.29 02:05:17.811,1.40385,1.40415,1.00,2.20
2010.09.29 02:05:18.273,1.40385,1.40415,1.60,2.20
2010.09.29 02:05:18.615,1.4039,1.40415,1.00,2.20
2010.09.29 02:05:19.295,1.4039,1.40415,1.00,2.40
2010.09.29 02:05:19.814,1.4039,1.40415,1.00,2.20
2010.09.29 02:05:20.299,1.4039,1.40415,1.00,3.80
2010.09.29 02:05:22.324,1.4039,1.40415,1.00,2.20
2010.09.29 02:05:34.802,1.4039,1.40415,1.00,2.20
2010.09.29 02:05:40.934,1.4039,1.40415,1.00,2.20
2010.09.29 02:05:46.373,1.4039,1.40415,1.00,2.20
2010.09.29 02:05:47.327,1.4039,1.40415,1.00,2.20
2010.09.29 02:05:54.036,1.4039,1.4041,1.00,1.60
2010.09.29 02:05:58.742,1.40385,1.4041,1.00,1.60
2010.09.29 02:05:59.665,1.40385,1.4041,1.00,1.60
2010.09.29 02:05:59.772,1.40385,1.40415,1.00,4.80
2010.09.29 02:06:00.459,1.40385,1.40415,1.00,3.20
2010.09.29 02:06:00.580,1.40385,1.40415,1.00,3.00
2010.09.29 02:06:00.928,1.4039,1.40415,1.60,1.60
2010.09.29 02:06:01.614,1.4039,1.40415,1.60,1.60
2010.09.29 02:06:02.306,1.4039,1.4041,1.60,1.60
2010.09.29 02:06:04.258,1.4039,1.4041,1.60,1.60
2010.09.29 02:06:08.752,1.4039,1.4041,1.60,1.60
2010.09.29 02:06:10.531,1.4039,1.4041,1.00,1.60
2010.09.29 02:06:10.592,1.40385,1.4041,1.70,1.60
2010.09.29 02:06:12.561,1.4038,1.40405,1.00,1.60
2010.09.29 02:06:13.005,1.4038,1.40405,1.00,2.40
2010.09.29 02:06:13.209,1.40375,1.40405,2.40,11.30
2010.09.29 02:06:13.702,1.40375,1.40405,2.40,10.70
2010.09.29 02:06:13.913,1.40375,1.404,3.20,1.00
2010.09.29 02:06:14.259,1.40375,1.404,1.60,2.30
2010.09.29 02:06:14.607,1.4038,1.40405,1.60,1.60
2010.09.29 02:06:15.396,1.4038,1.404,1.60,1.60
2010.09.29 02:06:16.116,1.4038,1.4041,3.40,3.10
2010.09.29 02:06:16.424,1.4039,1.4041,1.00,1.60
2010.09.29 02:06:17.268,1.4039,1.40405,1.00,1.60
2010.09.29 02:06:17.455,1.40385,1.40405,1.00,1.60
2010.09.29 02:06:17.633,1.4038,1.40405,1.60,1.60
2010.09.29 02:06:18.174,1.40385,1.40405,1.00,1.60
2010.09.29 02:06:18.630,1.40385,1.40405,1.60,1.60
2010.09.29 02:06:18.862,1.40385,1.4041,1.60,1.60
2010.09.29 02:06:19.087,1.40385,1.4041,1.60,1.70
2010.09.29 02:06:19.524,1.40385,1.4041,1.60,1.60
2010.09.29 02:06:19.743,1.4038,1.4041,1.60,3.10
2010.09.29 02:06:20.191,1.4038,1.4041,1.60,3.20
2010.09.29 02:06:22.636,1.4038,1.4041,1.60,3.20
2010.09.29 02:06:24.122,1.40385,1.4041,1.00,1.00
2010.09.29 02:06:24.244,1.40385,1.4042,1.00,3.20
2010.09.29 02:06:24.404,1.4039,1.4042,1.60,3.20
2010.09.29 02:06:25.037,1.4039,1.4042,1.60,3.20
2010.09.29 02:06:26.137,1.40395,1.4042,1.00,1.80
2010.09.29 02:06:26.844,1.40395,1.4042,1.00,1.70
2010.09.29 02:06:28.931,1.40395,1.4042,1.00,7.70
2010.09.29 02:06:28.994,1.40395,1.4042,1.00,7.90
2010.09.29 02:06:29.052,1.40395,1.4041,1.00,1.60
2010.09.29 02:06:29.571,1.4039,1.4041,1.60,1.60
2010.09.29 02:06:32.304,1.4039,1.4041,1.60,1.70
2010.09.29 02:06:33.624,1.4039,1.4041,1.60,1.60
2010.09.29 02:06:34.353,1.4039,1.4042,1.60,3.60
2010.09.29 02:06:35.054,1.4039,1.4042,1.60,3.20
2010.09.29 02:06:35.294,1.4039,1.4042,1.60,3.20
2010.09.29 02:06:36.283,1.4039,1.4042,1.60,3.20
2010.09.29 02:06:38.010,1.4039,1.4042,1.60,3.20
2010.09.29 02:06:39.303,1.4039,1.4042,1.60,3.20
2010.09.29 02:06:39.457,1.40395,1.4042,1.60,1.00
2010.09.29 02:06:41.273,1.40395,1.40425,1.60,1.60
2010.09.29 02:06:43.155,1.40395,1.4042,1.60,1.00
2010.09.29 02:06:55.982,1.40395,1.40425,1.60,1.50
2010.09.29 02:06:56.413,1.40395,1.4042,1.60,1.00
2010.09.29 02:06:57.216,1.40405,1.4043,1.00,2.40
2010.09.29 02:06:58.795,1.40405,1.40425,1.00,1.00
2010.09.29 02:07:00.643,1.404,1.40425,1.00,1.80
2010.09.29 02:07:00.735,1.404,1.4042,1.00,1.00
2010.09.29 02:07:01.393,1.404,1.40415,1.00,1.60
2010.09.29 02:07:01.598,1.4039,1.40415,1.60,1.60
2010.09.29 02:07:02.487,1.40385,1.4041,1.60,1.60
2010.09.29 02:07:03.346,1.40385,1.4041,1.60,1.60
2010.09.29 02:07:04.214,1.40385,1.40415,1.70,3.70
2010.09.29 02:07:04.335,1.40385,1.4041,1.60,1.60
2010.09.29 02:07:05.153,1.40385,1.4041,1.70,1.60
2010.09.29 02:07:17.713,1.40385,1.4041,1.60,7.60
2010.09.29 02:07:17.892,1.40385,1.40405,1.60,1.60
2010.09.29 02:07:18.073,1.40385,1.40405,1.00,1.60
2010.09.29 02:07:23.453,1.40385,1.4041,1.00,2.30
2010.09.29 02:07:25.129,1.40385,1.4041,1.00,2.40
2010.09.29 02:07:25.624,1.40385,1.4041,1.00,8.40
2010.09.29 02:07:25.783,1.40385,1.4041,1.00,8.30
2010.09.29 02:07:25.874,1.40385,1.40405,1.00,1.60
2010.09.29 02:07:30.248,1.40385,1.4041,2.40,1.00
2010.09.29 02:07:32.255,1.4039,1.40415,1.60,1.00
2010.09.29 02:07:33.453,1.40385,1.40415,3.20,1.00
2010.09.29 02:07:39.952,1.40385,1.40415,3.40,1.00
2010.09.29 02:07:40.044,1.40385,1.4041,1.70,1.60
2010.09.29 02:07:45.303,1.40385,1.40415,3.40,1.00
2010.09.29 02:07:45.603,1.4039,1.40415,1.00,1.00
2010.09.29 02:07:47.868,1.4039,1.40415,1.00,1.00
2010.09.29 02:07:48.073,1.4039,1.4042,1.00,3.10
2010.09.29 02:07:48.532,1.4039,1.4042,1.70,3.10
2010.09.29 02:07:50.075,1.4039,1.40415,1.60,1.60
2010.09.29 02:07:50.294,1.4039,1.4041,1.60,1.60
2010.09.29 02:07:50.413,1.4039,1.4041,1.60,1.60
2010.09.29 02:07:52.067,1.40395,1.4041,1.00,1.60
2010.09.29 02:07:52.244,1.40395,1.4041,1.60,1.60
2010.09.29 02:07:52.423,1.40395,1.4042,1.60,1.60
2010.09.29 02:07:55.700,1.4039,1.4042,1.60,3.20
2010.09.29 02:08:01.395,1.4039,1.4041,1.60,1.60
2010.09.29 02:08:02.363,1.4039,1.4041,1.00,1.60
2010.09.29 02:08:02.553,1.40385,1.4041,1.60,1.60
2010.09.29 02:08:03.581,1.40395,1.4041,1.00,1.60
2010.09.29 02:08:03.722,1.4039,1.4041,1.00,1.60
2010.09.29 02:08:03.837,1.40385,1.4041,1.60,1.60
2010.09.29 02:08:03.946,1.40385,1.40415,3.30,1.00
2010.09.29 02:08:04.514,1.4039,1.40415,1.00,1.00
2010.09.29 02:08:05.304,1.4039,1.40415,1.00,1.00
2010.09.29 02:08:05.647,1.4039,1.4042,1.60,2.30
2010.09.29 02:08:08.202,1.40395,1.4042,1.00,2.30
2010.09.29 02:08:09.891,1.40395,1.4042,1.00,1.00
2010.09.29 02:08:10.487,1.404,1.40425,1.00,2.30
2010.09.29 02:08:11.373,1.404,1.40425,1.00,2.40
2010.09.29 02:08:12.193,1.404,1.40425,1.00,2.40
2010.09.29 02:08:14.583,1.404,1.40425,1.00,2.30
2010.09.29 02:08:15.142,1.404,1.40425,1.00,1.00
2010.09.29 02:08:15.471,1.40395,1.4042,1.00,1.60
2010.09.29 02:08:15.795,1.40395,1.40425,1.00,1.40
2010.09.29 02:08:19.513,1.40395,1.40425,1.00,1.60
2010.09.29 02:08:20.813,1.40395,1.40425,1.00,1.40
2010.09.29 02:08:22.823,1.40395,1.40425,1.00,1.60
2010.09.29 02:08:23.683,1.40395,1.4042,1.00,1.60
2010.09.29 02:08:24.690,1.40395,1.4042,1.00,2.50
2010.09.29 02:08:24.975,1.4039,1.4042,1.00,3.20
2010.09.29 02:08:26.544,1.4039,1.4042,1.00,3.20
2010.09.29 02:08:32.894,1.4039,1.4042,1.00,3.20
2010.09.29 02:08:33.460,1.40385,1.40415,1.60,1.00
2010.09.29 02:08:33.594,1.40385,1.40405,1.00,1.60
2010.09.29 02:08:33.716,1.40385,1.4041,1.00,4.20
2010.09.29 02:08:33.837,1.40385,1.4041,1.00,3.20
2010.09.29 02:08:36.264,1.40385,1.4041,1.00,3.10
2010.09.29 02:08:36.437,1.40385,1.40405,1.00,1.60
2010.09.29 02:08:37.520,1.40385,1.4041,1.00,3.20
2010.09.29 02:08:37.943,1.40385,1.4041,1.00,3.20
2010.09.29 02:08:38.364,1.40385,1.4041,1.00,3.20
2010.09.29 02:08:41.339,1.40385,1.4041,1.00,3.20
2010.09.29 02:08:43.874,1.40385,1.4041,1.00,3.10
2010.09.29 02:09:03.493,1.40385,1.4041,1.00,3.20
2010.09.29 02:09:09.248,1.40385,1.4041,1.00,3.10
2010.09.29 02:09:10.474,1.40385,1.4041,1.00,3.20
2010.09.29 02:09:11.629,1.40385,1.4041,1.00,3.20
2010.09.29 02:09:13.002,1.40385,1.4041,1.00,3.20
2010.09.29 02:09:26.072,1.40385,1.4041,1.00,3.20
2010.09.29 02:09:27.717,1.40385,1.4041,1.00,3.20
2010.09.29 02:09:29.391,1.40385,1.4041,1.00,3.20
2010.09.29 02:09:32.744,1.40385,1.40405,1.00,1.60
2010.09.29 02:09:33.328,1.40375,1.404,1.60,1.60
2010.09.29 02:09:34.135,1.40375,1.404,1.70,1.60
2010.09.29 02:09:35.703,1.40375,1.40405,1.60,3.10
2010.09.29 02:09:35.825,1.4038,1.40405,1.00,3.10
2010.09.29 02:09:36.401,1.4038,1.40405,1.00,1.00
2010.09.29 02:09:36.516,1.4038,1.4041,1.60,3.10
2010.09.29 02:09:37.199,1.4038,1.4041,1.70,3.10
2010.09.29 02:09:38.027,1.4038,1.40395,1.00,1.60
2010.09.29 02:09:38.260,1.4037,1.40395,1.60,1.60
2010.09.29 02:09:39.462,1.40375,1.404,1.00,1.00
2010.09.29 02:09:39.812,1.40375,1.40405,1.60,5.50
2010.09.29 02:09:39.973,1.40375,1.40405,1.60,3.10
2010.09.29 02:09:40.227,1.40375,1.40405,1.80,3.10
2010.09.29 02:09:40.769,1.4038,1.4041,1.60,5.50
2010.09.29 02:09:41.120,1.4038,1.4041,1.60,5.60
2010.09.29 02:09:41.467,1.4038,1.4041,1.60,5.50
2010.09.29 02:09:43.298,1.4038,1.4041,1.60,3.10
2010.09.29 02:09:43.395,1.4038,1.4041,1.60,1.40
2010.09.29 02:09:44.402,1.4038,1.4041,3.20,1.40
2010.09.29 02:09:44.499,1.40385,1.40415,1.00,2.40
2010.09.29 02:09:44.965,1.40385,1.40415,1.00,1.40
2010.09.29 02:09:45.340,1.4038,1.40405,1.60,1.00
2010.09.29 02:09:46.103,1.4038,1.4041,1.60,5.60
2010.09.29 02:09:46.426,1.4038,1.40405,1.60,2.30
2010.09.29 02:09:46.977,1.4038,1.40405,1.60,2.40
2010.09.29 02:09:48.314,1.4038,1.40405,1.60,2.40
2010.09.29 02:09:49.122,1.4038,1.40405,1.60,2.40
2010.09.29 02:09:49.889,1.4038,1.40405,1.60,2.40
2010.09.29 02:09:50.438,1.40375,1.40405,1.60,2.40
2010.09.29 02:09:51.777,1.40375,1.404,1.60,1.00
2010.09.29 02:09:52.674,1.40375,1.404,1.60,1.00
2010.09.29 02:09:54.575,1.40375,1.40405,1.70,2.30
2010.09.29 02:09:54.676,1.40385,1.40405,1.00,1.60
2010.09.29 02:09:54.777,1.40385,1.40405,1.60,1.60
2010.09.29 02:09:57.975,1.40385,1.40405,1.60,1.70
2010.09.29 02:09:58.322,1.4038,1.40405,1.60,1.70
2010.09.29 02:09:58.493,1.4038,1.40405,1.60,1.80
2010.09.29 02:09:59.323,1.4038,1.40395,1.60,1.00
2010.09.29 02:09:59.582,1.40375,1.404,1.00,1.00
2010.09.29 02:10:00.268,1.40375,1.40395,1.00,1.60
2010.09.29 02:10:01.466,1.40375,1.40395,1.00,1.70
2010.09.29 02:10:01.925,1.4037,1.40395,1.00,1.70
2010.09.29 02:10:02.107,1.4037,1.40395,1.00,1.60
2010.09.29 02:10:02.464,1.4037,1.40395,1.00,1.70
2010.09.29 02:10:02.827,1.4037,1.40395,1.00,1.60
2010.09.29 02:10:03.785,1.4037,1.40395,1.60,1.60
2010.09.29 02:10:04.466,1.4037,1.40395,1.60,1.60
2010.09.29 02:10:05.070,1.4037,1.40395,1.60,1.60
2010.09.29 02:10:05.349,1.4037,1.40395,1.60,1.60
2010.09.29 02:10:05.674,1.4037,1.40395,1.60,1.60
2010.09.29 02:10:08.343,1.4037,1.40395,1.60,1.60
2010.09.29 02:10:09.546,1.4037,1.40395,1.60,1.60
2010.09.29 02:10:10.407,1.4037,1.404,1.60,1.00
2010.09.29 02:10:14.173,1.4037,1.404,1.60,1.70
2010.09.29 02:10:14.195,1.4037,1.40395,1.60,1.00
2010.09.29 02:10:14.206,1.4037,1.40395,1.60,1.70
2010.09.29 02:10:14.270,1.4037,1.40395,1.60,1.60
2010.09.29 02:10:15.773,1.4037,1.40395,1.00,2.30
2010.09.29 02:10:16.117,1.4037,1.40395,1.00,2.40
2010.09.29 02:10:16.296,1.4037,1.40395,1.00,2.40
2010.09.29 02:10:16.994,1.4037,1.40395,1.00,8.30
2010.09.29 02:10:17.174,1.4037,1.40385,1.00,1.60
2010.09.29 02:10:17.634,1.40365,1.40385,1.60,1.60
2010.09.29 02:10:17.879,1.40365,1.40385,1.00,1.60
2010.09.29 02:10:18.360,1.4036,1.40385,1.60,1.60
2010.09.29 02:10:19.106,1.4036,1.40385,1.60,1.80
2010.09.29 02:10:20.112,1.4036,1.40385,1.60,1.60
2010.09.29 02:10:20.474,1.4036,1.40385,1.60,1.70
2010.09.29 02:10:20.913,1.4036,1.40385,1.60,3.30
2010.09.29 02:10:21.043,1.4036,1.4038,1.60,1.00
2010.09.29 02:10:21.174,1.4036,1.4038,1.00,1.00
2010.09.29 02:10:21.666,1.40355,1.4038,1.60,1.00
2010.09.29 02:10:22.005,1.40355,1.40385,1.60,2.40
2010.09.29 02:10:22.343,1.40355,1.40385,1.60,4.00
2010.09.29 02:10:22.685,1.40355,1.40385,1.60,4.00
2010.09.29 02:10:24.534,1.40355,1.4038,1.60,1.00
2010.09.29 02:10:24.756,1.40355,1.40385,1.60,4.00
2010.09.29 02:10:24.913,1.40355,1.40385,1.60,2.40
2010.09.29 02:10:25.516,1.40355,1.4038,1.60,1.00
2010.09.29 02:10:29.324,1.40355,1.40385,1.60,2.40
2010.09.29 02:10:30.056,1.40355,1.40385,1.80,1.00
2010.09.29 02:10:30.761,1.4036,1.4038,1.00,1.00
2010.09.29 02:10:31.084,1.4035,1.4038,3.30,1.00
2010.09.29 02:10:32.585,1.4035,1.4038,3.20,1.00
2010.09.29 02:10:32.720,1.4035,1.40375,1.00,2.30
2010.09.29 02:10:32.844,1.4035,1.40375,1.00,2.30
2010.09.29 02:10:33.095,1.4035,1.40375,1.00,2.30
2010.09.29 02:10:34.259,1.4035,1.40375,1.00,2.40
2010.09.29 02:10:35.445,1.4035,1.40375,1.00,2.40
2010.09.29 02:10:36.547,1.40345,1.4037,1.00,2.30
2010.09.29 02:10:37.462,1.40345,1.40365,1.00,1.60
2010.09.29 02:10:37.989,1.40345,1.4037,1.00,2.30
2010.09.29 02:10:38.668,1.40345,1.4037,1.60,1.60
2010.09.29 02:10:38.978,1.40345,1.4037,1.70,1.60
2010.09.29 02:10:39.585,1.40345,1.4037,1.60,1.60
2010.09.29 02:10:39.885,1.40345,1.40375,1.60,2.30
2010.09.29 02:10:40.574,1.40345,1.40375,3.20,2.30
2010.09.29 02:10:42.241,1.40345,1.40375,1.60,2.30
2010.09.29 02:10:43.513,1.40345,1.40375,1.00,3.10
2010.09.29 02:10:43.696,1.40345,1.40375,1.00,3.20
2010.09.29 02:10:45.071,1.4035,1.40375,3.40,1.40
2010.09.29 02:10:45.183,1.4035,1.4038,5.00,1.50
2010.09.29 02:10:45.404,1.4035,1.4038,5.10,1.40
2010.09.29 02:10:46.783,1.40355,1.4038,1.00,1.00
2010.09.29 02:10:47.124,1.40355,1.40385,1.00,3.20
2010.09.29 02:10:49.992,1.40355,1.4038,1.00,1.00
2010.09.29 02:10:50.110,1.4035,1.4038,1.60,3.10
2010.09.29 02:10:50.824,1.4035,1.4038,1.60,3.10
2010.09.29 02:10:51.037,1.40345,1.40375,2.10,1.00
2010.09.29 02:10:51.243,1.40345,1.40375,1.70,1.00
2010.09.29 02:10:51.914,1.4035,1.40375,1.00,1.00
2010.09.29 02:10:52.364,1.40355,1.40375,2.40,1.00
2010.09.29 02:10:58.533,1.4035,1.40375,4.80,1.00
2010.09.29 02:10:58.752,1.4035,1.40375,4.80,1.00
2010.09.29 02:11:01.452,1.40345,1.40375,1.70,1.00
2010.09.29 02:11:02.252,1.40345,1.40375,1.60,1.00
2010.09.29 02:11:02.533,1.40345,1.40375,1.70,1.00
2010.09.29 02:11:03.454,1.4034,1.4037,6.80,1.40
2010.09.29 02:11:03.626,1.4034,1.40365,1.00,1.60
2010.09.29 02:11:03.945,1.4034,1.40365,1.00,3.10
2010.09.29 02:11:04.541,1.40335,1.4036,1.00,1.00
2010.09.29 02:11:06.576,1.40335,1.4036,1.60,1.00
2010.09.29 02:11:06.796,1.40335,1.40365,1.60,1.00
2010.09.29 02:11:07.016,1.40345,1.4037,2.60,3.10
2010.09.29 02:11:07.234,1.40345,1.4037,4.70,1.40
2010.09.29 02:11:08.786,1.4035,1.40375,6.40,1.40
2010.09.29 02:11:08.938,1.4035,1.40375,4.80,1.40
2010.09.29 02:11:09.223,1.4035,1.40375,2.40,1.40
2010.09.29 02:11:10.194,1.40345,1.40375,1.00,1.40
2010.09.29 02:11:10.541,1.40345,1.40375,1.00,1.40
2010.09.29 02:11:10.887,1.4035,1.40375,1.00,1.00
2010.09.29 02:11:13.619,1.4035,1.40375,3.20,1.00
2010.09.29 02:11:14.099,1.4035,1.40375,3.20,2.30
2010.09.29 02:11:14.246,1.40355,1.4038,1.00,1.00
2010.09.29 02:11:19.013,1.40355,1.4038,1.00,1.00
2010.09.29 02:11:20.130,1.40355,1.4038,1.00,1.00
2010.09.29 02:11:24.261,1.4035,1.40375,1.00,1.00
2010.09.29 02:11:24.366,1.4035,1.40375,1.00,1.00
2010.09.29 02:11:25.646,1.4035,1.40375,1.00,1.00
2010.09.29 02:11:26.915,1.4035,1.40375,1.00,1.00
2010.09.29 02:11:32.727,1.4035,1.40375,1.00,1.00
2010.09.29 02:11:32.964,1.4035,1.40375,2.40,1.00
2010.09.29 02:11:33.084,1.4035,1.40375,2.40,1.00
2010.09.29 02:11:33.203,1.4035,1.40375,1.00,1.00
2010.09.29 02:11:33.443,1.4035,1.40375,1.00,1.00
2010.09.29 02:11:38.783,1.4035,1.40375,1.00,1.00
2010.09.29 02:11:38.966,1.4035,1.4038,1.60,1.40
2010.09.29 02:11:41.407,1.4035,1.4038,1.70,1.40
2010.09.29 02:11:50.919,1.4035,1.4038,1.60,1.50
2010.09.29 02:11:54.754,1.40355,1.4038,1.60,1.50
2010.09.29 02:11:55.350,1.40355,1.4038,1.60,1.40
2010.09.29 02:11:55.570,1.40355,1.40385,2.60,1.40
2010.09.29 02:11:57.731,1.40355,1.40385,2.40,1.50
2010.09.29 02:12:00.137,1.40355,1.40385,2.40,1.60
2010.09.29 02:12:01.092,1.4036,1.40385,1.00,1.00
2010.09.29 02:12:01.142,1.4036,1.40385,1.60,1.00
2010.09.29 02:12:01.263,1.4036,1.4039,1.60,3.20
2010.09.29 02:12:06.136,1.4036,1.4039,1.60,3.20
2010.09.29 02:12:09.626,1.4036,1.4039,1.60,1.50
2010.09.29 02:12:09.779,1.4036,1.4039,1.60,1.60
2010.09.29 02:12:09.843,1.4036,1.4039,1.60,1.40
2010.09.29 02:12:10.052,1.40365,1.4039,1.00,1.40
2010.09.29 02:12:10.516,1.40365,1.4039,1.00,1.00
2010.09.29 02:12:10.576,1.40365,1.4039,1.00,1.00
2010.09.29 02:12:12.334,1.40365,1.4039,1.00,1.00
2010.09.29 02:12:12.505,1.4036,1.4039,1.60,1.00
2010.09.29 02:12:12.674,1.4036,1.4039,1.00,1.60
2010.09.29 02:12:13.159,1.40355,1.40385,3.40,1.00
2010.09.29 02:12:13.360,1.40355,1.40385,5.50,1.40
2010.09.29 02:12:13.544,1.40355,1.40385,3.90,1.40
2010.09.29 02:12:13.906,1.40355,1.40385,3.40,1.40
2010.09.29 02:12:14.394,1.40355,1.40385,5.20,1.40
2010.09.29 02:12:15.174,1.40355,1.40385,8.10,1.40
2010.09.29 02:12:17.734,1.40355,1.40385,7.70,1.60
2010.09.29 02:12:18.304,1.40355,1.40385,5.60,1.60
2010.09.29 02:12:18.376,1.40355,1.40385,1.60,1.60
2010.09.29 02:12:32.875,1.40355,1.40385,1.70,1.40
2010.09.29 02:12:33.013,1.40355,1.40385,1.70,3.10
2010.09.29 02:12:34.484,1.40355,1.40385,3.20,1.40
2010.09.29 02:12:35.143,1.40355,1.40385,3.40,1.40
2010.09.29 02:12:35.783,1.40355,1.40385,3.60,1.40
2010.09.29 02:12:36.854,1.40355,1.40385,3.50,1.50
2010.09.29 02:12:38.044,1.40355,1.40385,4.80,1.60
2010.09.29 02:12:38.815,1.40355,1.40385,1.60,3.20
2010.09.29 02:12:39.146,1.40355,1.40385,1.60,3.20
2010.09.29 02:12:39.749,1.40355,1.40385,1.60,3.20
2010.09.29 02:12:40.124,1.40355,1.40385,1.60,3.20
2010.09.29 02:12:41.213,1.40355,1.40385,1.60,3.20
2010.09.29 02:12:43.296,1.40355,1.4038,1.60,1.00
2010.09.29 02:12:47.432,1.40355,1.4038,1.60,1.00
2010.09.29 02:12:47.673,1.4035,1.4038,1.60,1.00
2010.09.29 02:12:48.740,1.4035,1.4038,3.20,1.00
2010.09.29 02:12:52.032,1.4035,1.4038,1.60,1.00
2010.09.29 02:12:52.944,1.4035,1.4038,1.60,1.00
2010.09.29 02:12:53.253,1.4035,1.4038,1.60,1.00
2010.09.29 02:12:53.848,1.40355,1.4038,3.40,1.00
2010.09.29 02:12:54.083,1.40355,1.40385,3.40,1.40
2010.09.29 02:12:55.080,1.40355,1.40385,3.50,1.40
2010.09.29 02:12:56.206,1.40355,1.40385,3.60,1.40
2010.09.29 02:12:56.505,1.40355,1.40385,3.50,1.40
2010.09.29 02:12:56.863,1.40355,1.40385,3.40,1.60
2010.09.29 02:12:56.983,1.40355,1.40385,3.50,1.40
2010.09.29 02:12:57.959,1.40355,1.40385,3.40,1.50
2010.09.29 02:12:58.069,1.40355,1.4038,1.80,1.00
2010.09.29 02:13:04.690,1.40355,1.4038,2.60,1.00
2010.09.29 02:13:04.754,1.40355,1.40385,3.40,1.60
2010.09.29 02:13:13.192,1.40355,1.40385,3.60,1.40
2010.09.29 02:13:17.744,1.40355,1.40385,3.40,1.60
2010.09.29 02:13:30.501,1.40355,1.40385,3.80,1.60
2010.09.29 02:13:30.611,1.40355,1.40385,7.90,1.40
2010.09.29 02:13:30.715,1.40355,1.40385,10.30,1.40
2010.09.29 02:13:30.814,1.40355,1.40385,10.70,1.40
2010.09.29 02:13:30.914,1.40355,1.40385,10.60,1.40
2010.09.29 02:13:31.313,1.4036,1.40385,1.00,1.00
2010.09.29 02:13:31.523,1.4036,1.4039,1.00,1.50
2010.09.29 02:13:33.095,1.4036,1.4039,1.00,1.40
2010.09.29 02:13:33.225,1.4036,1.4039,1.00,3.10
2010.09.29 02:13:37.552,1.4036,1.4039,1.00,1.40
2010.09.29 02:13:37.663,1.4036,1.4039,1.00,3.10
2010.09.29 02:13:41.158,1.4036,1.4039,1.00,3.20
2010.09.29 02:13:41.309,1.4036,1.4039,1.00,1.60
2010.09.29 02:13:41.464,1.4036,1.4039,1.00,3.20
2010.09.29 02:13:42.069,1.4036,1.4039,1.00,3.10
2010.09.29 02:13:42.754,1.4036,1.4039,1.00,1.40
2010.09.29 02:13:51.734,1.4036,1.4039,1.00,1.50
2010.09.29 02:13:52.308,1.4036,1.4039,1.00,1.40
2010.09.29 02:13:58.873,1.4036,1.4039,1.00,1.50
2010.09.29 02:13:58.938,1.4036,1.4039,1.00,1.60
2010.09.29 02:14:15.775,1.4036,1.4039,2.40,1.60
2010.09.29 02:14:16.589,1.4036,1.4039,1.00,1.60
2010.09.29 02:14:16.937,1.4036,1.4039,2.40,1.60
2010.09.29 02:14:24.593,1.4036,1.4039,2.40,1.50
2010.09.29 02:14:26.744,1.4036,1.40385,1.60,1.00
2010.09.29 02:14:26.823,1.40355,1.40385,1.60,1.50
2010.09.29 02:14:27.407,1.40355,1.40385,1.60,1.40
2010.09.29 02:14:28.626,1.40355,1.4038,1.60,6.00
2010.09.29 02:14:28.745,1.4035,1.4038,1.60,8.40
2010.09.29 02:14:28.866,1.4035,1.40375,1.60,1.60
2010.09.29 02:14:29.487,1.4035,1.40375,1.00,2.30
2010.09.29 02:14:29.987,1.4035,1.40375,1.00,1.00
2010.09.29 02:14:30.238,1.4035,1.40375,1.00,2.30
2010.09.29 02:14:30.829,1.4035,1.40375,1.00,1.00
2010.09.29 02:14:31.529,1.4035,1.40375,1.00,1.00
2010.09.29 02:14:31.967,1.4035,1.40375,1.00,2.40
2010.09.29 02:14:32.985,1.40345,1.40375,1.00,3.20
2010.09.29 02:14:34.064,1.40345,1.4037,1.00,1.00
2010.09.29 02:14:34.815,1.40345,1.40375,1.00,1.40
2010.09.29 02:14:35.292,1.40345,1.40375,1.60,1.00
2010.09.29 02:14:35.379,1.4035,1.4038,1.00,1.60
2010.09.29 02:14:35.885,1.4035,1.40375,1.00,2.40
2010.09.29 02:14:36.463,1.40345,1.40375,1.60,3.10
2010.09.29 02:14:36.777,1.40345,1.40375,1.60,3.20
2010.09.29 02:14:38.584,1.40345,1.40375,1.60,3.20
2010.09.29 02:14:39.133,1.40345,1.4037,1.60,1.00
2010.09.29 02:14:41.245,1.40345,1.40375,1.60,3.20
2010.09.29 02:14:41.345,1.40345,1.40375,1.60,1.50
2010.09.29 02:14:45.276,1.40345,1.4037,1.60,1.00
2010.09.29 02:14:45.938,1.40345,1.40375,1.60,3.20
2010.09.29 02:14:46.253,1.4034,1.4037,1.70,1.00
2010.09.29 02:14:47.181,1.4034,1.4037,1.00,1.40
2010.09.29 02:14:47.803,1.4034,1.40365,1.00,1.00
2010.09.29 02:14:48.122,1.40335,1.40365,1.00,3.10
2010.09.29 02:14:48.396,1.40335,1.40365,1.00,3.20
2010.09.29 02:14:48.889,1.40335,1.4036,1.00,1.40
2010.09.29 02:14:49.517,1.4033,1.4036,1.60,1.40
2010.09.29 02:14:50.036,1.4033,1.4036,1.70,1.40
2010.09.29 02:14:50.494,1.40335,1.4036,1.00,1.00
2010.09.29 02:14:50.759,1.40335,1.40365,1.60,3.20
2010.09.29 02:14:56.109,1.40335,1.40365,1.60,1.50
2010.09.29 02:14:56.327,1.40335,1.4036,1.60,1.00
2010.09.29 02:14:56.546,1.40335,1.40365,1.60,3.20
2010.09.29 02:14:57.241,1.40335,1.40365,1.60,3.10
2010.09.29 02:14:57.926,1.40335,1.40365,1.70,3.10
2010.09.29 02:14:59.047,1.40335,1.40365,1.60,3.10
2010.09.29 02:15:00.668,1.40335,1.40355,1.00,1.60
2010.09.29 02:15:00.808,1.4033,1.40355,1.60,1.60
2010.09.29 02:15:01.164,1.40325,1.40355,1.60,2.30
2010.09.29 02:15:02.525,1.40325,1.40355,1.70,2.30
2010.09.29 02:15:02.968,1.40325,1.40355,3.40,1.00
2010.09.29 02:15:04.162,1.40325,1.40355,3.30,1.00
2010.09.29 02:15:05.481,1.40325,1.40355,3.40,1.00
2010.09.29 02:15:06.692,1.4033,1.40355,1.00,1.00
2010.09.29 02:15:06.874,1.40335,1.40355,1.00,1.00
2010.09.29 02:15:07.053,1.40335,1.4036,1.00,1.00
2010.09.29 02:15:08.079,1.40335,1.40365,3.80,1.00
2010.09.29 02:15:08.429,1.40345,1.4037,1.60,1.40
2010.09.29 02:15:08.774,1.40345,1.40375,1.60,1.50
2010.09.29 02:15:09.581,1.40345,1.40375,1.00,1.40
2010.09.29 02:15:11.574,1.40345,1.40375,1.00,1.40
2010.09.29 02:15:12.026,1.40345,1.40375,1.00,1.40
2010.09.29 02:15:12.307,1.40345,1.40375,3.30,1.40
2010.09.29 02:15:12.587,1.40345,1.40375,3.80,1.40
2010.09.29 02:15:12.864,1.4035,1.40375,1.00,1.00
2010.09.29 02:15:13.546,1.4035,1.4038,1.60,1.40
2010.09.29 02:15:16.503,1.4035,1.4038,1.60,1.60
2010.09.29 02:15:26.336,1.4035,1.4038,2.00,1.50
2010.09.29 02:15:26.864,1.4035,1.4038,3.70,1.50
2010.09.29 02:15:28.093,1.4035,1.4038,3.90,1.50
2010.09.29 02:15:29.274,1.4035,1.4038,4.00,1.50
2010.09.29 02:15:36.564,1.4035,1.4038,3.90,1.60
2010.09.29 02:15:38.035,1.4035,1.4038,3.30,1.40
2010.09.29 02:15:38.825,1.4035,1.4038,1.60,1.40
2010.09.29 02:15:39.155,1.40355,1.40385,1.00,3.20
2010.09.29 02:15:40.651,1.40355,1.40385,1.60,1.00
2010.09.29 02:15:40.739,1.40355,1.4038,1.60,1.00
2010.09.29 02:15:40.823,1.40355,1.4038,1.00,1.00
2010.09.29 02:15:40.985,1.40355,1.40385,1.00,2.40
2010.09.29 02:15:41.535,1.40355,1.40385,1.60,3.20
2010.09.29 02:15:42.214,1.40355,1.40385,1.60,3.20
2010.09.29 02:15:43.314,1.40355,1.40385,1.60,3.20
2010.09.29 02:15:44.083,1.40355,1.40385,1.60,3.20
2010.09.29 02:15:51.739,1.40355,1.40385,1.60,3.10
2010.09.29 02:15:51.966,1.40355,1.40385,1.70,3.10
2010.09.29 02:15:53.804,1.40355,1.40385,1.60,3.20
2010.09.29 02:15:53.945,1.40355,1.40385,1.00,3.10
2010.09.29 02:15:57.868,1.40355,1.40385,1.00,3.20
2010.09.29 02:15:58.011,1.4035,1.4037,1.00,1.00
2010.09.29 02:15:58.268,1.4034,1.4037,5.60,1.40
2010.09.29 02:15:59.078,1.4034,1.40365,1.00,1.00
2010.09.29 02:15:59.733,1.4034,1.40365,1.00,1.00
2010.09.29 02:16:02.674,1.4034,1.40365,1.00,1.00
2010.09.29 02:16:02.832,1.40345,1.40365,1.00,1.00
2010.09.29 02:16:02.987,1.40345,1.4037,1.00,1.00
2010.09.29 02:16:03.134,1.4035,1.40375,1.00,3.10
2010.09.29 02:16:03.285,1.4035,1.40375,1.00,1.40
2010.09.29 02:16:06.609,1.40345,1.40375,1.70,1.40
2010.09.29 02:16:06.885,1.4035,1.40375,1.00,1.40
2010.09.29 02:16:08.613,1.4035,1.40375,1.00,1.40
2010.09.29 02:16:09.488,1.4035,1.40375,1.00,1.40
2010.09.29 02:16:09.580,1.40345,1.40375,1.60,1.40
2010.09.29 02:16:13.774,1.40345,1.40375,1.60,1.50
2010.09.29 02:16:14.013,1.40345,1.4037,1.00,1.00
2010.09.29 02:16:17.096,1.40345,1.4037,1.00,1.00
2010.09.29 02:16:17.525,1.4034,1.4037,1.00,1.40
2010.09.29 02:16:17.675,1.40345,1.4037,1.00,3.10
2010.09.29 02:16:18.186,1.4034,1.4037,1.00,3.10
2010.09.29 02:16:18.530,1.4034,1.4037,3.60,1.00
2010.09.29 02:16:19.336,1.4034,1.4037,3.40,1.00
2010.09.29 02:16:19.856,1.4034,1.4037,1.70,1.00
2010.09.29 02:16:20.026,1.4034,1.4037,1.60,1.00
2010.09.29 02:16:20.984,1.40345,1.4037,1.00,1.00
2010.09.29 02:16:21.686,1.40345,1.4037,1.00,1.00
2010.09.29 02:16:22.373,1.40345,1.4037,1.00,1.00
2010.09.29 02:16:23.588,1.4034,1.4037,3.30,1.00
2010.09.29 02:16:23.813,1.40335,1.40365,1.70,1.00
2010.09.29 02:16:24.374,1.4034,1.40365,1.00,1.00
2010.09.29 02:16:28.463,1.4034,1.40365,1.00,1.00
2010.09.29 02:16:30.328,1.40345,1.40365,1.00,1.00
2010.09.29 02:16:30.464,1.4034,1.40365,1.00,1.00
2010.09.29 02:16:30.985,1.4034,1.4037,1.60,1.40
2010.09.29 02:16:31.194,1.4034,1.4037,1.60,1.00
2010.09.29 02:16:31.348,1.40345,1.40375,1.00,3.20
2010.09.29 02:16:32.729,1.40345,1.4037,1.00,1.70
2010.09.29 02:16:33.174,1.40345,1.4037,1.00,1.60
2010.09.29 02:16:33.428,1.40345,1.4037,1.00,1.00
2010.09.29 02:16:38.393,1.40345,1.4037,2.40,1.00
2010.09.29 02:16:38.887,1.40345,1.4037,5.00,1.00
2010.09.29 02:16:39.057,1.4035,1.4038,3.30,1.00
2010.09.29 02:16:39.215,1.4036,1.40385,1.00,1.00
2010.09.29 02:16:39.535,1.4036,1.40385,1.00,1.00
2010.09.29 02:16:40.177,1.4036,1.4039,1.60,1.00
2010.09.29 02:16:40.518,1.4036,1.40385,1.60,1.00
2010.09.29 02:16:40.865,1.4036,1.4039,1.60,1.00
2010.09.29 02:16:45.288,1.4036,1.40385,1.60,1.00
2010.09.29 02:16:46.450,1.4036,1.40385,1.60,1.00
2010.09.29 02:16:50.677,1.4036,1.4038,1.60,1.00
2010.09.29 02:16:51.154,1.4036,1.40385,1.60,1.00
2010.09.29 02:16:51.504,1.4036,1.40385,1.60,1.00
2010.09.29 02:16:53.677,1.40365,1.4039,1.00,1.00
2010.09.29 02:16:53.893,1.40365,1.40395,1.70,2.30
2010.09.29 02:16:56.306,1.40365,1.40395,1.60,2.30
2010.09.29 02:16:56.454,1.40365,1.40395,1.60,2.40
2010.09.29 02:16:56.605,1.40365,1.4039,1.60,2.40
2010.09.29 02:16:57.204,1.40365,1.40395,1.60,2.40
2010.09.29 02:16:57.388,1.40365,1.40395,1.60,2.30
2010.09.29 02:16:58.037,1.40365,1.40395,1.60,2.40
2010.09.29 02:16:58.544,1.40365,1.4039,1.60,1.00
2010.09.29 02:16:59.109,1.40365,1.4039,1.60,2.40
2010.09.29 02:16:59.467,1.4037,1.40395,1.60,1.80
2010.09.29 02:16:59.686,1.40365,1.40395,1.60,3.20
2010.09.29 02:17:00.369,1.40365,1.40395,1.60,3.20
2010.09.29 02:17:03.743,1.40365,1.4039,1.60,1.00
2010.09.29 02:17:03.977,1.40365,1.40395,1.60,3.20
2010.09.29 02:17:05.167,1.40365,1.4039,1.60,1.00
2010.09.29 02:17:05.272,1.40365,1.4039,1.60,1.00
2010.09.29 02:17:06.095,1.40365,1.40395,1.60,3.20
2010.09.29 02:17:06.513,1.40365,1.4039,1.60,1.00
2010.09.29 02:17:07.749,1.40365,1.40395,1.60,3.10
2010.09.29 02:17:07.973,1.40365,1.4039,1.00,2.30
2010.09.29 02:17:08.305,1.4036,1.4039,1.60,2.40
2010.09.29 02:17:08.765,1.4036,1.4039,1.60,1.00
2010.09.29 02:17:09.136,1.4036,1.4039,2.50,1.00
2010.09.29 02:17:09.413,1.4036,1.4039,2.40,1.40
2010.09.29 02:17:10.092,1.4036,1.4039,1.60,1.00
2010.09.29 02:17:10.410,1.40365,1.4039,1.00,2.30
2010.09.29 02:17:11.411,1.40365,1.40385,1.00,6.00
2010.09.29 02:17:11.740,1.4036,1.4039,1.60,1.00
2010.09.29 02:17:12.056,1.40365,1.4039,1.60,1.00
2010.09.29 02:17:13.340,1.40365,1.4039,1.60,2.30
2010.09.29 02:17:14.337,1.40365,1.40395,1.60,4.80
2010.09.29 02:17:14.571,1.40365,1.40395,1.60,2.40
2010.09.29 02:17:15.116,1.40365,1.40395,1.60,2.40
2010.09.29 02:17:15.428,1.40365,1.4039,1.60,1.00
2010.09.29 02:17:17.057,1.40365,1.40385,1.60,1.00
2010.09.29 02:17:18.014,1.40365,1.4039,1.60,1.00
2010.09.29 02:17:21.836,1.40365,1.4039,1.60,1.70
2010.09.29 02:17:21.933,1.4037,1.4039,1.00,1.70
2010.09.29 02:17:22.955,1.4037,1.4039,1.00,1.60
2010.09.29 02:17:26.234,1.4037,1.40385,1.00,6.00
2010.09.29 02:17:26.345,1.40365,1.40385,1.00,6.70
2010.09.29 02:17:26.455,1.40365,1.40385,1.00,2.40
2010.09.29 02:17:26.565,1.40365,1.40385,1.00,1.60
2010.09.29 02:17:27.048,1.40365,1.40385,1.60,1.60
2010.09.29 02:17:27.305,1.4037,1.40395,1.00,2.30
2010.09.29 02:17:27.825,1.40365,1.40385,1.60,1.60
2010.09.29 02:17:28.549,1.4037,1.4039,1.00,1.00
2010.09.29 02:17:28.902,1.40365,1.4039,1.60,2.30
2010.09.29 02:17:31.389,1.40365,1.4039,1.60,1.00
2010.09.29 02:17:31.669,1.40365,1.4039,1.60,2.30
2010.09.29 02:17:32.220,1.40365,1.40385,1.60,6.70
2010.09.29 02:17:32.498,1.40365,1.40385,1.60,2.40
2010.09.29 02:17:33.265,1.40365,1.4039,1.60,1.60
2010.09.29 02:17:34.514,1.40365,1.40395,1.60,4.60
2010.09.29 02:17:35.062,1.40365,1.40395,1.60,4.00
2010.09.29 02:17:35.293,1.40365,1.40395,1.60,1.40
2010.09.29 02:18:00.753,1.40365,1.40395,3.20,1.40
2010.09.29 02:18:02.535,1.40365,1.40395,3.30,1.40
2010.09.29 02:18:02.914,1.4037,1.404,1.60,1.50
2010.09.29 02:18:04.470,1.4037,1.404,1.60,1.40
2010.09.29 02:18:04.994,1.4037,1.404,1.60,1.50
2010.09.29 02:18:16.647,1.40375,1.404,1.60,1.00
2010.09.29 02:18:17.317,1.40375,1.40405,1.60,3.20
2010.09.29 02:18:21.347,1.40375,1.40405,1.60,1.60
2010.09.29 02:18:25.063,1.40375,1.40405,1.60,1.50
2010.09.29 02:18:25.193,1.40375,1.40405,1.60,1.60
2010.09.29 02:18:37.257,1.40375,1.40405,1.60,1.50
2010.09.29 02:18:39.904,1.40375,1.40405,1.60,1.60
2010.09.29 02:18:40.044,1.4037,1.404,4.00,1.00
2010.09.29 02:18:40.184,1.4037,1.404,1.60,1.00
2010.09.29 02:18:41.260,1.4037,1.4039,1.00,1.00
2010.09.29 02:18:41.557,1.40365,1.4039,1.00,1.00
2010.09.29 02:18:42.357,1.4036,1.4039,3.30,1.00
2010.09.29 02:18:42.690,1.4036,1.4039,1.60,1.00
2010.09.29 02:18:43.007,1.4036,1.4039,1.70,1.00
2010.09.29 02:18:43.317,1.4036,1.4039,1.60,1.00
2010.09.29 02:18:44.074,1.4036,1.4039,1.60,1.00
2010.09.29 02:18:45.323,1.4036,1.4039,1.60,1.00
2010.09.29 02:18:47.353,1.4036,1.4039,1.60,1.00
2010.09.29 02:18:47.453,1.4036,1.4039,1.60,1.00
2010.09.29 02:18:52.217,1.4036,1.4039,1.60,1.00
2010.09.29 02:18:54.404,1.4036,1.4039,1.60,1.00
2010.09.29 02:18:54.494,1.4036,1.4039,1.70,1.00
2010.09.29 02:18:55.255,1.4036,1.40385,1.00,1.00
2010.09.29 02:18:55.311,1.4036,1.40385,1.00,1.00
2010.09.29 02:18:55.699,1.4036,1.40385,1.00,1.00
2010.09.29 02:19:05.010,1.40365,1.40385,1.00,1.00
2010.09.29 02:19:05.108,1.40375,1.40385,1.60,1.00
2010.09.29 02:19:05.209,1.40375,1.404,1.60,1.00
2010.09.29 02:19:05.304,1.40375,1.404,2.40,1.00
2010.09.29 02:19:05.853,1.40375,1.404,3.20,1.00
2010.09.29 02:19:06.162,1.40375,1.40405,1.60,3.20
2010.09.29 02:19:06.460,1.40375,1.40405,1.60,3.20
2010.09.29 02:19:06.759,1.40375,1.404,1.00,1.00
2010.09.29 02:19:07.519,1.4037,1.40395,1.00,1.00
2010.09.29 02:19:14.273,1.4037,1.404,1.00,1.00
2010.09.29 02:19:15.337,1.4037,1.404,1.00,1.00
2010.09.29 02:19:17.360,1.4037,1.404,3.40,1.00
2010.09.29 02:19:17.458,1.4038,1.40405,1.00,1.00
2010.09.29 02:19:17.547,1.4038,1.4041,1.60,1.00
2010.09.29 02:19:18.881,1.4038,1.40405,1.60,1.60
2010.09.29 02:19:19.186,1.4038,1.40405,1.60,1.70
2010.09.29 02:19:19.335,1.40375,1.40405,1.60,2.40
2010.09.29 02:19:19.636,1.40375,1.40395,1.60,6.20
2010.09.29 02:19:20.224,1.40365,1.40395,1.60,8.60
2010.09.29 02:19:20.481,1.40365,1.40395,1.70,2.50
2010.09.29 02:19:20.738,1.40365,1.40395,1.70,1.00
2010.09.29 02:19:21.415,1.40365,1.40395,1.60,1.00
2010.09.29 02:19:22.094,1.40365,1.40395,1.60,1.00
2010.09.29 02:19:22.995,1.4037,1.404,1.60,2.40
2010.09.29 02:19:23.638,1.4037,1.40395,1.60,1.00
2010.09.29 02:19:25.288,1.4037,1.40395,1.00,1.00
2010.09.29 02:19:25.626,1.4037,1.40395,1.00,1.00
2010.09.29 02:19:27.203,1.4037,1.40395,1.00,1.00
2010.09.29 02:19:27.677,1.4037,1.40395,1.00,1.00
2010.09.29 02:19:36.718,1.4037,1.40395,1.00,1.00
2010.09.29 02:19:38.243,1.4037,1.40395,1.00,1.00
2010.09.29 02:19:39.794,1.4037,1.40395,1.00,1.00
2010.09.29 02:19:39.954,1.4037,1.40395,2.40,1.00
2010.09.29 02:19:40.114,1.4037,1.40395,2.40,1.00
2010.09.29 02:19:44.642,1.4037,1.404,4.90,1.00
2010.09.29 02:19:44.997,1.40375,1.404,1.60,1.00
2010.09.29 02:19:45.190,1.40375,1.40405,1.60,1.50
2010.09.29 02:19:47.085,1.40375,1.40405,1.60,1.60
2010.09.29 02:19:49.204,1.40375,1.404,1.60,1.00
2010.09.29 02:19:51.183,1.40375,1.40405,1.60,1.40
2010.09.29 02:19:53.594,1.40375,1.40405,1.70,1.40
2010.09.29 02:19:53.934,1.40375,1.40405,1.60,1.50
2010.09.29 02:19:54.378,1.40375,1.40405,1.70,1.40
2010.09.29 02:19:58.706,1.40375,1.40405,1.60,3.20
2010.09.29 02:20:01.644,1.40375,1.404,1.60,1.00
2010.09.29 02:20:03.348,1.40375,1.40405,1.60,3.20
2010.09.29 02:20:07.538,1.40375,1.40405,1.60,3.20
2010.09.29 02:20:09.404,1.40375,1.40405,1.60,3.20
2010.09.29 02:20:09.597,1.40375,1.40405,1.60,3.20
2010.09.29 02:20:17.945,1.40375,1.40405,1.60,3.20
2010.09.29 02:20:20.427,1.40375,1.40405,1.60,3.20
2010.09.29 02:20:20.555,1.40375,1.40405,1.60,3.20
2010.09.29 02:20:24.573,1.40375,1.40405,1.60,3.20
2010.09.29 02:20:35.226,1.40375,1.404,1.60,6.20
2010.09.29 02:20:35.458,1.4037,1.404,1.60,10.00
2010.09.29 02:20:35.685,1.40365,1.404,1.70,10.00
2010.09.29 02:20:35.916,1.40365,1.404,1.60,10.10
2010.09.29 02:20:39.057,1.40365,1.404,1.70,10.20
2010.09.29 02:20:40.265,1.40365,1.404,2.20,3.90
2010.09.29 02:20:40.860,1.40375,1.404,1.60,1.00
2010.09.29 02:20:40.935,1.40375,1.40405,1.60,1.50
2010.09.29 02:20:42.105,1.40375,1.40405,1.60,1.60
2010.09.29 02:20:42.244,1.40375,1.40405,1.60,1.50
2010.09.29 02:20:43.305,1.40375,1.40405,1.60,1.60
2010.09.29 02:20:45.594,1.4038,1.4041,1.00,1.50
2010.09.29 02:20:45.708,1.4038,1.4041,1.00,1.50
2010.09.29 02:20:45.813,1.40385,1.4041,1.60,1.00
2010.09.29 02:20:46.394,1.4039,1.40415,1.00,10.00
2010.09.29 02:20:46.836,1.40385,1.40415,1.00,10.00
2010.09.29 02:20:47.789,1.40385,1.40415,1.60,1.60
2010.09.29 02:20:48.038,1.40385,1.4042,3.20,1.50
2010.09.29 02:20:48.276,1.40385,1.4042,3.20,1.60
2010.09.29 02:20:48.395,1.40385,1.4042,1.60,1.60
2010.09.29 02:20:51.184,1.40385,1.40415,1.60,1.00
2010.09.29 02:20:54.183,1.40385,1.40415,1.60,1.00
2010.09.29 02:20:55.646,1.4039,1.4042,1.60,1.60
2010.09.29 02:20:56.264,1.40385,1.4042,4.00,1.60
2010.09.29 02:20:56.734,1.4039,1.4042,1.60,1.60
2010.09.29 02:20:56.904,1.4039,1.40415,1.60,1.00
2010.09.29 02:20:57.678,1.40385,1.40415,3.20,1.60
2010.09.29 02:20:57.850,1.40385,1.4041,2.40,1.00
2010.09.29 02:20:58.386,1.40385,1.4041,2.40,1.00
2010.09.29 02:20:59.331,1.40395,1.40415,1.60,1.60
2010.09.29 02:20:59.560,1.4039,1.40415,1.00,1.00
2010.09.29 02:21:00.423,1.4039,1.40415,1.00,1.00
2010.09.29 02:21:01.106,1.4039,1.40415,1.00,1.00
2010.09.29 02:21:01.445,1.4039,1.40415,1.00,1.00
2010.09.29 02:21:01.708,1.4039,1.4041,1.00,1.00
2010.09.29 02:21:02.456,1.4039,1.40415,1.00,1.00
2010.09.29 02:21:02.661,1.40395,1.4042,1.60,1.50
2010.09.29 02:21:03.306,1.4039,1.4042,1.60,1.40
2010.09.29 02:21:03.841,1.4039,1.40415,1.60,1.00
2010.09.29 02:21:05.610,1.40395,1.4042,1.60,1.50
2010.09.29 02:21:06.273,1.40395,1.4042,1.60,1.40
2010.09.29 02:21:08.594,1.40395,1.40425,3.20,1.50
2010.09.29 02:21:10.039,1.40395,1.40425,3.20,1.60
2010.09.29 02:21:10.793,1.40395,1.4042,1.60,1.40
2010.09.29 02:21:17.125,1.4039,1.4042,1.60,1.40
2010.09.29 02:21:17.964,1.40395,1.4042,1.60,1.40
2010.09.29 02:21:18.192,1.404,1.4042,1.00,1.00
2010.09.29 02:21:18.862,1.40405,1.4043,1.00,1.00
2010.09.29 02:21:19.216,1.40405,1.4043,1.00,1.00
2010.09.29 02:21:20.875,1.404,1.40425,2.30,1.00
2010.09.29 02:21:21.109,1.40405,1.4043,1.60,1.00
2010.09.29 02:21:22.080,1.404,1.40425,6.00,1.00
2010.09.29 02:21:22.372,1.40395,1.40425,4.20,1.60
2010.09.29 02:21:22.576,1.40395,1.40425,4.20,1.50
2010.09.29 02:21:22.787,1.40395,1.40425,4.00,1.50
2010.09.29 02:21:23.415,1.40395,1.40425,1.60,1.50
2010.09.29 02:21:23.689,1.40395,1.4042,1.60,1.00
2010.09.29 02:21:25.973,1.40395,1.40425,1.60,1.50
2010.09.29 02:21:26.463,1.40395,1.40425,3.20,1.50
2010.09.29 02:21:27.097,1.40395,1.40425,4.00,1.40
2010.09.29 02:21:27.424,1.404,1.40425,1.00,1.00
2010.09.29 02:21:27.585,1.404,1.4043,1.60,1.60
2010.09.29 02:21:28.503,1.404,1.4043,1.60,1.50
2010.09.29 02:21:28.848,1.404,1.4043,1.60,1.60
2010.09.29 02:21:29.185,1.404,1.4043,1.60,1.50
2010.09.29 02:21:29.554,1.404,1.4043,1.60,1.60
2010.09.29 02:21:29.955,1.404,1.4043,1.60,1.50
2010.09.29 02:21:30.630,1.404,1.4043,1.60,1.60
2010.09.29 02:21:30.948,1.404,1.4043,1.60,1.50
2010.09.29 02:21:32.108,1.404,1.4043,1.60,1.50
2010.09.29 02:21:32.770,1.404,1.4043,1.60,1.60
2010.09.29 02:21:33.029,1.404,1.4043,1.60,1.50
2010.09.29 02:21:33.825,1.40405,1.4043,1.00,1.60
2010.09.29 02:21:34.172,1.40405,1.4043,3.20,1.00
2010.09.29 02:21:34.447,1.40405,1.40435,2.40,1.50
2010.09.29 02:21:34.716,1.40405,1.40435,3.20,1.50
2010.09.29 02:21:35.416,1.40405,1.40435,2.40,1.60
2010.09.29 02:21:35.654,1.40405,1.40435,3.20,1.60
2010.09.29 02:21:37.585,1.40405,1.4043,2.40,1.00
2010.09.29 02:21:37.885,1.40405,1.40435,3.20,1.60
2010.09.29 02:21:40.591,1.40405,1.40435,3.20,1.50
2010.09.29 02:21:41.447,1.40405,1.40435,3.20,1.60
2010.09.29 02:21:41.796,1.40405,1.40435,2.40,1.60
2010.09.29 02:21:42.140,1.40405,1.40435,3.20,1.50
2010.09.29 02:21:44.496,1.40415,1.40435,1.60,1.50
2010.09.29 02:21:44.617,1.40415,1.40435,1.60,1.40
2010.09.29 02:21:44.734,1.40415,1.4044,1.60,1.00
2010.09.29 02:21:45.257,1.40415,1.4044,2.40,1.00
2010.09.29 02:21:45.543,1.40415,1.4044,2.40,1.00
2010.09.29 02:21:45.818,1.40415,1.4044,4.00,1.00
2010.09.29 02:21:47.188,1.40415,1.4044,4.00,1.00
2010.09.29 02:21:48.213,1.40415,1.4044,4.00,1.00
2010.09.29 02:21:52.016,1.40415,1.4044,4.00,1.00
2010.09.29 02:21:52.345,1.40415,1.4044,4.00,1.00
2010.09.29 02:21:57.925,1.40415,1.4044,2.40,1.00
2010.09.29 02:22:01.379,1.4041,1.40435,1.00,1.00
2010.09.29 02:22:01.696,1.4041,1.40435,1.00,1.00
2010.09.29 02:22:02.019,1.4041,1.40435,1.00,1.00
2010.09.29 02:22:18.677,1.4041,1.40435,1.00,1.00
2010.09.29 02:22:19.250,1.40405,1.40435,1.70,1.60
2010.09.29 02:22:19.488,1.4041,1.4044,1.60,3.20
2010.09.29 02:22:20.961,1.4041,1.4044,1.60,3.20
2010.09.29 02:22:21.311,1.4041,1.4044,1.60,3.20
2010.09.29 02:22:21.856,1.4041,1.4044,1.60,3.20
2010.09.29 02:22:23.724,1.4041,1.4044,1.60,3.10
2010.09.29 02:22:26.511,1.4041,1.4044,1.60,2.30
2010.09.29 02:22:26.592,1.4041,1.4044,1.70,2.40
2010.09.29 02:22:26.735,1.4041,1.4044,1.60,2.40
2010.09.29 02:22:27.506,1.4041,1.4044,1.70,2.40
2010.09.29 02:22:27.755,1.4041,1.4044,1.60,2.40
2010.09.29 02:22:31.504,1.4041,1.4044,1.60,2.40
2010.09.29 02:22:39.095,1.4041,1.4044,1.70,2.40
2010.09.29 02:22:44.184,1.4041,1.4044,1.60,2.40
2010.09.29 02:22:46.860,1.4041,1.4044,1.60,2.40
2010.09.29 02:22:47.385,1.4041,1.4044,2.10,2.30
2010.09.29 02:22:47.907,1.4041,1.4044,1.70,2.30
2010.09.29 02:22:49.074,1.4041,1.4044,1.60,2.30
2010.09.29 02:22:50.083,1.4041,1.40435,1.60,2.70
2010.09.29 02:22:50.259,1.4041,1.40435,1.60,1.60
2010.09.29 02:22:50.436,1.4041,1.40435,1.00,3.30
2010.09.29 02:22:50.777,1.4041,1.40435,1.00,2.30
2010.09.29 02:22:51.579,1.40405,1.40425,1.60,1.60
2010.09.29 02:22:53.904,1.40415,1.4044,1.20,1.00
2010.09.29 02:22:54.168,1.40415,1.4044,1.20,1.00
2010.09.29 02:22:54.800,1.40415,1.40435,1.00,1.60
2010.09.29 02:22:57.086,1.40415,1.40445,1.00,3.20
2010.09.29 02:22:57.176,1.40415,1.4044,1.00,6.00
2010.09.29 02:22:57.265,1.40415,1.4043,1.00,1.60
2010.09.29 02:22:57.534,1.4041,1.4043,1.70,1.60
2010.09.29 02:22:58.267,1.40415,1.40435,1.00,1.60
2010.09.29 02:22:58.527,1.40415,1.40435,1.00,1.60
2010.09.29 02:22:59.048,1.4042,1.40445,1.60,1.60
2010.09.29 02:23:00.953,1.4042,1.40445,1.60,1.70
2010.09.29 02:23:02.125,1.4042,1.40445,1.60,1.80
2010.09.29 02:23:02.624,1.4042,1.40445,1.60,1.70
2010.09.29 02:23:11.984,1.4042,1.40445,1.60,1.80
2010.09.29 02:23:12.375,1.4042,1.40435,1.00,1.60
2010.09.29 02:23:12.634,1.40415,1.40435,1.60,1.60
2010.09.29 02:23:16.704,1.40415,1.40445,1.60,3.20
2010.09.29 02:23:16.886,1.40415,1.40435,1.60,1.60
2010.09.29 02:23:18.667,1.40415,1.4044,1.60,1.00
2010.09.29 02:23:21.126,1.40415,1.4044,1.60,1.00
2010.09.29 02:23:22.064,1.40415,1.4044,1.60,1.00
2010.09.29 02:23:24.490,1.40415,1.4044,1.60,1.00
2010.09.29 02:23:24.630,1.40415,1.40435,1.60,1.00
2010.09.29 02:23:25.359,1.40415,1.4044,1.60,1.00
2010.09.29 02:23:27.285,1.40415,1.4044,1.60,1.00
2010.09.29 02:23:27.937,1.4041,1.4044,1.80,1.50
2010.09.29 02:23:29.284,1.4041,1.4044,1.60,1.50
2010.09.29 02:23:33.604,1.4041,1.40435,1.00,1.00
2010.09.29 02:23:33.704,1.4041,1.40435,1.00,2.40
2010.09.29 02:23:34.045,1.4041,1.40435,1.00,2.40
2010.09.29 02:23:35.395,1.4041,1.4043,1.00,1.00
2010.09.29 02:23:35.625,1.4041,1.40435,1.00,3.20
2010.09.29 02:23:35.744,1.40405,1.40435,1.00,3.20
2010.09.29 02:23:38.034,1.40405,1.4043,1.00,1.00
2010.09.29 02:23:42.334,1.40405,1.4043,1.00,1.00
2010.09.29 02:23:47.947,1.40405,1.4043,1.00,1.00
2010.09.29 02:23:48.497,1.40405,1.4043,1.00,1.80
2010.09.29 02:23:51.693,1.40395,1.4042,1.00,1.00
2010.09.29 02:23:51.790,1.40395,1.4042,1.00,1.40
2010.09.29 02:23:51.887,1.4039,1.4042,2.40,3.10
2010.09.29 02:23:52.392,1.4039,1.4042,8.40,3.10
2010.09.29 02:23:52.754,1.40405,1.40435,1.60,2.40
2010.09.29 02:23:55.194,1.40405,1.40435,3.20,2.40
2010.09.29 02:23:56.794,1.40405,1.4043,3.20,1.00
2010.09.29 02:23:56.914,1.40405,1.4043,1.60,1.00
2010.09.29 02:23:56.964,1.40405,1.4043,1.60,2.40
2010.09.29 02:23:57.025,1.40405,1.4043,1.00,2.40
2010.09.29 02:23:58.007,1.40405,1.4043,1.00,2.40
2010.09.29 02:23:58.686,1.40405,1.4043,1.00,2.40
2010.09.29 02:24:04.757,1.40405,1.4043,1.00,2.30
2010.09.29 02:24:04.868,1.40405,1.4043,3.10,1.00
2010.09.29 02:24:04.980,1.40405,1.40435,3.70,1.00
2010.09.29 02:24:05.088,1.40405,1.40435,1.60,1.00
2010.09.29 02:24:06.185,1.40405,1.40435,1.60,1.00
2010.09.29 02:24:07.175,1.40405,1.4043,1.60,1.00
2010.09.29 02:24:10.906,1.40405,1.4043,1.60,1.70
2010.09.29 02:24:11.015,1.40405,1.4043,1.00,1.70
2010.09.29 02:24:14.203,1.40405,1.4043,1.00,1.80
2010.09.29 02:24:23.426,1.40405,1.40425,1.00,1.00
2010.09.29 02:24:24.073,1.40405,1.40425,1.00,1.00
2010.09.29 02:24:26.554,1.40405,1.40425,1.00,1.00
2010.09.29 02:24:27.555,1.40405,1.40425,1.00,1.00
2010.09.29 02:24:28.953,1.40405,1.4043,1.00,1.80
2010.09.29 02:24:30.154,1.40405,1.40425,1.00,1.00
2010.09.29 02:24:35.903,1.40405,1.4043,1.00,1.70
2010.09.29 02:24:36.177,1.40405,1.4043,1.00,1.80
2010.09.29 02:24:45.134,1.40405,1.40425,1.00,1.00
2010.09.29 02:24:49.024,1.40405,1.4043,1.00,1.70
2010.09.29 02:24:50.824,1.40405,1.4043,1.00,1.00
2010.09.29 02:24:55.029,1.40405,1.4043,1.00,1.00
2010.09.29 02:25:08.504,1.40405,1.40425,1.00,1.00
2010.09.29 02:25:21.015,1.40405,1.40435,1.00,3.20
2010.09.29 02:25:21.129,1.40405,1.40435,1.00,1.60
2010.09.29 02:25:22.235,1.40405,1.4043,1.00,1.00
2010.09.29 02:25:24.974,1.40405,1.40435,1.00,1.60
2010.09.29 02:25:26.449,1.40405,1.40435,1.00,1.50
2010.09.29 02:25:27.024,1.40405,1.40435,1.00,1.60
2010.09.29 02:25:28.915,1.40405,1.4043,1.00,1.00
2010.09.29 02:25:30.822,1.40405,1.40435,1.00,1.50
2010.09.29 02:25:31.865,1.40405,1.4043,1.00,1.00
2010.09.29 02:25:59.003,1.40405,1.40435,1.00,1.50
2010.09.29 02:26:00.153,1.40405,1.4043,1.00,1.00
2010.09.29 02:26:03.765,1.40405,1.40435,1.00,1.50
2010.09.29 02:26:04.419,1.40405,1.4043,1.00,1.00
2010.09.29 02:26:04.541,1.40405,1.40425,1.00,1.60
2010.09.29 02:26:04.801,1.40395,1.40425,1.60,3.20
2010.09.29 02:26:06.695,1.40395,1.4042,1.60,1.00
2010.09.29 02:26:07.204,1.40395,1.4042,1.60,1.00
2010.09.29 02:26:12.153,1.40395,1.40415,1.60,1.00
2010.09.29 02:26:12.354,1.4039,1.4042,3.40,1.70
2010.09.29 02:26:12.500,1.4039,1.4042,3.40,1.00
2010.09.29 02:26:12.638,1.4039,1.4042,4.20,1.00
2010.09.29 02:26:13.108,1.40395,1.4042,1.00,1.00
2010.09.29 02:26:13.255,1.40395,1.40425,1.60,1.60
2010.09.29 02:26:13.597,1.40395,1.4042,1.60,1.00
2010.09.29 02:26:19.015,1.40395,1.40425,1.60,1.60
2010.09.29 02:26:20.036,1.40395,1.40425,1.70,1.40
2010.09.29 02:26:21.265,1.40395,1.40425,1.60,1.50
2010.09.29 02:26:23.027,1.404,1.40425,1.00,1.00
2010.09.29 02:26:23.199,1.404,1.40425,1.80,1.00
2010.09.29 02:26:23.357,1.40395,1.40425,6.50,1.00
2010.09.29 02:26:23.697,1.40395,1.40425,1.70,1.00
2010.09.29 02:26:25.226,1.404,1.40425,1.00,1.00
2010.09.29 02:26:26.168,1.40395,1.40425,1.70,1.00
2010.09.29 02:26:26.774,1.40395,1.40425,1.90,1.00
2010.09.29 02:26:26.986,1.40405,1.40425,1.00,1.00
2010.09.29 02:26:27.086,1.404,1.40425,1.00,1.00
2010.09.29 02:26:27.568,1.404,1.40425,1.60,1.00
2010.09.29 02:26:27.652,1.404,1.40425,1.00,2.30
2010.09.29 02:26:27.679,1.40395,1.40425,1.60,2.30
2010.09.29 02:26:29.070,1.40395,1.40425,1.70,2.30
2010.09.29 02:26:32.266,1.40395,1.40425,1.60,2.40
2010.09.29 02:26:32.445,1.40395,1.40425,1.00,3.20
2010.09.29 02:26:43.246,1.40395,1.40425,1.00,3.20
2010.09.29 02:26:43.806,1.40395,1.4042,1.00,1.00
2010.09.29 02:26:44.955,1.40395,1.40425,1.00,3.20
2010.09.29 02:26:45.314,1.40395,1.40425,1.00,3.20
2010.09.29 02:26:46.757,1.40395,1.40425,1.00,1.40
2010.09.29 02:26:47.235,1.40395,1.40425,1.70,1.40
2010.09.29 02:26:47.314,1.40395,1.40425,2.40,1.00
2010.09.29 02:26:47.384,1.40395,1.40425,1.60,1.00
2010.09.29 02:26:48.135,1.40395,1.40425,1.60,1.00
2010.09.29 02:26:49.266,1.40395,1.40425,1.60,1.00
2010.09.29 02:26:50.125,1.40395,1.40425,1.60,1.00
2010.09.29 02:26:50.606,1.40395,1.40425,1.60,2.40
2010.09.29 02:27:13.704,1.40395,1.40425,1.60,2.40
2010.09.29 02:28:13.721,1.40395,1.40425,1.60,2.30
2010.09.29 02:28:20.944,1.40395,1.40425,1.60,2.40
2010.09.29 02:28:22.039,1.40395,1.40425,1.60,2.40
2010.09.29 02:28:22.150,1.40395,1.40425,1.60,2.40
2010.09.29 02:28:25.053,1.40395,1.40425,1.60,2.40
2010.09.29 02:28:26.674,1.40395,1.40425,1.60,8.40
2010.09.29 02:28:26.735,1.40395,1.4042,1.60,1.00
2010.09.29 02:28:26.814,1.40395,1.4042,1.00,1.00
2010.09.29 02:28:26.844,1.40395,1.4042,1.00,2.30
2010.09.29 02:28:28.235,1.40395,1.4042,1.00,2.40
2010.09.29 02:28:28.685,1.40395,1.4042,1.00,8.40
2010.09.29 02:28:28.916,1.40395,1.4041,1.00,1.60
2010.09.29 02:28:29.147,1.40395,1.40415,1.00,1.00
2010.09.29 02:28:29.726,1.4039,1.4041,1.00,1.60
2010.09.29 02:28:30.685,1.40385,1.4041,1.60,1.60
2010.09.29 02:28:32.165,1.40385,1.4041,1.60,1.70
2010.09.29 02:28:33.044,1.40385,1.4041,1.60,1.80
2010.09.29 02:28:33.986,1.40385,1.4041,1.60,1.60
2010.09.29 02:28:34.480,1.4039,1.4041,1.60,1.60
2010.09.29 02:28:34.839,1.4039,1.40415,1.60,1.80
2010.09.29 02:28:35.179,1.4039,1.40415,1.60,1.70
2010.09.29 02:28:36.601,1.4039,1.40415,1.60,1.80
2010.09.29 02:28:37.439,1.40395,1.40425,1.60,1.50
2010.09.29 02:28:38.932,1.404,1.40425,1.00,1.00
2010.09.29 02:28:40.177,1.404,1.40425,1.00,1.00
2010.09.29 02:28:41.690,1.404,1.40425,1.00,1.00
2010.09.29 02:28:41.887,1.404,1.4043,1.60,1.60
2010.09.29 02:28:46.455,1.404,1.4043,1.60,1.50
2010.09.29 02:28:48.524,1.404,1.4043,1.60,1.60
2010.09.29 02:28:49.177,1.40395,1.40425,1.70,1.00
2010.09.29 02:28:49.755,1.40395,1.40425,1.60,1.00
2010.09.29 02:29:03.624,1.40395,1.40425,1.60,1.00
2010.09.29 02:29:04.860,1.40395,1.40425,1.60,1.00
2010.09.29 02:29:10.655,1.40395,1.40425,1.60,2.40
2010.09.29 02:29:17.088,1.40395,1.4042,1.60,1.00
2010.09.29 02:29:17.130,1.40395,1.4042,1.00,2.40
2010.09.29 02:29:19.165,1.40395,1.4042,1.00,2.40
2010.09.29 02:29:20.165,1.40395,1.40415,1.00,1.00
2010.09.29 02:29:23.705,1.40395,1.4042,1.00,2.40
2010.09.29 02:29:29.825,1.40395,1.40415,1.00,1.00
2010.09.29 02:29:29.919,1.40395,1.4042,1.00,2.40
2010.09.29 02:29:30.006,1.40395,1.40415,1.00,1.60
2010.09.29 02:29:31.557,1.40395,1.4042,1.00,1.00
2010.09.29 02:29:32.484,1.40395,1.4042,1.00,1.00
2010.09.29 02:29:33.053,1.40395,1.4042,1.00,1.60
2010.09.29 02:29:33.189,1.4039,1.4042,1.60,1.60
2010.09.29 02:29:34.235,1.4039,1.4042,1.60,1.50
2010.09.29 02:29:35.207,1.4039,1.4042,1.60,1.50
2010.09.29 02:29:35.926,1.4039,1.4042,3.30,1.50
2010.09.29 02:29:36.057,1.4039,1.4042,5.70,1.50
2010.09.29 02:29:36.618,1.4039,1.4042,5.60,1.50
2010.09.29 02:29:37.332,1.4039,1.4042,4.00,1.40
2010.09.29 02:29:37.603,1.4039,1.4042,1.60,1.50
2010.09.29 02:29:38.637,1.4039,1.4042,1.60,1.40
2010.09.29 02:29:46.715,1.4039,1.4042,1.60,1.60
2010.09.29 02:29:47.247,1.4039,1.40415,1.60,1.60
2010.09.29 02:29:49.087,1.4039,1.40415,1.60,1.70
2010.09.29 02:29:50.841,1.4039,1.4041,1.60,1.60
2010.09.29 02:29:51.013,1.4039,1.40415,1.60,1.70
2010.09.29 02:29:52.156,1.4039,1.40415,1.60,1.80
2010.09.29 02:29:52.355,1.4039,1.40415,1.60,1.70
2010.09.29 02:29:54.217,1.4039,1.40415,1.60,1.60
2010.09.29 02:29:55.324,1.4039,1.40415,1.60,1.70
2010.09.29 02:29:56.735,1.4039,1.40415,1.60,1.60
2010.09.29 02:29:56.835,1.4039,1.40415,1.80,1.60
2010.09.29 02:29:56.937,1.4039,1.4042,5.20,1.40
2010.09.29 02:29:57.037,1.40395,1.40425,1.00,3.10
2010.09.29 02:29:57.967,1.40395,1.40425,1.00,3.20
2010.09.29 02:29:59.136,1.40395,1.40425,1.00,3.20
2010.09.29 02:30:01.145,1.40395,1.40425,1.00,3.20
2010.09.29 02:30:04.476,1.40395,1.40415,1.00,1.00
2010.09.29 02:30:04.577,1.40395,1.40415,1.00,1.00
2010.09.29 02:30:04.707,1.40385,1.40415,1.60,1.60
2010.09.29 02:30:04.837,1.40385,1.4041,1.60,1.60
2010.09.29 02:30:05.437,1.4038,1.4041,1.60,3.20
2010.09.29 02:30:05.686,1.4038,1.40405,1.00,1.00
2010.09.29 02:30:06.438,1.4037,1.404,1.60,3.10
2010.09.29 02:30:06.733,1.4037,1.404,1.00,3.20
2010.09.29 02:30:07.058,1.40365,1.404,1.60,3.20
2010.09.29 02:30:07.782,1.40365,1.40395,1.60,2.30
2010.09.29 02:30:08.050,1.40365,1.40395,1.60,1.00
2010.09.29 02:30:09.345,1.40365,1.40395,1.60,1.00
2010.09.29 02:30:10.548,1.40365,1.40395,1.60,1.00
2010.09.29 02:30:10.666,1.40365,1.40395,1.60,2.40
2010.09.29 02:30:11.115,1.40365,1.40395,1.60,2.40
2010.09.29 02:30:14.023,1.40365,1.40395,1.60,2.40
2010.09.29 02:30:14.073,1.40365,1.40395,1.60,4.00
2010.09.29 02:30:14.094,1.40365,1.40395,1.00,4.80
2010.09.29 02:30:14.167,1.40365,1.40385,1.00,1.60
2010.09.29 02:30:15.173,1.40365,1.4038,1.00,1.60
2010.09.29 02:30:15.801,1.4036,1.4038,1.70,1.60
2010.09.29 02:30:15.897,1.4036,1.4038,1.60,1.60
2010.09.29 02:30:19.530,1.4036,1.40375,1.00,1.60
2010.09.29 02:30:19.686,1.4036,1.40385,1.00,2.40
2010.09.29 02:30:19.845,1.40355,1.40385,1.60,2.60
2010.09.29 02:30:20.006,1.4036,1.40385,1.00,1.80
2010.09.29 02:30:20.316,1.4036,1.4039,1.00,2.20
2010.09.29 02:30:20.913,1.4036,1.4039,1.00,1.50
2010.09.29 02:30:21.470,1.4036,1.4039,1.60,1.00
2010.09.29 02:30:23.177,1.4036,1.4039,1.60,1.00
2010.09.29 02:30:23.865,1.40365,1.40395,1.60,1.60
2010.09.29 02:30:24.986,1.40365,1.40395,1.70,1.40
2010.09.29 02:30:30.306,1.40365,1.40395,1.70,1.60
2010.09.29 02:30:32.347,1.40365,1.40395,1.60,1.60
2010.09.29 02:30:32.786,1.40365,1.40395,1.60,7.60
2010.09.29 02:30:32.908,1.40365,1.4039,1.60,1.60
2010.09.29 02:30:33.026,1.40365,1.4039,1.00,1.60
2010.09.29 02:30:33.265,1.4036,1.4039,1.60,2.30
2010.09.29 02:30:33.951,1.4036,1.4039,1.60,2.40
2010.09.29 02:30:34.152,1.4036,1.40385,1.60,1.00
2010.09.29 02:30:35.041,1.4036,1.40385,1.60,1.00
2010.09.29 02:30:35.262,1.4036,1.40385,1.00,1.70
2010.09.29 02:30:35.477,1.4036,1.40385,1.00,2.40
2010.09.29 02:30:36.117,1.40355,1.4038,1.60,1.00
2010.09.29 02:30:38.473,1.40355,1.40385,1.60,2.40
2010.09.29 02:30:39.107,1.40355,1.40385,1.60,2.40
2010.09.29 02:30:41.119,1.40355,1.40385,1.60,2.40
2010.09.29 02:30:41.756,1.40355,1.40385,1.60,1.00
2010.09.29 02:30:43.155,1.40355,1.40385,1.70,1.00
2010.09.29 02:30:44.097,1.40355,1.40385,1.60,1.00
2010.09.29 02:30:45.144,1.40355,1.40385,1.70,1.00
2010.09.29 02:30:45.336,1.40355,1.40375,1.60,1.60
2010.09.29 02:30:45.964,1.40355,1.40375,1.00,1.60
2010.09.29 02:30:46.067,1.4035,1.4038,1.60,1.40
2010.09.29 02:30:47.355,1.4035,1.4038,1.70,1.40
2010.09.29 02:30:48.135,1.40355,1.4038,1.00,1.40
2010.09.29 02:30:48.256,1.40355,1.4038,1.00,1.40
2010.09.29 02:30:48.535,1.40355,1.4038,1.00,1.40
2010.09.29 02:30:48.625,1.40355,1.4038,1.00,1.00
2010.09.29 02:30:50.018,1.40355,1.4038,1.00,1.00
2010.09.29 02:30:50.519,1.40355,1.40375,1.00,1.60
2010.09.29 02:31:01.878,1.40355,1.4038,1.00,1.00
2010.09.29 02:31:01.935,1.40355,1.4038,1.00,1.00
2010.09.29 02:31:04.198,1.40355,1.4038,1.00,1.00
2010.09.29 02:31:06.056,1.40355,1.4038,1.00,1.00
2010.09.29 02:31:06.905,1.40355,1.4038,1.00,1.00
2010.09.29 02:31:07.867,1.40355,1.40375,1.00,1.00
2010.09.29 02:31:08.424,1.40355,1.4038,1.00,1.00
2010.09.29 02:31:09.205,1.40355,1.4038,1.00,1.00
2010.09.29 02:31:09.938,1.4035,1.4038,1.60,1.40
2010.09.29 02:31:10.665,1.4035,1.4038,1.60,1.60
2010.09.29 02:31:13.134,1.4035,1.40375,1.60,1.00
2010.09.29 02:31:14.713,1.4035,1.4038,1.60,1.60
2010.09.29 02:31:16.247,1.4035,1.40375,3.20,1.00
2010.09.29 02:31:35.218,1.4035,1.4038,1.60,3.20
2010.09.29 02:31:36.100,1.4035,1.40375,1.60,1.00
2010.09.29 02:31:38.029,1.4035,1.40375,1.60,1.00
2010.09.29 02:31:38.184,1.4035,1.40375,1.60,1.00
2010.09.29 02:31:38.508,1.4035,1.40375,1.60,1.70
2010.09.29 02:31:40.376,1.4035,1.40375,1.60,1.80
2010.09.29 02:31:40.425,1.4035,1.40375,1.60,1.60
2010.09.29 02:31:40.677,1.4035,1.4038,1.60,1.50
2010.09.29 02:31:42.136,1.4035,1.4038,1.60,1.90
2010.09.29 02:31:44.475,1.4035,1.4038,1.60,2.00
2010.09.29 02:31:53.005,1.4035,1.4038,3.20,2.00
2010.09.29 02:31:53.071,1.4035,1.4038,3.30,1.00
2010.09.29 02:31:53.125,1.4035,1.4038,3.70,1.00
2010.09.29 02:31:53.211,1.40355,1.4038,1.00,1.00
2010.09.29 02:31:54.215,1.40355,1.4038,1.00,1.00
2010.09.29 02:31:56.216,1.40355,1.4038,1.00,1.00
2010.09.29 02:31:57.086,1.40355,1.4038,1.00,1.00
2010.09.29 02:31:58.799,1.40355,1.4038,1.00,1.00
2010.09.29 02:32:00.137,1.40355,1.4038,1.00,1.00
2010.09.29 02:32:06.205,1.40355,1.40375,1.00,1.00
2010.09.29 02:32:06.326,1.40355,1.4038,1.00,1.00
2010.09.29 02:32:06.898,1.40345,1.40375,1.70,3.10
2010.09.29 02:32:07.140,1.40345,1.40375,1.60,3.20
2010.09.29 02:32:07.488,1.40345,1.40375,1.60,3.20
2010.09.29 02:32:08.767,1.40345,1.40375,3.20,2.30
2010.09.29 02:32:10.506,1.4035,1.40375,1.00,2.30
2010.09.29 02:32:11.545,1.40345,1.40375,1.60,2.30
2010.09.29 02:32:12.748,1.40345,1.40375,1.70,2.30
2010.09.29 02:32:13.350,1.40335,1.40365,1.60,1.60
2010.09.29 02:32:13.508,1.40335,1.40365,1.60,2.30
2010.09.29 02:32:16.397,1.40335,1.40365,1.70,2.30
2010.09.29 02:32:17.177,1.40335,1.40365,1.60,2.40
2010.09.29 02:32:17.824,1.40335,1.40365,1.60,2.40
2010.09.29 02:32:19.637,1.40335,1.40365,1.70,2.30
2010.09.29 02:32:20.856,1.40335,1.40365,1.60,2.30
2010.09.29 02:32:20.976,1.40335,1.40365,1.70,2.30
2010.09.29 02:32:21.095,1.40335,1.40365,3.60,1.00
2010.09.29 02:32:21.750,1.40335,1.40365,4.00,1.00
2010.09.29 02:32:21.878,1.40335,1.40365,3.90,1.00
2010.09.29 02:32:22.165,1.40335,1.40365,4.00,1.00
2010.09.29 02:32:26.379,1.40335,1.40365,3.80,1.00
2010.09.29 02:32:26.476,1.40335,1.40365,2.10,1.00
2010.09.29 02:32:26.577,1.4034,1.40365,1.00,1.00
2010.09.29 02:32:26.677,1.40335,1.40365,2.00,1.00
2010.09.29 02:32:26.776,1.40335,1.40365,2.10,1.00
2010.09.29 02:32:27.273,1.40335,1.4036,1.00,1.00
2010.09.29 02:32:27.375,1.4034,1.4036,1.00,1.00
2010.09.29 02:32:34.555,1.40335,1.4036,1.00,1.00
2010.09.29 02:32:34.717,1.4034,1.40365,1.00,1.80
2010.09.29 02:32:34.878,1.40345,1.40365,1.60,1.00
2010.09.29 02:32:35.375,1.40345,1.40375,1.80,3.00
2010.09.29 02:32:35.548,1.4035,1.4038,3.60,1.40
2010.09.29 02:32:35.727,1.40355,1.4038,1.00,1.00
2010.09.29 02:32:35.908,1.4036,1.40385,1.00,1.00
2010.09.29 02:32:43.705,1.4036,1.40385,1.00,1.00
2010.09.29 02:32:47.096,1.4036,1.40385,1.00,1.00
2010.09.29 02:32:48.134,1.4036,1.40385,1.00,1.00
2010.09.29 02:32:49.397,1.4036,1.40385,1.00,1.00
2010.09.29 02:32:49.516,1.4036,1.40385,1.00,1.00
2010.09.29 02:32:49.695,1.4036,1.40385,1.60,1.00
2010.09.29 02:32:50.771,1.4036,1.4039,1.60,1.00
2010.09.29 02:32:50.880,1.4036,1.4039,1.60,4.30
2010.09.29 02:32:50.979,1.4036,1.40385,1.00,2.30
2010.09.29 02:32:52.546,1.4036,1.40385,1.00,2.40
2010.09.29 02:32:53.796,1.4036,1.40385,1.00,1.00
2010.09.29 02:32:54.374,1.4036,1.40385,1.00,1.00
2010.09.29 02:32:54.756,1.4036,1.40385,1.00,1.00
2010.09.29 02:33:00.725,1.4036,1.40385,1.00,1.00
2010.09.29 02:33:00.887,1.4035,1.4038,1.00,2.80
2010.09.29 02:33:01.033,1.4035,1.4038,1.00,3.50
2010.09.29 02:33:01.167,1.4035,1.4038,1.00,3.10
2010.09.29 02:33:02.487,1.4035,1.4038,1.00,3.20
2010.09.29 02:33:03.029,1.4035,1.4038,1.00,3.10
2010.09.29 02:33:04.005,1.4035,1.4038,1.00,3.20
2010.09.29 02:33:04.885,1.4035,1.4038,1.00,3.20
2010.09.29 02:33:05.344,1.4035,1.4038,1.00,3.20
2010.09.29 02:33:07.695,1.4035,1.4038,1.70,2.40
2010.09.29 02:33:08.246,1.4035,1.40375,1.70,1.00
2010.09.29 02:33:08.297,1.4035,1.40375,1.60,1.00
2010.09.29 02:33:08.955,1.4035,1.40375,1.00,2.30
2010.09.29 02:33:09.011,1.4035,1.4038,1.60,1.00
2010.09.29 02:33:09.106,1.4035,1.4038,1.60,2.40
2010.09.29 02:33:09.900,1.4035,1.4038,1.70,2.30
2010.09.29 02:33:11.808,1.4035,1.4038,1.70,1.00
2010.09.29 02:33:12.746,1.40355,1.4038,1.00,1.00
2010.09.29 02:33:18.966,1.40355,1.4038,1.00,1.00
2010.09.29 02:33:19.246,1.40355,1.4038,1.00,1.00
2010.09.29 02:33:19.489,1.40355,1.40385,1.70,1.00
2010.09.29 02:33:21.506,1.40355,1.40385,1.60,1.00
2010.09.29 02:33:22.448,1.40355,1.40385,1.70,1.00
2010.09.29 02:33:25.269,1.40355,1.40385,1.60,1.10
2010.09.29 02:33:29.660,1.40355,1.40385,1.60,1.00
2010.09.29 02:33:30.221,1.40355,1.40385,1.70,2.70
2010.09.29 02:33:31.676,1.40355,1.4038,1.70,1.00
2010.09.29 02:33:32.390,1.40355,1.4038,1.60,1.00
2010.09.29 02:33:32.559,1.4035,1.4038,1.70,1.00
2010.09.29 02:33:33.036,1.4035,1.4038,1.60,1.00
2010.09.29 02:33:33.990,1.4035,1.4038,3.20,1.00
2010.09.29 02:33:34.229,1.4035,1.4038,3.40,1.00
2010.09.29 02:33:34.462,1.40355,1.4038,1.60,1.00
2010.09.29 02:33:34.723,1.40355,1.4038,2.40,1.00
2010.09.29 02:33:35.193,1.40355,1.40385,3.20,1.00
2010.09.29 02:33:35.454,1.4036,1.4039,1.00,1.00
2010.09.29 02:33:35.787,1.40365,1.40395,1.00,1.40
2010.09.29 02:33:36.913,1.40365,1.40395,1.00,1.50
2010.09.29 02:33:37.197,1.40365,1.40395,1.00,7.50
2010.09.29 02:33:37.490,1.40365,1.4039,1.00,2.00
2010.09.29 02:33:37.657,1.40365,1.4039,1.00,1.00
2010.09.29 02:33:37.826,1.40365,1.40395,1.00,1.40
2010.09.29 02:33:38.478,1.40365,1.40395,1.00,1.50
2010.09.29 02:33:39.176,1.40365,1.40395,1.00,1.60
2010.09.29 02:33:41.246,1.40365,1.40395,1.00,1.50
2010.09.29 02:33:42.585,1.40365,1.40395,1.00,1.60
2010.09.29 02:33:43.427,1.40365,1.40395,1.00,2.20
2010.09.29 02:33:44.029,1.4036,1.4039,1.60,3.10
2010.09.29 02:33:44.659,1.4036,1.4039,1.60,3.20
2010.09.29 02:33:45.448,1.40365,1.40395,2.40,1.50
2010.09.29 02:33:45.777,1.40365,1.40395,2.40,1.60
2010.09.29 02:33:46.107,1.40365,1.40395,1.00,1.50
2010.09.29 02:33:49.478,1.40365,1.40395,2.40,1.60
2010.09.29 02:33:49.746,1.40365,1.40395,2.40,1.50
2010.09.29 02:33:51.265,1.40365,1.40395,2.40,1.60
2010.09.29 02:33:52.479,1.4037,1.40395,1.00,1.00
2010.09.29 02:33:52.567,1.4037,1.40395,1.00,1.00
2010.09.29 02:33:52.658,1.4037,1.40395,2.40,1.00
2010.09.29 02:33:52.835,1.4037,1.40395,1.00,1.00
2010.09.29 02:33:53.007,1.4037,1.40395,1.00,1.00
2010.09.29 02:33:53.779,1.40365,1.40395,2.40,1.40
2010.09.29 02:33:54.925,1.40365,1.40395,2.50,1.50
2010.09.29 02:33:55.147,1.4037,1.40395,1.00,1.40
2010.09.29 02:34:09.926,1.40365,1.40395,2.50,1.40
2010.09.29 02:34:14.740,1.40365,1.40395,3.30,1.00
2010.09.29 02:34:14.909,1.4037,1.40395,1.00,1.00
2010.09.29 02:34:15.066,1.4037,1.40395,1.00,1.00
2010.09.29 02:34:17.467,1.4037,1.40395,1.00,1.00
2010.09.29 02:34:17.965,1.4037,1.40395,1.00,1.00
2010.09.29 02:34:20.365,1.4037,1.40395,1.00,1.40
2010.09.29 02:34:20.465,1.40365,1.40395,1.00,1.40
2010.09.29 02:34:20.567,1.40365,1.40395,1.00,1.60
2010.09.29 02:34:21.396,1.40365,1.40395,1.00,1.50
2010.09.29 02:34:22.038,1.40365,1.40395,1.00,1.60
2010.09.29 02:34:23.446,1.40365,1.40395,1.00,1.50
2010.09.29 02:34:26.283,1.4036,1.40385,1.60,1.00
2010.09.29 02:34:26.450,1.4036,1.40385,1.00,1.00
2010.09.29 02:34:27.354,1.4036,1.40385,1.00,1.00
2010.09.29 02:34:27.641,1.4036,1.40385,1.00,1.00
2010.09.29 02:34:27.879,1.4036,1.40385,1.00,1.00
2010.09.29 02:34:28.346,1.4036,1.40385,1.00,1.00
2010.09.29 02:34:35.555,1.4036,1.40385,1.00,1.00
2010.09.29 02:34:50.936,1.4036,1.40385,1.00,1.00
2010.09.29 02:34:51.097,1.4036,1.40385,2.50,1.00
2010.09.29 02:34:51.256,1.4036,1.40385,4.10,1.00
2010.09.29 02:34:52.225,1.4036,1.40385,4.20,1.00
2010.09.29 02:34:54.025,1.40365,1.40385,1.00,1.00
2010.09.29 02:34:55.976,1.4036,1.40385,4.10,1.00
2010.09.29 02:34:56.156,1.4036,1.40385,2.40,1.00
2010.09.29 02:34:56.630,1.40365,1.40395,1.60,8.40
2010.09.29 02:34:56.751,1.40365,1.404,3.40,1.40
2010.09.29 02:34:57.097,1.4037,1.404,1.60,1.50
2010.09.29 02:34:58.618,1.4037,1.404,1.60,1.60
2010.09.29 02:34:59.987,1.40375,1.404,1.60,1.40
2010.09.29 02:35:00.357,1.40375,1.40405,1.60,1.60
2010.09.29 02:35:01.187,1.40375,1.40405,1.60,1.50
2010.09.29 02:35:01.877,1.4037,1.404,3.20,1.00
2010.09.29 02:35:02.593,1.4037,1.40395,1.00,1.00
2010.09.29 02:35:06.317,1.4037,1.40395,1.00,1.00
2010.09.29 02:35:06.995,1.4037,1.40395,1.00,1.00
2010.09.29 02:35:07.664,1.4037,1.40395,1.00,1.00
2010.09.29 02:35:37.840,1.4037,1.40395,1.00,1.00
2010.09.29 02:36:08.238,1.4037,1.40395,1.00,1.00
2010.09.29 02:36:13.115,1.4037,1.40395,1.00,1.00
2010.09.29 02:36:14.803,1.4037,1.40395,1.00,1.00
2010.09.29 02:36:28.358,1.4037,1.40395,1.00,1.00
2010.09.29 02:36:28.882,1.40375,1.40395,1.60,1.00
2010.09.29 02:36:29.003,1.40375,1.40395,1.60,1.00
2010.09.29 02:36:38.465,1.40375,1.404,1.60,1.00
2010.09.29 02:36:38.542,1.40375,1.404,1.60,1.00
2010.09.29 02:36:40.907,1.4037,1.404,3.40,1.00
2010.09.29 02:36:41.417,1.4037,1.404,3.50,1.00
2010.09.29 02:36:41.539,1.4037,1.40395,1.70,1.00
2010.09.29 02:36:41.856,1.4037,1.40395,1.60,1.00
2010.09.29 02:36:43.136,1.4037,1.40395,1.60,1.00
2010.09.29 02:36:44.175,1.4037,1.40395,1.60,1.00
2010.09.29 02:36:48.705,1.4037,1.404,3.20,2.00
2010.09.29 02:36:48.789,1.4037,1.404,3.30,1.80
2010.09.29 02:36:48.869,1.40375,1.404,1.00,1.00
2010.09.29 02:36:48.947,1.40375,1.40405,1.60,1.80
2010.09.29 02:36:49.029,1.40375,1.40405,1.60,7.80
2010.09.29 02:36:49.109,1.40375,1.404,1.00,2.00
2010.09.29 02:36:49.957,1.4037,1.404,1.00,3.50
2010.09.29 02:36:50.296,1.4037,1.404,1.00,3.50
2010.09.29 02:36:50.577,1.4037,1.40395,1.00,1.80
2010.09.29 02:36:50.857,1.4037,1.40395,1.00,1.00
2010.09.29 02:36:52.216,1.4037,1.40395,1.00,1.00
2010.09.29 02:36:52.630,1.4037,1.40395,1.00,1.00
2010.09.29 02:36:53.618,1.4037,1.40395,1.00,1.00
2010.09.29 02:36:54.722,1.4037,1.40395,1.00,1.00
2010.09.29 02:36:55.773,1.40375,1.404,1.00,1.40
2010.09.29 02:36:56.277,1.40375,1.404,1.00,1.50
2010.09.29 02:36:59.132,1.40375,1.404,1.00,1.60
2010.09.29 02:36:59.543,1.40375,1.40395,1.00,1.00
2010.09.29 02:37:01.856,1.40375,1.404,1.00,1.60
2010.09.29 02:37:05.145,1.40375,1.40395,1.00,1.00
2010.09.29 02:37:06.445,1.40375,1.404,1.00,1.50
2010.09.29 02:37:10.181,1.40375,1.404,1.00,1.40
2010.09.29 02:37:11.422,1.40375,1.404,1.00,1.60
2010.09.29 02:37:11.536,1.40375,1.404,1.00,1.50
2010.09.29 02:37:11.879,1.40375,1.404,1.00,1.40
2010.09.29 02:37:13.858,1.40375,1.404,1.00,1.40
2010.09.29 02:37:15.056,1.40375,1.404,1.00,1.40
2010.09.29 02:37:16.687,1.40375,1.404,1.00,1.60
2010.09.29 02:37:34.145,1.40375,1.404,1.00,1.50
2010.09.29 02:37:38.852,1.40375,1.404,1.00,1.40
2010.09.29 02:37:48.415,1.40375,1.404,1.00,1.50
2010.09.29 02:37:50.075,1.40375,1.404,1.00,1.60
2010.09.29 02:37:54.211,1.40375,1.404,1.00,7.60
2010.09.29 02:37:54.246,1.40375,1.404,1.00,9.20
2010.09.29 02:37:54.384,1.40375,1.404,1.00,10.80
2010.09.29 02:37:54.428,1.40375,1.404,1.00,9.20
2010.09.29 02:37:54.466,1.40375,1.404,1.00,3.20
2010.09.29 02:37:54.498,1.40375,1.404,1.00,3.20
2010.09.29 02:37:54.977,1.4037,1.404,1.00,1.50
2010.09.29 02:37:55.223,1.4037,1.404,1.00,1.60
2010.09.29 02:37:57.079,1.4037,1.404,1.00,1.50
2010.09.29 02:37:59.002,1.4037,1.404,1.00,1.60
2010.09.29 02:38:08.901,1.4037,1.404,1.00,1.50
2010.09.29 02:38:10.000,1.4037,1.404,1.00,1.60
2010.09.29 02:38:27.545,1.4037,1.40395,1.00,1.00
2010.09.29 02:38:36.140,1.40375,1.404,1.60,1.00
2010.09.29 02:38:36.290,1.40375,1.40405,1.60,1.50
2010.09.29 02:38:38.260,1.40375,1.40405,1.60,1.60
2010.09.29 02:38:38.386,1.40375,1.40405,1.60,1.50
2010.09.29 02:38:38.646,1.4038,1.40405,1.00,1.00
2010.09.29 02:38:38.777,1.4038,1.40405,1.00,1.00
2010.09.29 02:38:41.137,1.4038,1.40405,1.00,1.00
2010.09.29 02:38:41.652,1.4038,1.40405,2.40,1.00
2010.09.29 02:38:41.778,1.4038,1.4041,3.20,1.00
2010.09.29 02:38:42.001,1.4038,1.4041,3.20,1.00
2010.09.29 02:38:42.350,1.4038,1.40405,1.60,1.00
2010.09.29 02:38:42.915,1.4038,1.4041,3.20,1.00
2010.09.29 02:38:43.261,1.4038,1.40405,3.20,1.00
2010.09.29 02:38:43.503,1.4038,1.40405,1.60,1.00
2010.09.29 02:38:45.709,1.4038,1.40405,1.60,1.00
2010.09.29 02:38:45.838,1.4038,1.40405,1.00,1.00
2010.09.29 02:38:45.967,1.4038,1.40405,1.00,2.30
2010.09.29 02:38:47.316,1.4038,1.40405,1.00,2.40
2010.09.29 02:38:47.516,1.40375,1.40405,1.00,3.20
2010.09.29 02:38:47.718,1.40375,1.40405,1.00,9.40
2010.09.29 02:38:47.918,1.40375,1.404,1.00,1.60
2010.09.29 02:38:48.116,1.40375,1.404,1.00,2.40
2010.09.29 02:38:48.317,1.4037,1.404,1.60,3.20
2010.09.29 02:38:48.517,1.4037,1.40395,1.60,6.00
2010.09.29 02:38:49.116,1.4037,1.4039,1.60,1.60
2010.09.29 02:38:49.606,1.40365,1.4039,1.60,1.60
2010.09.29 02:38:49.766,1.40365,1.4039,1.60,2.00
2010.09.29 02:38:53.719,1.40365,1.4039,1.60,1.00
2010.09.29 02:38:54.050,1.40365,1.4039,1.60,2.00
2010.09.29 02:38:54.561,1.40365,1.4039,1.60,1.00
2010.09.29 02:38:54.874,1.4037,1.40395,1.60,1.00
2010.09.29 02:38:57.139,1.4037,1.40395,1.60,1.00
2010.09.29 02:38:58.070,1.4037,1.40395,1.70,1.00
2010.09.29 02:38:59.889,1.4037,1.40395,1.60,1.00
2010.09.29 02:39:10.505,1.40365,1.40395,1.70,1.80
2010.09.29 02:39:10.756,1.40365,1.40395,1.60,1.90
2010.09.29 02:39:13.589,1.40365,1.40395,1.70,1.80
2010.09.29 02:39:24.097,1.4037,1.40395,2.40,1.00
2010.09.29 02:39:24.122,1.40375,1.40395,1.00,1.00
2010.09.29 02:39:24.216,1.4037,1.40395,2.50,1.00
2010.09.29 02:39:26.079,1.4037,1.40395,2.60,1.00
2010.09.29 02:39:27.025,1.40375,1.40395,1.00,1.00
2010.09.29 02:39:27.131,1.40375,1.404,2.50,1.00
2010.09.29 02:39:27.336,1.40375,1.404,2.40,1.00
2010.09.29 02:39:31.791,1.40375,1.404,2.40,1.00
2010.09.29 02:39:32.434,1.40375,1.404,1.00,1.00
2010.09.29 02:39:32.496,1.4037,1.404,1.60,2.00
2010.09.29 02:39:35.337,1.4037,1.404,1.80,2.00
2010.09.29 02:39:35.455,1.4037,1.404,2.00,2.00
2010.09.29 02:39:35.576,1.40375,1.404,1.60,2.00
2010.09.29 02:39:41.926,1.40375,1.404,1.60,1.60
2010.09.29 02:39:43.306,1.40375,1.404,1.60,1.50
2010.09.29 02:39:48.814,1.4037,1.404,1.60,1.40
2010.09.29 02:39:48.970,1.40365,1.404,1.70,3.10
2010.09.29 02:39:49.133,1.40365,1.40395,1.60,1.00
2010.09.29 02:39:49.286,1.40365,1.40395,1.60,1.00
2010.09.29 02:39:49.898,1.40365,1.40385,1.00,1.00
2010.09.29 02:39:50.240,1.40365,1.40385,1.00,1.00
2010.09.29 02:39:50.569,1.40365,1.40385,1.00,1.00
2010.09.29 02:39:51.739,1.40365,1.40395,3.40,1.60
2010.09.29 02:39:52.707,1.40365,1.40395,3.50,1.50
2010.09.29 02:39:58.190,1.40365,1.40395,3.60,1.60
2010.09.29 02:40:00.237,1.40365,1.40395,3.40,1.60
2010.09.29 02:40:02.168,1.40365,1.4039,1.60,1.00
2010.09.29 02:40:03.098,1.40365,1.4039,1.70,1.00
2010.09.29 02:40:04.191,1.4037,1.40395,1.60,6.20
2010.09.29 02:40:04.447,1.40365,1.40395,1.70,1.40
2010.09.29 02:40:05.207,1.40365,1.40395,1.60,1.50
2010.09.29 02:40:06.367,1.40365,1.40395,1.70,1.60
2010.09.29 02:40:06.874,1.40365,1.40395,1.60,1.50
2010.09.29 02:40:07.048,1.40365,1.40395,1.60,1.60
2010.09.29 02:40:07.674,1.40365,1.4039,1.60,1.00
2010.09.29 02:40:08.478,1.40365,1.4039,1.70,1.00
2010.09.29 02:40:09.517,1.40365,1.4039,1.60,1.00
2010.09.29 02:40:09.796,1.4037,1.4039,1.00,1.00
2010.09.29 02:40:10.975,1.40365,1.4039,1.60,1.00
2010.09.29 02:40:12.455,1.40365,1.4039,1.60,1.00
2010.09.29 02:40:12.976,1.40365,1.4039,1.60,1.00
2010.09.29 02:40:14.118,1.40365,1.4039,1.70,1.00
2010.09.29 02:40:16.847,1.40365,1.4039,3.30,1.00
2010.09.29 02:40:17.036,1.40365,1.40395,3.30,1.90
2010.09.29 02:40:18.226,1.40365,1.40395,3.30,1.80
2010.09.29 02:40:19.098,1.40365,1.40395,3.40,1.80
2010.09.29 02:40:21.128,1.4037,1.40395,1.60,1.80
2010.09.29 02:40:23.611,1.4037,1.40395,1.60,1.90
2010.09.29 02:40:24.174,1.4037,1.40395,1.60,1.50
2010.09.29 02:40:24.209,1.40375,1.40395,1.60,1.60
2010.09.29 02:40:24.788,1.40375,1.40395,1.60,1.00
2010.09.29 02:40:26.246,1.40375,1.404,1.60,1.60
2010.09.29 02:40:30.018,1.40375,1.404,1.60,1.50
2010.09.29 02:40:30.048,1.40365,1.40395,8.10,1.00
2010.09.29 02:40:30.969,1.40365,1.40395,3.20,1.00
2010.09.29 02:40:33.011,1.40365,1.40395,3.30,1.20
2010.09.29 02:40:33.735,1.40365,1.40395,3.30,1.90
2010.09.29 02:40:34.325,1.40365,1.40395,3.20,2.00
2010.09.29 02:40:38.514,1.40365,1.40395,2.50,1.90
2010.09.29 02:40:48.305,1.4037,1.40395,1.80,1.50
2010.09.29 02:40:48.452,1.4037,1.40395,1.80,1.40
2010.09.29 02:40:48.722,1.40365,1.40395,3.30,1.40
2010.09.29 02:40:49.258,1.40365,1.40395,3.40,1.40
2010.09.29 02:40:50.108,1.40365,1.40395,3.40,1.60
2010.09.29 02:40:51.169,1.40365,1.40395,3.30,1.50
2010.09.29 02:40:52.389,1.40365,1.40395,3.20,1.60
2010.09.29 02:40:58.626,1.40365,1.40395,3.20,1.50
2010.09.29 02:40:59.256,1.40365,1.40395,3.30,1.50
2010.09.29 02:40:59.325,1.40365,1.40395,1.60,1.50
2010.09.29 02:40:59.466,1.40365,1.4039,1.60,1.00
2010.09.29 02:40:59.746,1.40365,1.4039,1.60,1.00
2010.09.29 02:41:03.640,1.40365,1.4039,1.80,1.00
2010.09.29 02:41:04.114,1.40365,1.40395,3.40,1.90
2010.09.29 02:41:04.135,1.40365,1.40395,3.40,2.00
2010.09.29 02:41:04.179,1.40365,1.40395,3.50,1.90
2010.09.29 02:41:04.228,1.40365,1.40395,3.40,2.00
2010.09.29 02:41:05.736,1.40365,1.40395,3.20,2.00
2010.09.29 02:41:06.127,1.40365,1.40395,1.60,2.00
2010.09.29 02:41:06.516,1.40365,1.40395,1.60,1.90
2010.09.29 02:41:07.146,1.40365,1.40395,1.60,2.00
2010.09.29 02:41:08.006,1.40365,1.40395,1.60,1.90
2010.09.29 02:41:11.276,1.40365,1.40395,1.60,2.00
2010.09.29 02:41:13.591,1.40365,1.40395,1.00,2.00
2010.09.29 02:41:14.409,1.40365,1.40395,1.00,1.80
2010.09.29 02:41:17.397,1.40365,1.40395,1.00,7.80
2010.09.29 02:41:17.468,1.40365,1.40395,1.00,7.80
2010.09.29 02:41:17.677,1.40365,1.4039,1.00,1.00
2010.09.29 02:41:20.129,1.40365,1.4039,1.00,1.00
2010.09.29 02:41:21.117,1.40365,1.4039,1.00,1.00
2010.09.29 02:41:22.410,1.40365,1.40395,1.00,3.20
2010.09.29 02:41:22.478,1.40365,1.40395,2.40,1.40
2010.09.29 02:41:22.546,1.40365,1.40395,3.20,1.40
2010.09.29 02:41:22.615,1.40365,1.40395,4.80,1.40
2010.09.29 02:41:23.403,1.40375,1.40395,1.60,1.40
2010.09.29 02:41:23.748,1.40375,1.40395,1.60,1.60
2010.09.29 02:41:24.087,1.40375,1.40395,1.60,1.50
2010.09.29 02:41:26.431,1.40375,1.40395,1.60,1.60
2010.09.29 02:41:29.431,1.40375,1.40395,1.60,1.00
2010.09.29 02:41:29.517,1.40365,1.404,7.20,1.90
2010.09.29 02:41:29.595,1.40365,1.404,5.60,1.90
2010.09.29 02:41:30.153,1.40365,1.404,3.30,1.90
2010.09.29 02:41:30.237,1.40365,1.40395,3.20,1.00
2010.09.29 02:41:30.711,1.40365,1.40395,3.20,1.00
2010.09.29 02:41:34.186,1.40365,1.40395,3.20,1.00
2010.09.29 02:41:37.219,1.40365,1.40395,3.20,1.00
2010.09.29 02:41:37.255,1.40365,1.40395,3.20,2.00
2010.09.29 02:41:37.842,1.40365,1.40395,3.30,1.90
2010.09.29 02:41:37.892,1.40365,1.40395,1.70,3.40
2010.09.29 02:41:37.940,1.40365,1.40395,1.60,2.00
2010.09.29 02:41:38.447,1.40365,1.40395,1.70,1.80
2010.09.29 02:41:40.333,1.40365,1.40395,1.70,1.40
2010.09.29 02:41:40.490,1.40365,1.40395,3.40,1.40
2010.09.29 02:41:42.039,1.40365,1.40395,3.30,1.50
2010.09.29 02:41:43.186,1.40365,1.40395,3.40,1.40
2010.09.29 02:41:44.488,1.40365,1.40395,3.30,1.50
2010.09.29 02:41:45.941,1.40365,1.4039,3.40,1.00
2010.09.29 02:41:46.293,1.40365,1.4039,1.60,1.00
2010.09.29 02:41:46.598,1.4037,1.4039,1.00,1.00
2010.09.29 02:41:47.655,1.40365,1.4039,3.60,1.00
2010.09.29 02:41:47.948,1.40365,1.4039,3.50,1.00
2010.09.29 02:41:49.704,1.40365,1.4039,1.70,1.00
2010.09.29 02:41:57.926,1.4037,1.4039,1.00,1.00
2010.09.29 02:42:01.148,1.40365,1.4039,1.60,1.00
2010.09.29 02:42:02.226,1.40365,1.40395,1.60,1.80
2010.09.29 02:42:06.426,1.40365,1.40395,1.70,1.80
2010.09.29 02:42:10.395,1.40365,1.40395,1.00,1.80
2010.09.29 02:42:10.515,1.40365,1.40395,1.00,1.90
2010.09.29 02:42:11.055,1.40365,1.40395,1.00,1.80
2010.09.29 02:42:20.669,1.40365,1.40395,1.00,1.80
2010.09.29 02:42:20.895,1.40365,1.40395,2.50,1.80
2010.09.29 02:42:20.938,1.40365,1.40395,2.50,1.40
2010.09.29 02:42:22.228,1.40365,1.40395,2.60,1.40
2010.09.29 02:42:23.148,1.40375,1.40395,1.60,1.40
2010.09.29 02:42:30.296,1.40375,1.404,1.60,1.40
2010.09.29 02:42:33.588,1.40375,1.404,1.60,1.50
2010.09.29 02:42:33.726,1.4037,1.404,1.00,1.50
2010.09.29 02:42:36.700,1.40365,1.40395,3.20,6.00
2010.09.29 02:42:37.302,1.40365,1.40395,3.20,7.40
2010.09.29 02:42:37.463,1.40365,1.40395,1.60,1.40
2010.09.29 02:42:37.618,1.40365,1.40395,1.60,1.90
2010.09.29 02:42:37.868,1.40365,1.40395,1.70,1.80
2010.09.29 02:42:39.661,1.40365,1.40395,1.60,1.80
2010.09.29 02:42:39.795,1.40365,1.40395,1.00,1.90
2010.09.29 02:42:40.148,1.40365,1.40395,1.00,2.00
2010.09.29 02:42:42.919,1.40365,1.40395,1.00,1.90
2010.09.29 02:42:47.349,1.40365,1.4039,1.00,1.00
2010.09.29 02:42:48.047,1.40365,1.4039,1.00,1.00
2010.09.29 02:42:48.188,1.40365,1.40395,1.00,2.00
2010.09.29 02:43:00.468,1.40365,1.4039,1.00,1.00
2010.09.29 02:43:02.109,1.40365,1.40385,1.00,1.00
2010.09.29 02:43:02.267,1.40365,1.4039,1.00,1.00
2010.09.29 02:43:03.999,1.40365,1.4039,1.00,1.00
2010.09.29 02:43:04.139,1.40365,1.4039,1.00,1.00
2010.09.29 02:43:05.126,1.40365,1.4039,1.00,1.00
2010.09.29 02:43:06.157,1.40365,1.4039,1.00,1.00
2010.09.29 02:43:06.491,1.40365,1.4039,1.00,1.00
2010.09.29 02:43:06.886,1.40365,1.4039,1.00,1.00
2010.09.29 02:43:08.033,1.40365,1.40385,1.00,1.00
2010.09.29 02:43:09.072,1.40365,1.40385,1.00,1.00
2010.09.29 02:43:09.278,1.40365,1.4039,1.00,1.00
2010.09.29 02:43:09.911,1.40365,1.4039,1.00,1.00
2010.09.29 02:43:10.737,1.40365,1.4039,1.60,1.00
2010.09.29 02:43:13.816,1.4037,1.4039,2.40,1.00
2010.09.29 02:43:14.065,1.4037,1.40395,1.60,1.00
2010.09.29 02:43:14.788,1.4037,1.40395,1.60,1.00
2010.09.29 02:43:23.761,1.4037,1.40395,1.60,1.00
2010.09.29 02:43:24.419,1.4037,1.40395,1.60,1.00
2010.09.29 02:43:33.848,1.4037,1.40395,1.60,1.00
2010.09.29 02:43:34.977,1.4037,1.4039,1.60,1.00
2010.09.29 02:43:35.730,1.4037,1.4039,1.60,1.00
2010.09.29 02:43:35.928,1.4037,1.4039,1.60,1.00
2010.09.29 02:43:36.337,1.4037,1.40395,1.60,1.00
2010.09.29 02:43:36.537,1.4037,1.4039,1.60,1.00
2010.09.29 02:43:37.186,1.4037,1.40395,1.60,1.00
2010.09.29 02:43:37.396,1.4037,1.404,1.60,1.10
2010.09.29 02:43:37.818,1.4037,1.40395,3.20,1.00
2010.09.29 02:43:38.026,1.4037,1.404,3.20,1.20
2010.09.29 02:43:39.171,1.4037,1.404,3.20,1.10
2010.09.29 02:43:39.371,1.4037,1.404,3.20,1.20
2010.09.29 02:43:39.487,1.4037,1.404,3.20,1.10
2010.09.29 02:43:40.945,1.4037,1.404,3.40,1.00
2010.09.29 02:43:41.047,1.4037,1.404,3.30,1.00
2010.09.29 02:43:42.245,1.4037,1.404,3.30,1.00
2010.09.29 02:43:43.126,1.4037,1.404,1.60,1.00
2010.09.29 02:43:43.216,1.40375,1.404,1.00,1.00
2010.09.29 02:43:43.987,1.40375,1.404,1.00,1.00
2010.09.29 02:43:44.467,1.40375,1.404,1.00,1.00
2010.09.29 02:43:44.946,1.40375,1.404,1.00,1.00
2010.09.29 02:43:47.146,1.4037,1.404,1.70,1.00
2010.09.29 02:43:50.594,1.4037,1.40395,1.00,1.80
2010.09.29 02:43:50.648,1.40365,1.40395,1.60,3.60
2010.09.29 02:43:50.669,1.4037,1.40395,1.00,3.50
2010.09.29 02:43:51.534,1.4037,1.40395,1.00,3.50
2010.09.29 02:43:51.884,1.4037,1.40395,1.00,1.80
2010.09.29 02:43:52.231,1.4037,1.40395,1.00,1.80
2010.09.29 02:43:53.681,1.40365,1.40395,1.70,1.80
2010.09.29 02:43:54.027,1.4037,1.40395,1.00,1.80
2010.09.29 02:44:00.685,1.4037,1.40395,1.00,1.80
2010.09.29 02:44:01.753,1.4037,1.40395,1.00,1.80
2010.09.29 02:44:02.056,1.4037,1.40395,1.00,1.40
2010.09.29 02:44:05.287,1.40365,1.40395,1.60,1.40
2010.09.29 02:44:05.726,1.4037,1.40395,1.00,1.40
2010.09.29 02:44:07.096,1.4037,1.40395,1.00,1.40
2010.09.29 02:44:08.136,1.4037,1.40395,1.00,1.40
2010.09.29 02:44:11.648,1.40365,1.40395,3.40,1.40
2010.09.29 02:44:12.389,1.40365,1.40395,3.30,1.40
2010.09.29 02:44:12.557,1.40365,1.40395,1.60,1.80
2010.09.29 02:44:16.496,1.40365,1.4039,1.00,1.00
2010.09.29 02:44:16.525,1.40365,1.4039,1.00,1.40
2010.09.29 02:44:17.588,1.4036,1.4039,4.00,1.50
2010.09.29 02:44:17.728,1.40365,1.4039,1.60,1.40
2010.09.29 02:44:18.578,1.40365,1.4039,1.60,1.60
2010.09.29 02:44:19.747,1.40365,1.4039,1.60,1.40
2010.09.29 02:44:19.967,1.40365,1.4039,1.60,1.50
2010.09.29 02:44:22.466,1.40365,1.4039,1.60,1.40
2010.09.29 02:44:23.806,1.40365,1.4039,1.80,1.40
2010.09.29 02:44:24.438,1.40365,1.4039,1.70,1.40
2010.09.29 02:44:31.776,1.4036,1.4039,6.40,1.40
2010.09.29 02:44:32.085,1.4036,1.4039,4.00,1.40
2010.09.29 02:44:32.237,1.4036,1.4039,3.20,1.40
2010.09.29 02:44:33.110,1.4036,1.4039,1.60,1.80
2010.09.29 02:44:33.211,1.4036,1.4039,1.60,1.90
2010.09.29 02:44:33.319,1.40365,1.4039,1.00,1.80
2010.09.29 02:44:33.520,1.4036,1.4039,1.60,1.80
2010.09.29 02:44:34.470,1.4036,1.4039,1.60,1.90
2010.09.29 02:44:37.924,1.40365,1.4039,1.00,1.80
2010.09.29 02:44:41.456,1.4036,1.4039,1.70,1.80
2010.09.29 02:44:41.626,1.4036,1.4039,3.40,1.80
2010.09.29 02:44:42.477,1.4036,1.4039,3.40,1.40
2010.09.29 02:44:42.568,1.40365,1.4039,1.00,1.40
2010.09.29 02:44:44.607,1.40365,1.4039,1.00,1.40
2010.09.29 02:44:45.541,1.4036,1.4039,3.30,1.40
2010.09.29 02:44:50.718,1.4036,1.4039,3.40,1.40
2010.09.29 02:44:51.326,1.40365,1.4039,1.00,1.40
2010.09.29 02:44:51.502,1.4036,1.4039,3.30,1.40
2010.09.29 02:45:03.863,1.4036,1.4039,3.40,1.40
2010.09.29 02:45:04.821,1.4036,1.4039,3.30,1.40
2010.09.29 02:45:05.658,1.40365,1.4039,1.00,1.40
2010.09.29 02:45:11.177,1.4036,1.4039,3.30,1.40
2010.09.29 02:45:11.329,1.40365,1.4039,1.00,1.40
2010.09.29 02:45:11.479,1.4036,1.4039,3.30,1.40
2010.09.29 02:45:13.387,1.4036,1.4039,1.60,1.40
2010.09.29 02:45:13.558,1.4036,1.4039,1.60,1.60
2010.09.29 02:45:13.728,1.4036,1.4039,1.70,1.40
2010.09.29 02:45:17.066,1.4036,1.4039,1.60,1.50
2010.09.29 02:45:22.497,1.4036,1.4039,3.30,1.40
2010.09.29 02:45:23.736,1.4036,1.4039,3.40,1.40
2010.09.29 02:45:23.809,1.4036,1.40385,1.00,1.60
2010.09.29 02:45:23.878,1.40365,1.40385,1.00,2.20
2010.09.29 02:45:24.453,1.40365,1.40385,1.00,1.00
2010.09.29 02:45:24.529,1.40365,1.40385,1.00,1.00
2010.09.29 02:45:26.088,1.40365,1.40385,1.00,1.00
2010.09.29 02:45:27.730,1.4037,1.40385,1.00,1.00
2010.09.29 02:45:27.837,1.40365,1.40385,1.70,1.00
2010.09.29 02:45:28.277,1.4037,1.40385,1.00,1.00
2010.09.29 02:45:28.658,1.40365,1.40385,1.00,1.00
2010.09.29 02:45:29.598,1.40365,1.40385,1.00,1.00
2010.09.29 02:45:30.186,1.4037,1.40385,1.00,1.00
2010.09.29 02:45:32.428,1.40365,1.4039,1.00,1.40
2010.09.29 02:45:32.470,1.40365,1.4039,1.00,1.40
2010.09.29 02:45:39.934,1.40365,1.4039,1.70,1.40
2010.09.29 02:45:40.138,1.40365,1.40395,3.30,1.40
2010.09.29 02:45:40.337,1.40365,1.40395,3.40,1.40
2010.09.29 02:45:40.539,1.40365,1.40395,5.00,1.40
2010.09.29 02:45:42.956,1.4037,1.40395,1.00,1.40
2010.09.29 02:45:43.974,1.4037,1.40395,1.00,1.40
2010.09.29 02:45:46.130,1.40365,1.40395,5.00,1.40
2010.09.29 02:45:50.256,1.40365,1.40395,3.40,1.40
2010.09.29 02:45:50.771,1.4037,1.40395,1.00,1.40
2010.09.29 02:45:51.169,1.40365,1.40395,1.70,1.40
2010.09.29 02:45:52.437,1.40365,1.4039,1.00,1.00
2010.09.29 02:45:52.927,1.4037,1.4039,1.00,1.00
2010.09.29 02:45:55.827,1.40365,1.4039,1.00,1.00
2010.09.29 02:45:56.277,1.40365,1.4039,1.70,1.00
2010.09.29 02:45:57.155,1.4037,1.4039,1.00,1.00
2010.09.29 02:45:57.366,1.4037,1.4039,1.00,1.00
2010.09.29 02:45:57.456,1.4037,1.4039,1.00,1.00
2010.09.29 02:45:57.536,1.4037,1.40395,1.00,1.40
2010.09.29 02:45:59.524,1.4037,1.40395,1.00,1.40
2010.09.29 02:46:00.064,1.4037,1.40395,1.00,1.40
2010.09.29 02:46:01.498,1.4037,1.40395,1.00,1.40
2010.09.29 02:46:03.802,1.4037,1.40395,1.00,1.40
2010.09.29 02:46:07.936,1.40375,1.40395,1.00,1.40
2010.09.29 02:46:07.991,1.4037,1.40395,1.00,1.40
2010.09.29 02:46:10.593,1.4037,1.40395,1.00,1.40
2010.09.29 02:46:13.400,1.40375,1.40395,1.60,1.40
2010.09.29 02:46:14.306,1.40375,1.40395,1.80,1.40
2010.09.29 02:46:16.215,1.40375,1.40395,1.80,1.00
2010.09.29 02:46:16.342,1.40375,1.404,1.60,1.40
2010.09.29 02:46:16.562,1.40375,1.40405,4.80,9.10
2010.09.29 02:46:16.774,1.4037,1.40395,1.00,1.00
2010.09.29 02:46:17.257,1.4037,1.40395,1.00,1.00
2010.09.29 02:46:17.481,1.4037,1.404,1.00,1.80
2010.09.29 02:46:17.831,1.4037,1.404,1.00,1.80
2010.09.29 02:46:19.219,1.4037,1.404,1.70,1.80
2010.09.29 02:46:21.448,1.4037,1.404,1.70,1.90
2010.09.29 02:46:21.914,1.40375,1.404,1.00,7.80
2010.09.29 02:46:22.241,1.4037,1.404,1.00,9.50
2010.09.29 02:46:23.005,1.4037,1.404,1.00,3.50
2010.09.29 02:46:23.181,1.4037,1.404,1.00,1.90
2010.09.29 02:46:23.527,1.4037,1.404,1.00,1.80
2010.09.29 02:46:23.697,1.4037,1.40395,1.00,1.00
2010.09.29 02:46:23.869,1.40365,1.40395,3.30,1.40
2010.09.29 02:46:24.038,1.40365,1.40395,1.00,1.60
2010.09.29 02:46:24.368,1.40365,1.40395,1.00,3.20
2010.09.29 02:46:24.896,1.40365,1.40395,1.00,3.60
2010.09.29 02:46:25.234,1.40365,1.40395,2.50,1.90
2010.09.29 02:46:25.419,1.40365,1.40395,1.00,3.50
2010.09.29 02:46:26.146,1.40365,1.40395,1.00,3.60
2010.09.29 02:46:26.981,1.40355,1.40385,1.70,1.00
2010.09.29 02:46:27.168,1.40355,1.40385,1.60,1.00
2010.09.29 02:46:27.358,1.40355,1.40385,3.30,1.00
2010.09.29 02:46:28.002,1.40355,1.40385,1.60,2.70
2010.09.29 02:46:28.359,1.40355,1.40385,1.70,2.70
2010.09.29 02:46:30.127,1.40355,1.40385,1.60,2.80
2010.09.29 02:46:30.288,1.40355,1.40385,1.70,2.30
2010.09.29 02:46:30.955,1.40355,1.40385,3.30,1.00
2010.09.29 02:46:31.120,1.40355,1.40385,3.30,1.00
2010.09.29 02:46:32.477,1.40355,1.40385,3.40,1.00
2010.09.29 02:46:34.736,1.40355,1.40385,3.40,1.00
2010.09.29 02:46:34.767,1.40355,1.40385,3.30,1.00
2010.09.29 02:46:34.850,1.40355,1.40385,1.60,2.50
2010.09.29 02:46:34.948,1.40355,1.4038,1.60,1.00
2010.09.29 02:46:36.507,1.40355,1.4038,1.70,1.00
2010.09.29 02:46:36.983,1.40355,1.4038,1.60,1.00
2010.09.29 02:46:44.777,1.40355,1.4038,1.70,1.00
2010.09.29 02:46:54.808,1.40355,1.4038,1.60,1.00
2010.09.29 02:46:55.582,1.40355,1.4038,1.60,2.00
2010.09.29 02:46:55.909,1.40355,1.4038,1.00,2.00
2010.09.29 02:47:14.362,1.40355,1.4038,1.00,2.10
2010.09.29 02:47:16.257,1.40355,1.4038,1.00,2.00
2010.09.29 02:47:32.548,1.40355,1.4038,1.00,2.10
2010.09.29 02:47:38.096,1.40355,1.4038,1.00,2.00
2010.09.29 02:47:39.535,1.40355,1.4038,1.00,1.00
2010.09.29 02:47:39.845,1.40355,1.40385,1.00,3.50
2010.09.29 02:47:40.316,1.40355,1.40385,1.00,3.50
2010.09.29 02:47:42.096,1.40355,1.40385,1.00,3.60
2010.09.29 02:47:44.086,1.40355,1.40385,1.00,3.50
2010.09.29 02:47:47.140,1.40355,1.40385,1.00,3.60
2010.09.29 02:47:47.406,1.40355,1.40385,1.00,3.60
2010.09.29 02:47:47.486,1.40355,1.40385,1.00,3.60
2010.09.29 02:47:49.063,1.40355,1.4038,1.00,1.00
2010.09.29 02:47:49.450,1.40355,1.40385,1.00,3.60
2010.09.29 02:47:54.767,1.40355,1.40385,1.00,3.50
2010.09.29 02:47:54.980,1.40355,1.40385,1.00,3.60
2010.09.29 02:48:00.455,1.40355,1.40385,1.00,3.60
2010.09.29 02:48:00.545,1.40355,1.4038,1.00,1.00
2010.09.29 02:48:00.594,1.4035,1.4038,1.60,1.40
2010.09.29 02:48:04.240,1.40355,1.4038,1.00,1.40
2010.09.29 02:48:05.186,1.4035,1.4038,1.60,1.40
2010.09.29 02:48:07.146,1.40355,1.4038,1.00,1.40
2010.09.29 02:48:09.080,1.4035,1.4038,1.70,1.40
2010.09.29 02:48:10.911,1.4035,1.4038,1.60,1.50
2010.09.29 02:48:34.905,1.40355,1.4038,1.00,1.40
2010.09.29 02:48:35.026,1.4035,1.4038,1.70,1.40
2010.09.29 02:48:35.908,1.4035,1.4038,1.70,1.80
2010.09.29 02:48:35.999,1.4035,1.40375,1.00,1.00
2010.09.29 02:48:36.179,1.4035,1.40375,1.00,2.30
2010.09.29 02:48:39.216,1.4035,1.40375,1.00,2.30
2010.09.29 02:48:45.961,1.40345,1.40375,1.70,2.30
2010.09.29 02:48:49.429,1.4035,1.40375,1.00,2.30
2010.09.29 02:49:02.176,1.4035,1.40375,1.00,2.30
2010.09.29 02:49:09.236,1.40345,1.40375,1.60,2.40
2010.09.29 02:49:09.298,1.40345,1.40375,1.70,2.30
2010.09.29 02:49:09.338,1.40345,1.40375,3.40,1.00
2010.09.29 02:49:09.436,1.40345,1.40375,5.80,1.00
2010.09.29 02:49:12.647,1.4035,1.40375,1.00,1.00
2010.09.29 02:49:12.748,1.4035,1.40375,1.00,2.30
2010.09.29 02:49:20.550,1.40345,1.40375,1.60,2.40
2010.09.29 02:49:22.636,1.40345,1.4037,1.60,1.00
2010.09.29 02:49:22.718,1.40345,1.4037,1.00,1.00
2010.09.29 02:49:23.176,1.40345,1.4037,1.00,1.00
2010.09.29 02:49:30.893,1.40345,1.4037,1.00,1.00
2010.09.29 02:49:30.958,1.40345,1.4037,1.00,1.00
2010.09.29 02:49:31.819,1.40345,1.4037,2.60,1.00
2010.09.29 02:49:32.041,1.40345,1.4037,2.70,1.00
2010.09.29 02:49:34.090,1.40345,1.4037,2.80,1.00
2010.09.29 02:49:35.527,1.40345,1.4037,2.60,1.00
2010.09.29 02:49:35.617,1.40345,1.4037,2.40,1.00
2010.09.29 02:49:35.697,1.40345,1.4037,1.00,1.00
2010.09.29 02:49:38.431,1.40345,1.4037,1.00,1.00
2010.09.29 02:49:38.511,1.40345,1.40375,1.80,2.30
2010.09.29 02:49:38.667,1.40345,1.40375,3.50,1.00
2010.09.29 02:49:40.451,1.40345,1.40375,3.60,1.00
2010.09.29 02:49:42.004,1.4035,1.40375,1.00,1.00
2010.09.29 02:49:42.928,1.40345,1.40375,3.40,1.00
2010.09.29 02:49:43.067,1.40345,1.40375,1.70,2.30
2010.09.29 02:49:43.548,1.40345,1.40375,1.70,1.00
2010.09.29 02:49:46.121,1.40345,1.40375,1.60,1.00
2010.09.29 02:49:47.108,1.40345,1.40375,1.70,1.00
2010.09.29 02:49:48.192,1.40345,1.40375,1.70,1.00
2010.09.29 02:49:48.287,1.40345,1.40375,1.90,1.00
2010.09.29 02:49:48.386,1.4035,1.40375,1.60,1.00
2010.09.29 02:49:50.788,1.4035,1.40375,1.80,1.00
2010.09.29 02:49:50.896,1.4035,1.40375,1.00,1.00
2010.09.29 02:49:51.436,1.40345,1.40375,3.20,1.00
2010.09.29 02:49:51.677,1.40345,1.40375,3.30,1.00
2010.09.29 02:49:52.383,1.4035,1.40375,1.00,1.00
2010.09.29 02:49:54.116,1.4035,1.40375,1.00,1.00
2010.09.29 02:50:02.104,1.4035,1.40375,1.70,1.00
2010.09.29 02:50:02.311,1.4035,1.40375,1.00,1.00
2010.09.29 02:50:03.809,1.4035,1.40375,1.00,1.00
2010.09.29 02:50:03.937,1.4035,1.40375,1.00,1.00
2010.09.29 02:50:04.499,1.4035,1.40375,1.80,1.00
2010.09.29 02:50:07.436,1.4035,1.40375,1.60,1.00
2010.09.29 02:50:23.045,1.40355,1.40375,1.60,1.00
2010.09.29 02:50:31.086,1.40355,1.40375,1.70,1.00
2010.09.29 02:50:35.397,1.40355,1.40375,1.60,1.00
2010.09.29 02:50:39.974,1.40355,1.4038,1.60,1.60
2010.09.29 02:50:40.058,1.40355,1.4038,1.60,1.40
2010.09.29 02:50:49.426,1.40355,1.4038,1.70,1.40
2010.09.29 02:50:55.366,1.40355,1.4038,1.80,1.40
2010.09.29 02:50:55.706,1.40355,1.4038,3.40,1.40
2010.09.29 02:50:55.834,1.40355,1.4038,1.80,1.40
2010.09.29 02:50:57.351,1.40355,1.4038,1.60,1.40
2010.09.29 02:50:57.499,1.4035,1.4038,1.60,9.20
2010.09.29 02:50:57.651,1.40355,1.4038,1.00,3.10
2010.09.29 02:50:57.798,1.4035,1.4038,1.60,3.20
