2015.09.10 06:00:00.027,1.59624,1.59633,1.12,1.00
2015.09.10 06:00:00.129,1.59624,1.59635,1.50,1.00
2015.09.10 06:00:00.181,1.59624,1.59639,1.50,1.00
2015.09.10 06:00:00.233,1.59625,1.59639,1.20,1.00
2015.09.10 06:00:00.490,1.59632,1.59643,1.50,1.00
2015.09.10 06:00:00.754,1.59635,1.59657,1.12,1.12
2015.09.10 06:00:00.806,1.59632,1.59654,1.12,1.50
2015.09.10 06:00:00.858,1.5963,1.59654,1.12,1.95
2015.09.10 06:00:00.960,1.5963,1.5965,1.12,1.12
2015.09.10 06:00:01.266,1.59627,1.59645,1.37,1.12
2015.09.10 06:00:01.420,1.59623,1.59644,1.87,1.75
2015.09.10 06:00:01.671,1.59622,1.59644,1.00,1.20
2015.09.10 06:00:01.976,1.59623,1.59644,1.12,1.85
2015.09.10 06:00:02.323,1.59627,1.59643,1.00,1.12
2015.09.10 06:00:02.582,1.59625,1.59643,1.00,1.12
2015.09.10 06:00:03.089,1.59626,1.59643,1.00,1.12
2015.09.10 06:00:03.555,1.59624,1.59644,1.50,1.12
2015.09.10 06:00:03.985,1.59627,1.59641,1.00,1.12
2015.09.10 06:00:04.137,1.59628,1.59644,1.00,1.12
2015.09.10 06:00:04.189,1.59625,1.59644,1.10,1.12
2015.09.10 06:00:04.444,1.59629,1.59645,1.00,1.75
2015.09.10 06:00:05.112,1.59629,1.59647,1.50,1.12
2015.09.10 06:00:05.417,1.59632,1.59649,1.12,1.12
2015.09.10 06:00:05.723,1.59634,1.59653,1.12,1.12
2015.09.10 06:00:05.825,1.59634,1.59654,1.12,1.12
2015.09.10 06:00:05.978,1.59635,1.59654,1.85,1.12
2015.09.10 06:00:06.487,1.59636,1.59656,1.12,1.12
2015.09.10 06:00:06.944,1.59637,1.59658,1.12,1.75
2015.09.10 06:00:07.605,1.59647,1.59658,1.00,1.75
2015.09.10 06:00:07.809,1.59652,1.59681,1.50,1.87
2015.09.10 06:00:07.860,1.59656,1.59681,1.00,1.12
2015.09.10 06:00:08.165,1.59662,1.59683,1.20,1.12
2015.09.10 06:00:08.470,1.59662,1.59683,1.47,1.12
2015.09.10 06:00:09.451,1.59663,1.59683,1.12,1.12
2015.09.10 06:00:10.032,1.59663,1.59687,1.87,1.12
2015.09.10 06:00:10.084,1.59662,1.59687,1.37,1.12
2015.09.10 06:00:10.136,1.59661,1.59688,2.25,1.75
2015.09.10 06:00:10.188,1.59661,1.59689,2.25,1.12
2015.09.10 06:00:10.239,1.59665,1.59689,1.37,1.12
2015.09.10 06:00:10.545,1.59664,1.5968,1.37,1.12
2015.09.10 06:00:10.749,1.59676,1.5969,1.00,1.12
2015.09.10 06:00:11.182,1.59673,1.5969,1.12,1.12
2015.09.10 06:00:11.233,1.59676,1.5969,1.00,1.12
2015.09.10 06:00:11.592,1.59678,1.59688,1.00,1.75
2015.09.10 06:00:12.176,1.59671,1.5969,2.25,1.12
2015.09.10 06:00:12.227,1.59679,1.59691,1.00,1.75
2015.09.10 06:00:12.380,1.59687,1.59704,1.37,1.12
2015.09.10 06:00:12.482,1.59687,1.59705,1.87,1.75
2015.09.10 06:00:12.533,1.5969,1.59711,1.12,1.12
2015.09.10 06:00:12.585,1.5969,1.59711,1.12,1.12
2015.09.10 06:00:12.636,1.5969,1.59712,1.50,1.12
2015.09.10 06:00:12.738,1.59693,1.59714,1.12,1.75
2015.09.10 06:00:13.223,1.59692,1.59713,1.20,1.12
2015.09.10 06:00:13.528,1.59692,1.5971,1.20,1.12
2015.09.10 06:00:14.035,1.59689,1.59709,1.50,1.12
2015.09.10 06:00:14.339,1.59689,1.59706,1.50,1.12
2015.09.10 06:00:14.864,1.59689,1.59706,1.50,1.12
2015.09.10 06:00:15.576,1.59689,1.59706,1.50,1.12
2015.09.10 06:00:16.568,1.59689,1.59706,1.50,1.12
2015.09.10 06:00:17.047,1.59691,1.59709,1.20,1.12
2015.09.10 06:00:17.199,1.59691,1.59709,1.95,1.12
2015.09.10 06:00:17.508,1.5969,1.59709,1.07,1.12
2015.09.10 06:00:17.620,1.59688,1.59707,1.20,1.12
2015.09.10 06:00:17.876,1.59684,1.59703,1.87,1.12
2015.09.10 06:00:18.384,1.59684,1.59703,1.50,1.12
2015.09.10 06:00:19.088,1.59684,1.59703,1.50,1.12
2015.09.10 06:00:19.139,1.59683,1.59703,1.20,1.12
2015.09.10 06:00:19.684,1.5968,1.59701,1.95,1.12
2015.09.10 06:00:20.077,1.59681,1.59701,2.25,1.12
2015.09.10 06:00:20.384,1.5968,1.59701,1.20,1.12
2015.09.10 06:00:20.488,1.59678,1.59701,1.50,1.12
2015.09.10 06:00:21.368,1.59677,1.59698,1.50,1.12
2015.09.10 06:00:21.795,1.59677,1.59695,1.20,1.12
2015.09.10 06:00:21.897,1.59677,1.59697,1.20,1.12
2015.09.10 06:00:21.999,1.59678,1.59701,1.20,1.12
2015.09.10 06:00:22.102,1.59679,1.59703,1.50,1.12
2015.09.10 06:00:22.810,1.5968,1.59703,1.47,1.12
2015.09.10 06:00:23.218,1.5968,1.59703,2.70,1.12
2015.09.10 06:00:23.320,1.5968,1.59704,2.32,1.12
2015.09.10 06:00:23.422,1.59684,1.59705,1.12,1.12
2015.09.10 06:00:23.524,1.59684,1.597,1.12,1.00
2015.09.10 06:00:23.893,1.59682,1.59699,1.75,2.40
2015.09.10 06:00:24.147,1.5968,1.59695,1.12,1.00
2015.09.10 06:00:24.300,1.59678,1.59695,1.12,1.00
2015.09.10 06:00:24.403,1.59677,1.59695,1.87,1.00
2015.09.10 06:00:24.608,1.59678,1.59698,1.12,1.75
2015.09.10 06:00:24.710,1.59681,1.597,1.50,1.10
2015.09.10 06:00:25.194,1.59681,1.59703,1.50,1.12
2015.09.10 06:00:25.499,1.59683,1.59701,1.20,1.12
2015.09.10 06:00:25.551,1.59684,1.59702,1.37,1.12
2015.09.10 06:00:25.653,1.59686,1.59704,1.20,1.50
2015.09.10 06:00:25.704,1.59687,1.59704,1.45,1.45
2015.09.10 06:00:27.314,1.59684,1.59704,1.20,1.12
2015.09.10 06:00:27.365,1.59682,1.59703,1.50,1.12
2015.09.10 06:00:27.416,1.59684,1.59703,1.47,1.12
2015.09.10 06:00:27.803,1.59684,1.59703,2.70,1.12
2015.09.10 06:00:27.905,1.59689,1.59708,1.20,1.12
2015.09.10 06:00:27.956,1.59689,1.59709,1.20,1.12
2015.09.10 06:00:28.015,1.59689,1.5971,1.82,1.12
2015.09.10 06:00:28.522,1.59691,1.59712,1.95,1.12
2015.09.10 06:00:28.827,1.59692,1.5971,1.07,1.12
2015.09.10 06:00:29.128,1.59685,1.59704,1.87,1.12
2015.09.10 06:00:29.282,1.59688,1.59704,1.37,1.12
2015.09.10 06:00:29.334,1.59688,1.59706,1.47,1.12
2015.09.10 06:00:29.588,1.59686,1.59706,1.50,1.12
2015.09.10 06:00:29.842,1.59685,1.59707,1.50,1.12
2015.09.10 06:00:30.146,1.59689,1.5971,2.40,1.75
2015.09.10 06:00:30.509,1.59692,1.59711,1.37,1.12
2015.09.10 06:00:30.611,1.59692,1.59712,1.47,1.75
2015.09.10 06:00:30.714,1.59695,1.59712,1.37,1.12
2015.09.10 06:00:30.868,1.59696,1.5972,2.70,1.50
2015.09.10 06:00:30.970,1.59699,1.59722,1.95,1.12
2015.09.10 06:00:31.022,1.597,1.59723,1.75,1.12
2015.09.10 06:00:31.412,1.59706,1.59725,1.12,1.75
2015.09.10 06:00:31.617,1.59703,1.59725,1.65,1.75
2015.09.10 06:00:31.973,1.59703,1.59724,1.65,1.12
2015.09.10 06:00:32.280,1.59707,1.59728,1.75,1.50
2015.09.10 06:00:32.331,1.59707,1.59728,1.75,1.50
2015.09.10 06:00:33.914,1.59709,1.59729,1.47,1.50
2015.09.10 06:00:34.168,1.59721,1.59743,1.37,1.75
2015.09.10 06:00:34.221,1.59721,1.59746,1.37,1.12
2015.09.10 06:00:34.273,1.59722,1.59747,1.37,1.75
2015.09.10 06:00:34.628,1.59724,1.59749,1.95,1.12
2015.09.10 06:00:34.883,1.59722,1.59749,3.00,1.12
2015.09.10 06:00:34.935,1.59722,1.59746,2.70,1.12
2015.09.10 06:00:35.443,1.59725,1.59745,1.00,1.20
2015.09.10 06:00:36.238,1.59727,1.59745,1.00,1.47
2015.09.10 06:00:36.764,1.59726,1.59745,1.00,1.20
2015.09.10 06:00:37.413,1.59724,1.59743,1.87,1.45
2015.09.10 06:00:37.970,1.59724,1.59743,1.12,1.45
2015.09.10 06:00:38.275,1.59729,1.59747,1.12,1.12
2015.09.10 06:00:38.377,1.59731,1.59748,1.47,1.12
2015.09.10 06:00:38.611,1.59734,1.59753,1.12,1.47
2015.09.10 06:00:38.714,1.59734,1.59755,1.57,1.50
2015.09.10 06:00:39.496,1.59736,1.59755,1.12,1.50
2015.09.10 06:00:40.072,1.59736,1.59755,1.20,1.12
2015.09.10 06:00:40.582,1.59735,1.59755,1.57,1.12
2015.09.10 06:00:41.061,1.59735,1.59759,2.25,1.12
2015.09.10 06:00:41.592,1.59737,1.5976,1.20,1.12
2015.09.10 06:00:42.145,1.59737,1.5976,1.20,1.12
2015.09.10 06:00:42.780,1.59738,1.59761,1.12,1.75
2015.09.10 06:00:43.149,1.59738,1.59762,1.20,1.12
2015.09.10 06:00:43.462,1.59742,1.59762,1.12,1.12
2015.09.10 06:00:44.474,1.59742,1.59761,1.50,1.12
2015.09.10 06:00:46.464,1.59742,1.59761,1.50,1.12
2015.09.10 06:00:47.048,1.59743,1.59764,1.20,1.12
2015.09.10 06:00:47.970,1.59746,1.59765,1.12,1.75
2015.09.10 06:00:48.276,1.59751,1.59776,1.47,1.10
2015.09.10 06:00:49.176,1.59751,1.59778,1.95,1.12
2015.09.10 06:00:49.481,1.59751,1.59777,1.95,1.07
2015.09.10 06:00:49.533,1.59751,1.59777,1.95,1.20
2015.09.10 06:00:49.951,1.59749,1.59775,1.20,1.20
2015.09.10 06:00:50.182,1.59752,1.59772,1.12,1.12
2015.09.10 06:00:50.336,1.59759,1.59777,1.00,1.12
2015.09.10 06:00:50.387,1.59759,1.59778,1.47,1.12
2015.09.10 06:00:50.693,1.59768,1.59788,1.87,1.75
2015.09.10 06:00:50.795,1.5977,1.5979,1.12,1.12
2015.09.10 06:00:50.847,1.5977,1.59791,1.87,1.12
2015.09.10 06:00:51.000,1.59775,1.59795,1.12,1.12
2015.09.10 06:00:51.052,1.59774,1.59795,2.25,1.12
2015.09.10 06:00:51.400,1.59786,1.59801,1.00,1.12
2015.09.10 06:00:51.503,1.59784,1.59803,1.12,1.12
2015.09.10 06:00:51.911,1.59783,1.59806,2.25,1.12
2015.09.10 06:00:52.064,1.59786,1.59808,1.50,1.75
2015.09.10 06:00:52.217,1.59786,1.59811,1.50,1.12
2015.09.10 06:00:52.268,1.59786,1.59811,1.87,1.12
2015.09.10 06:00:52.609,1.59799,1.59819,1.37,1.12
2015.09.10 06:00:52.660,1.59799,1.5982,1.37,1.12
2015.09.10 06:00:52.711,1.59799,1.5982,1.87,1.12
2015.09.10 06:00:52.865,1.59801,1.59824,1.37,1.12
2015.09.10 06:00:52.916,1.59805,1.59824,1.12,1.12
2015.09.10 06:00:53.221,1.59806,1.59825,1.50,1.12
2015.09.10 06:00:53.583,1.59806,1.59825,1.12,1.12
2015.09.10 06:00:53.786,1.59805,1.59825,1.20,1.87
2015.09.10 06:00:53.888,1.59805,1.59823,1.12,1.12
2015.09.10 06:00:54.396,1.59806,1.59824,1.20,1.75
2015.09.10 06:00:55.238,1.59805,1.59823,1.12,1.12
2015.09.10 06:00:55.391,1.59808,1.59829,1.37,1.20
2015.09.10 06:00:55.698,1.59804,1.59828,1.50,1.12
2015.09.10 06:00:56.609,1.59804,1.59828,1.50,1.50
2015.09.10 06:00:57.596,1.59808,1.59827,1.00,1.20
2015.09.10 06:00:57.699,1.59811,1.59832,1.37,1.12
2015.09.10 06:00:57.750,1.59811,1.59833,1.37,1.75
2015.09.10 06:00:57.805,1.59811,1.59833,2.25,1.75
2015.09.10 06:00:58.110,1.59819,1.59837,1.37,1.12
2015.09.10 06:00:58.807,1.59819,1.59839,1.47,1.12
2015.09.10 06:00:59.268,1.59822,1.59838,1.37,1.12
2015.09.10 06:00:59.474,1.59824,1.59843,1.12,1.75
2015.09.10 06:01:00.957,1.59823,1.59842,1.87,1.12
2015.09.10 06:01:01.110,1.59822,1.59839,1.47,1.12
2015.09.10 06:01:01.389,1.5982,1.59839,1.57,1.12
2015.09.10 06:01:01.898,1.5982,1.59838,1.20,1.12
2015.09.10 06:01:01.950,1.5982,1.59838,1.12,1.12
2015.09.10 06:01:02.255,1.5982,1.59833,1.00,1.12
2015.09.10 06:01:02.742,1.59818,1.59833,1.10,1.12
2015.09.10 06:01:03.252,1.59818,1.59834,1.00,1.75
2015.09.10 06:01:03.914,1.59818,1.59828,1.00,1.00
2015.09.10 06:01:04.118,1.59807,1.59821,1.00,1.00
2015.09.10 06:01:04.169,1.59807,1.59818,1.00,1.12
2015.09.10 06:01:04.221,1.59799,1.59814,1.75,1.00
2015.09.10 06:01:04.272,1.59793,1.59812,1.12,1.37
2015.09.10 06:01:04.324,1.59792,1.59812,1.12,1.50
2015.09.10 06:01:04.375,1.59791,1.59812,1.12,1.50
2015.09.10 06:01:04.528,1.59789,1.59809,1.75,1.75
2015.09.10 06:01:04.579,1.59788,1.59808,1.12,1.12
2015.09.10 06:01:04.630,1.59786,1.59805,1.50,1.12
2015.09.10 06:01:04.682,1.59786,1.59805,1.45,1.12
2015.09.10 06:01:04.908,1.59785,1.59805,1.20,1.87
2015.09.10 06:01:05.316,1.59784,1.59804,1.50,1.12
2015.09.10 06:01:05.368,1.59783,1.59804,1.50,1.12
2015.09.10 06:01:05.673,1.59788,1.59805,1.12,1.12
2015.09.10 06:01:06.083,1.59786,1.59805,1.12,1.12
2015.09.10 06:01:06.134,1.59784,1.59804,1.50,1.12
2015.09.10 06:01:06.237,1.59783,1.59801,1.47,1.12
2015.09.10 06:01:06.289,1.5978,1.598,1.12,1.12
2015.09.10 06:01:06.544,1.59777,1.59797,1.50,1.12
2015.09.10 06:01:06.647,1.59776,1.59795,1.75,2.25
2015.09.10 06:01:06.699,1.59775,1.59794,1.12,1.12
2015.09.10 06:01:06.751,1.59774,1.59793,1.12,1.12
2015.09.10 06:01:06.802,1.59773,1.59793,1.75,1.12
2015.09.10 06:01:06.904,1.59772,1.59792,1.50,1.12
2015.09.10 06:01:07.236,1.59773,1.59792,2.25,1.12
2015.09.10 06:01:07.389,1.59777,1.59795,1.12,1.87
2015.09.10 06:01:07.542,1.59769,1.59792,1.12,1.75
2015.09.10 06:01:07.645,1.59766,1.5979,2.25,1.87
2015.09.10 06:01:07.747,1.59765,1.59784,1.12,1.12
2015.09.10 06:01:07.799,1.59762,1.59784,1.12,1.12
2015.09.10 06:01:07.850,1.59761,1.59778,1.12,1.12
2015.09.10 06:01:08.054,1.59759,1.59777,1.07,1.12
2015.09.10 06:01:08.299,1.5976,1.59779,1.12,1.12
2015.09.10 06:01:08.757,1.59763,1.5978,1.37,1.75
2015.09.10 06:01:09.062,1.59757,1.59769,1.00,1.12
2015.09.10 06:01:09.113,1.59752,1.59769,1.00,1.12
2015.09.10 06:01:09.448,1.59748,1.59766,1.87,1.12
2015.09.10 06:01:09.804,1.59747,1.59765,1.10,1.12
2015.09.10 06:01:09.957,1.59745,1.59766,1.50,1.12
2015.09.10 06:01:10.264,1.59742,1.59759,1.95,1.12
2015.09.10 06:01:10.765,1.59741,1.59759,1.50,1.75
2015.09.10 06:01:10.816,1.59738,1.59758,1.00,1.12
2015.09.10 06:01:10.868,1.59738,1.59757,1.00,1.20
2015.09.10 06:01:11.123,1.59744,1.59764,1.00,1.12
2015.09.10 06:01:11.174,1.59744,1.59767,1.75,1.75
2015.09.10 06:01:11.379,1.59746,1.59761,1.12,1.00
2015.09.10 06:01:11.430,1.59745,1.5976,1.12,1.12
2015.09.10 06:01:11.585,1.59732,1.59752,1.12,1.00
2015.09.10 06:01:11.789,1.59732,1.59746,1.00,1.87
2015.09.10 06:01:11.841,1.59719,1.59738,1.50,1.75
2015.09.10 06:01:11.893,1.59716,1.59738,2.25,1.75
2015.09.10 06:01:12.152,1.59715,1.59737,1.10,1.50
2015.09.10 06:01:12.254,1.5971,1.59728,1.12,1.12
2015.09.10 06:01:12.408,1.59709,1.59728,1.50,1.12
2015.09.10 06:01:12.849,1.59712,1.59729,1.00,1.75
2015.09.10 06:01:13.155,1.59705,1.59725,1.50,1.12
2015.09.10 06:01:13.257,1.59704,1.5972,1.00,1.12
2015.09.10 06:01:14.207,1.59706,1.5972,1.00,1.12
2015.09.10 06:01:14.721,1.59704,1.59722,1.87,1.12
2015.09.10 06:01:15.026,1.59704,1.59719,1.00,1.75
2015.09.10 06:01:15.230,1.59702,1.59719,1.12,1.75
2015.09.10 06:01:15.742,1.59703,1.5972,1.20,1.75
2015.09.10 06:01:15.895,1.59702,1.59719,1.20,1.12
2015.09.10 06:01:16.436,1.597,1.59718,2.70,1.12
2015.09.10 06:01:16.737,1.59699,1.59706,1.12,1.00
2015.09.10 06:01:16.790,1.59695,1.59711,1.75,1.50
2015.09.10 06:01:16.843,1.59692,1.59707,1.00,1.50
2015.09.10 06:01:16.895,1.59688,1.59693,1.00,1.00
2015.09.10 06:01:16.946,1.59679,1.59692,1.12,1.00
2015.09.10 06:01:16.999,1.59673,1.59693,1.75,1.00
2015.09.10 06:01:17.051,1.59669,1.59689,2.62,1.00
2015.09.10 06:01:17.104,1.59667,1.59689,1.87,1.50
2015.09.10 06:01:17.206,1.59666,1.59683,1.75,1.00
2015.09.10 06:01:17.644,1.59656,1.59672,1.12,1.00
2015.09.10 06:01:17.747,1.5964,1.59661,2.25,1.75
2015.09.10 06:01:18.888,1.59641,1.59661,1.12,1.75
2015.09.10 06:01:19.193,1.59647,1.59664,1.50,1.12
2015.09.10 06:01:19.499,1.59648,1.59667,1.75,1.75
2015.09.10 06:01:20.030,1.59649,1.59673,1.50,1.87
2015.09.10 06:01:20.183,1.59664,1.59682,1.12,1.12
2015.09.10 06:01:20.235,1.59664,1.59682,1.50,1.12
2015.09.10 06:01:20.388,1.59669,1.59688,1.12,1.12
2015.09.10 06:01:20.440,1.59669,1.5969,1.12,1.12
2015.09.10 06:01:20.491,1.59672,1.59692,1.12,1.12
2015.09.10 06:01:20.543,1.59672,1.59692,1.12,1.12
2015.09.10 06:01:20.697,1.59676,1.59695,1.12,1.12
2015.09.10 06:01:20.748,1.59676,1.59696,1.12,1.12
2015.09.10 06:01:21.045,1.59682,1.59701,1.75,1.75
2015.09.10 06:01:21.556,1.59682,1.59702,1.75,1.75
2015.09.10 06:01:21.709,1.59685,1.59702,1.37,1.75
2015.09.10 06:01:21.913,1.5969,1.59715,1.37,1.20
2015.09.10 06:01:21.965,1.59693,1.59716,1.12,1.12
2015.09.10 06:01:22.293,1.59696,1.59716,1.57,1.12
2015.09.10 06:01:22.345,1.59696,1.59715,1.10,1.12
2015.09.10 06:01:23.683,1.59693,1.59711,1.50,1.00
2015.09.10 06:01:23.785,1.59691,1.59711,1.20,1.12
2015.09.10 06:01:24.547,1.59692,1.59713,2.62,1.12
2015.09.10 06:01:24.599,1.59695,1.59714,1.12,1.75
2015.09.10 06:01:24.702,1.59701,1.59716,1.10,1.12
2015.09.10 06:01:24.946,1.59701,1.59722,1.10,1.12
2015.09.10 06:01:24.998,1.59701,1.59724,1.20,1.75
2015.09.10 06:01:25.100,1.59703,1.59724,1.00,1.75
2015.09.10 06:01:25.560,1.59703,1.59726,1.95,1.12
2015.09.10 06:01:25.917,1.59705,1.59727,1.37,1.75
2015.09.10 06:01:26.463,1.59707,1.59728,1.37,1.12
2015.09.10 06:01:26.717,1.59709,1.5973,1.50,1.75
2015.09.10 06:01:26.921,1.59708,1.5973,1.75,1.12
2015.09.10 06:01:27.366,1.59707,1.59727,3.07,1.12
2015.09.10 06:01:28.815,1.59698,1.59716,2.32,1.12
2015.09.10 06:01:28.867,1.59698,1.59716,1.65,1.75
2015.09.10 06:01:28.969,1.59698,1.59718,1.20,1.12
2015.09.10 06:01:29.021,1.59696,1.59718,1.87,1.12
2015.09.10 06:01:29.124,1.59694,1.59714,1.12,1.12
2015.09.10 06:01:29.328,1.59693,1.59712,1.57,1.12
2015.09.10 06:01:29.380,1.59693,1.5971,1.10,1.12
2015.09.10 06:01:29.583,1.5969,1.59709,1.00,1.12
2015.09.10 06:01:31.336,1.59688,1.59709,1.10,1.12
2015.09.10 06:01:31.440,1.59685,1.59709,2.25,1.12
2015.09.10 06:01:31.745,1.59685,1.59703,1.57,1.12
2015.09.10 06:01:31.949,1.59687,1.59705,1.57,1.12
2015.09.10 06:01:32.565,1.59687,1.59705,1.20,1.12
2015.09.10 06:01:32.823,1.59687,1.59707,1.20,1.12
2015.09.10 06:01:33.423,1.59687,1.59708,1.20,1.12
2015.09.10 06:01:33.526,1.59686,1.59708,1.50,1.12
2015.09.10 06:01:33.863,1.59686,1.59707,1.12,1.12
2015.09.10 06:01:33.970,1.59686,1.59707,1.87,1.12
2015.09.10 06:01:34.377,1.59686,1.59707,2.25,1.75
2015.09.10 06:01:35.162,1.59688,1.59708,1.95,1.12
2015.09.10 06:01:35.220,1.59692,1.59709,1.37,1.12
2015.09.10 06:01:35.323,1.59692,1.59711,1.37,1.75
2015.09.10 06:01:35.476,1.59692,1.59716,1.50,1.50
2015.09.10 06:01:35.985,1.59693,1.59716,1.50,1.07
2015.09.10 06:01:36.364,1.59693,1.59716,1.37,1.07
2015.09.10 06:01:37.284,1.59693,1.59717,1.37,1.12
2015.09.10 06:01:38.963,1.59693,1.59717,1.37,1.12
2015.09.10 06:01:39.607,1.59693,1.59717,1.50,1.12
2015.09.10 06:01:39.861,1.59693,1.59717,1.12,1.87
2015.09.10 06:01:40.014,1.5969,1.59714,1.07,1.00
2015.09.10 06:01:40.116,1.5969,1.59714,1.20,2.62
2015.09.10 06:01:40.270,1.59687,1.5971,1.45,1.75
2015.09.10 06:01:40.869,1.59686,1.59707,1.12,1.75
2015.09.10 06:01:41.226,1.59686,1.59703,1.45,1.00
2015.09.10 06:01:41.379,1.59681,1.59703,1.50,1.87
2015.09.10 06:01:41.482,1.59679,1.597,1.50,1.10
2015.09.10 06:01:41.635,1.59678,1.597,1.50,1.75
2015.09.10 06:01:42.377,1.59677,1.597,1.20,1.87
2015.09.10 06:01:42.737,1.59678,1.59698,1.12,1.12
2015.09.10 06:01:42.839,1.59678,1.59697,1.20,1.12
2015.09.10 06:01:43.176,1.59679,1.59701,1.12,1.75
2015.09.10 06:01:43.278,1.59678,1.59701,1.75,1.75
2015.09.10 06:01:43.997,1.59679,1.59701,2.62,1.75
2015.09.10 06:01:44.609,1.5968,1.59704,2.25,1.12
2015.09.10 06:01:44.714,1.59683,1.59706,1.12,1.12
2015.09.10 06:01:44.816,1.59684,1.59707,1.07,1.12
2015.09.10 06:01:47.391,1.59683,1.59705,1.12,1.12
2015.09.10 06:01:47.544,1.59681,1.59702,1.12,1.50
2015.09.10 06:01:48.376,1.59682,1.59703,1.07,1.12
2015.09.10 06:01:48.905,1.59682,1.59704,1.07,1.12
2015.09.10 06:01:51.214,1.59679,1.59703,1.50,1.57
2015.09.10 06:01:51.316,1.59679,1.59703,1.50,2.25
2015.09.10 06:01:53.376,1.59683,1.59703,1.12,1.50
2015.09.10 06:01:53.720,1.5968,1.59701,1.12,1.12
2015.09.10 06:01:54.280,1.59679,1.59701,1.75,1.50
2015.09.10 06:01:55.960,1.59676,1.59701,1.12,2.25
2015.09.10 06:01:56.011,1.59674,1.59699,1.87,1.12
2015.09.10 06:01:56.368,1.59674,1.59699,1.12,1.50
2015.09.10 06:01:57.458,1.59675,1.59695,1.12,1.85
2015.09.10 06:01:57.612,1.59674,1.59692,1.12,1.12
2015.09.10 06:01:57.715,1.59674,1.59693,1.12,1.37
2015.09.10 06:01:57.766,1.59676,1.59696,1.75,1.75
2015.09.10 06:01:57.869,1.59677,1.59698,1.12,1.87
2015.09.10 06:01:58.114,1.59681,1.59698,1.12,1.87
2015.09.10 06:01:59.042,1.59681,1.597,1.12,1.50
2015.09.10 06:01:59.093,1.59682,1.597,1.75,1.45
2015.09.10 06:01:59.246,1.59683,1.59701,1.12,1.12
2015.09.10 06:01:59.477,1.59682,1.59702,1.75,1.20
2015.09.10 06:01:59.529,1.59682,1.59702,1.75,1.20
2015.09.10 06:01:59.581,1.59682,1.59702,1.75,1.95
2015.09.10 06:02:01.016,1.59682,1.59702,1.12,1.50
2015.09.10 06:02:01.523,1.59678,1.59701,1.12,1.12
2015.09.10 06:02:02.461,1.59678,1.597,1.12,1.12
2015.09.10 06:02:05.288,1.59674,1.59695,1.12,1.12
2015.09.10 06:02:05.442,1.59674,1.59692,1.12,1.75
2015.09.10 06:02:05.544,1.5967,1.5969,1.47,1.12
2015.09.10 06:02:05.596,1.59667,1.59688,1.20,1.12
2015.09.10 06:02:05.647,1.59667,1.59686,1.07,1.12
2015.09.10 06:02:05.750,1.59666,1.59688,1.12,1.12
2015.09.10 06:02:06.956,1.59666,1.59689,1.12,1.12
2015.09.10 06:02:07.244,1.59668,1.5969,1.75,1.50
2015.09.10 06:02:09.361,1.59671,1.59691,1.50,1.20
2015.09.10 06:02:09.763,1.59677,1.59697,1.07,1.37
2015.09.10 06:02:09.820,1.59678,1.59698,1.10,1.00
2015.09.10 06:02:10.125,1.59679,1.59699,1.12,1.00
2015.09.10 06:02:11.451,1.59678,1.59699,3.07,1.00
2015.09.10 06:02:11.705,1.5968,1.59705,1.10,1.07
2015.09.10 06:02:11.757,1.5968,1.59705,1.57,1.07
2015.09.10 06:02:12.062,1.59687,1.59706,1.12,1.50
2015.09.10 06:02:12.389,1.59688,1.59704,1.10,1.12
2015.09.10 06:02:12.441,1.59688,1.59706,1.20,1.50
2015.09.10 06:02:13.104,1.59692,1.59708,1.12,1.20
2015.09.10 06:02:13.309,1.59689,1.59709,1.12,1.20
2015.09.10 06:02:13.858,1.59685,1.5971,1.50,1.20
2015.09.10 06:02:14.344,1.59685,1.59707,1.12,1.50
2015.09.10 06:02:14.651,1.59681,1.59699,1.12,1.12
2015.09.10 06:02:14.753,1.59678,1.59698,1.12,1.12
2015.09.10 06:02:15.028,1.59675,1.59695,1.12,1.12
2015.09.10 06:02:18.134,1.59676,1.59693,1.10,1.12
2015.09.10 06:02:18.288,1.59676,1.59694,1.50,1.50
2015.09.10 06:02:18.390,1.59673,1.59692,1.87,1.57
2015.09.10 06:02:18.695,1.59673,1.59687,1.10,1.12
2015.09.10 06:02:18.848,1.59673,1.5969,1.20,1.12
2015.09.10 06:02:19.051,1.59673,1.59692,2.25,1.75
2015.09.10 06:02:19.464,1.59677,1.59692,1.00,1.87
2015.09.10 06:02:20.280,1.59677,1.59694,1.20,1.75
2015.09.10 06:02:20.822,1.59678,1.59696,1.20,1.75
2015.09.10 06:02:20.924,1.59681,1.59696,1.00,1.75
2015.09.10 06:02:21.231,1.59681,1.59699,1.57,1.12
2015.09.10 06:02:21.486,1.59683,1.59701,1.20,1.75
2015.09.10 06:02:21.689,1.59686,1.59701,1.00,1.75
2015.09.10 06:02:22.671,1.59689,1.59701,1.00,1.12
2015.09.10 06:02:24.997,1.59689,1.59703,1.00,1.12
2015.09.10 06:02:25.567,1.59686,1.59703,1.87,1.12
2015.09.10 06:02:25.670,1.59686,1.59702,1.10,1.47
2015.09.10 06:02:25.889,1.59684,1.597,1.20,1.12
2015.09.10 06:02:26.305,1.59687,1.597,1.00,1.12
2015.09.10 06:02:26.407,1.59687,1.59703,1.00,1.12
2015.09.10 06:02:26.611,1.59693,1.59704,1.00,1.12
2015.09.10 06:02:26.764,1.59698,1.59713,1.00,1.12
2015.09.10 06:02:26.866,1.59698,1.59715,1.12,1.47
2015.09.10 06:02:26.917,1.59701,1.59716,1.00,1.12
2015.09.10 06:02:26.969,1.59701,1.59718,1.00,1.12
2015.09.10 06:02:27.021,1.59705,1.59718,1.00,1.12
2015.09.10 06:02:27.220,1.597,1.59724,1.10,1.87
2015.09.10 06:02:27.271,1.597,1.59724,1.20,1.87
2015.09.10 06:02:27.624,1.59705,1.59724,1.12,1.12
2015.09.10 06:02:28.460,1.59703,1.59722,1.12,1.07
2015.09.10 06:02:32.374,1.59706,1.59723,1.00,1.12
2015.09.10 06:02:32.426,1.5971,1.59723,1.00,1.12
2015.09.10 06:02:32.477,1.59707,1.59727,1.45,1.12
2015.09.10 06:02:32.789,1.59708,1.59725,1.12,1.12
2015.09.10 06:02:33.451,1.59707,1.59724,1.12,1.50
2015.09.10 06:02:33.938,1.59702,1.59721,1.12,1.12
2015.09.10 06:02:34.345,1.59704,1.59723,1.12,1.50
2015.09.10 06:02:35.184,1.59703,1.59722,1.12,1.12
2015.09.10 06:02:35.542,1.59704,1.59723,1.12,1.12
2015.09.10 06:02:35.847,1.59705,1.59723,1.20,1.12
2015.09.10 06:02:36.001,1.5971,1.5973,1.12,1.12
2015.09.10 06:02:36.290,1.59715,1.59733,1.12,1.75
2015.09.10 06:02:36.343,1.5972,1.59739,1.20,1.12
2015.09.10 06:02:36.395,1.5972,1.59743,1.87,1.12
2015.09.10 06:02:36.447,1.59726,1.59743,1.12,1.12
2015.09.10 06:02:36.652,1.59728,1.59746,1.50,1.75
2015.09.10 06:02:36.755,1.5973,1.59748,1.20,1.12
2015.09.10 06:02:37.212,1.5973,1.5975,1.87,1.12
2015.09.10 06:02:37.474,1.59733,1.59752,1.75,1.75
2015.09.10 06:02:38.186,1.59732,1.59749,1.12,1.12
2015.09.10 06:02:38.726,1.59731,1.59748,1.12,1.12
2015.09.10 06:02:39.060,1.59731,1.59751,1.12,1.12
2015.09.10 06:02:39.365,1.59734,1.59756,1.20,1.12
2015.09.10 06:02:39.518,1.59745,1.59758,1.00,1.12
2015.09.10 06:02:39.671,1.59748,1.59758,1.00,1.12
2015.09.10 06:02:39.931,1.5975,1.59767,1.00,1.12
2015.09.10 06:02:40.135,1.59753,1.59767,1.00,1.12
2015.09.10 06:02:40.389,1.5975,1.59767,1.00,1.12
2015.09.10 06:02:40.491,1.5975,1.59762,1.00,1.75
2015.09.10 06:02:41.000,1.5975,1.59763,1.00,1.75
2015.09.10 06:02:41.335,1.59756,1.59765,1.00,1.12
2015.09.10 06:02:41.488,1.59756,1.5977,1.00,1.12
2015.09.10 06:02:42.050,1.59758,1.5977,1.00,1.12
2015.09.10 06:02:42.255,1.59758,1.59773,1.00,1.37
2015.09.10 06:02:42.965,1.5976,1.59777,1.00,1.20
2015.09.10 06:02:43.122,1.5976,1.59778,1.00,1.65
2015.09.10 06:02:43.224,1.59763,1.59778,1.00,1.65
2015.09.10 06:02:44.248,1.59763,1.59779,1.00,1.07
2015.09.10 06:02:44.554,1.59765,1.59782,1.00,1.82
2015.09.10 06:02:45.595,1.59769,1.59783,1.00,2.25
2015.09.10 06:02:45.901,1.59771,1.59785,1.00,1.87
2015.09.10 06:02:48.912,1.59769,1.59785,1.00,1.50
2015.09.10 06:02:49.428,1.59769,1.59783,1.00,1.47
2015.09.10 06:02:49.479,1.59766,1.59783,1.00,1.87
2015.09.10 06:02:50.594,1.59764,1.59783,1.00,1.87
2015.09.10 06:02:50.847,1.59764,1.5978,1.00,1.20
2015.09.10 06:02:51.408,1.59772,1.5978,1.00,1.50
2015.09.10 06:02:51.510,1.59776,1.59786,1.00,1.20
2015.09.10 06:02:51.612,1.59776,1.59794,1.00,1.12
2015.09.10 06:02:51.816,1.59779,1.59794,1.00,1.50
2015.09.10 06:02:52.045,1.59779,1.59796,1.00,2.20
2015.09.10 06:02:53.446,1.59776,1.59793,1.00,1.12
2015.09.10 06:02:53.853,1.59772,1.59792,1.00,1.20
2015.09.10 06:02:54.158,1.59777,1.59793,1.00,1.50
2015.09.10 06:02:54.627,1.59786,1.59802,1.00,1.12
2015.09.10 06:02:54.783,1.59798,1.59813,1.00,1.17
2015.09.10 06:02:54.885,1.59794,1.59813,1.00,1.17
2015.09.10 06:02:54.936,1.59792,1.59813,1.00,1.17
2015.09.10 06:02:54.987,1.59792,1.59813,1.00,1.57
2015.09.10 06:02:55.292,1.59792,1.59808,1.00,1.45
2015.09.10 06:02:55.780,1.59792,1.59809,1.00,1.65
2015.09.10 06:02:55.932,1.59785,1.5981,1.00,1.27
2015.09.10 06:02:56.035,1.59789,1.59809,1.00,1.20
2015.09.10 06:02:56.238,1.59792,1.59813,1.00,1.20
2015.09.10 06:02:56.392,1.59793,1.59817,1.20,1.27
2015.09.10 06:02:56.445,1.59793,1.59818,1.50,1.12
2015.09.10 06:02:56.946,1.59796,1.59818,2.25,1.12
2015.09.10 06:02:57.506,1.59796,1.59813,1.00,1.75
2015.09.10 06:02:57.558,1.5979,1.59813,1.87,1.75
2015.09.10 06:02:57.662,1.5979,1.59811,1.00,1.75
2015.09.10 06:02:57.713,1.59787,1.5981,1.10,1.12
2015.09.10 06:02:58.232,1.59786,1.59809,1.20,1.20
2015.09.10 06:02:58.587,1.5979,1.59811,1.00,1.82
2015.09.10 06:02:58.792,1.5979,1.59811,1.00,1.00
2015.09.10 06:02:59.267,1.5979,1.59811,1.00,1.12
2015.09.10 06:02:59.522,1.59779,1.59801,1.10,1.95
2015.09.10 06:02:59.573,1.59779,1.59792,1.10,1.00
2015.09.10 06:02:59.676,1.59773,1.59792,1.10,1.00
2015.09.10 06:03:00.744,1.59773,1.59791,1.00,1.07
2015.09.10 06:03:01.317,1.59773,1.59792,1.00,1.82
2015.09.10 06:03:01.521,1.59773,1.59793,1.00,1.45
2015.09.10 06:03:01.776,1.59766,1.5979,1.95,1.00
2015.09.10 06:03:01.879,1.59765,1.5979,1.87,1.12
2015.09.10 06:03:01.930,1.59765,1.5979,1.00,1.82
2015.09.10 06:03:02.032,1.59765,1.59792,1.50,1.50
2015.09.10 06:03:02.462,1.59772,1.59796,1.15,1.20
2015.09.10 06:03:02.769,1.59773,1.59799,1.20,1.95
2015.09.10 06:03:02.922,1.59773,1.59799,1.20,1.45
2015.09.10 06:03:03.918,1.59775,1.59798,1.00,1.45
2015.09.10 06:03:04.278,1.59777,1.59799,1.00,1.75
2015.09.10 06:03:04.585,1.59782,1.598,1.00,1.75
2015.09.10 06:03:04.801,1.59784,1.59807,1.00,1.20
2015.09.10 06:03:04.956,1.59789,1.59808,1.00,1.12
2015.09.10 06:03:05.007,1.59789,1.5981,1.00,1.75
2015.09.10 06:03:06.232,1.59789,1.59811,1.00,1.45
2015.09.10 06:03:06.486,1.59801,1.59812,1.00,1.50
2015.09.10 06:03:06.538,1.59798,1.59812,1.00,1.12
2015.09.10 06:03:06.894,1.59798,1.59808,1.00,1.12
2015.09.10 06:03:07.734,1.59794,1.59808,1.00,1.50
2015.09.10 06:03:08.673,1.59798,1.59808,1.00,1.12
2015.09.10 06:03:08.776,1.59798,1.59809,1.00,1.45
2015.09.10 06:03:10.122,1.59798,1.59812,1.00,1.12
2015.09.10 06:03:10.433,1.59801,1.59812,1.00,1.12
2015.09.10 06:03:10.878,1.59801,1.59814,1.00,1.87
2015.09.10 06:03:11.031,1.59799,1.59813,1.00,1.20
2015.09.10 06:03:11.541,1.59799,1.59811,1.00,1.20
2015.09.10 06:03:12.425,1.59802,1.59812,1.00,1.87
2015.09.10 06:03:12.628,1.59802,1.59817,1.00,1.12
2015.09.10 06:03:12.730,1.59802,1.59817,1.00,1.82
2015.09.10 06:03:12.984,1.59799,1.59817,1.00,1.12
2015.09.10 06:03:13.656,1.59801,1.59817,1.00,1.12
2015.09.10 06:03:13.809,1.59802,1.5982,1.00,1.57
2015.09.10 06:03:13.911,1.59804,1.59822,1.00,1.82
2015.09.10 06:03:14.419,1.59804,1.59823,1.00,1.82
2015.09.10 06:03:14.725,1.59808,1.59826,1.00,1.82
2015.09.10 06:03:15.269,1.59807,1.59827,1.00,1.27
2015.09.10 06:03:15.826,1.59807,1.59828,1.00,2.20
2015.09.10 06:03:16.860,1.59807,1.59827,1.00,2.02
2015.09.10 06:03:17.166,1.59804,1.59821,1.00,1.37
2015.09.10 06:03:17.472,1.59807,1.59824,1.00,1.12
2015.09.10 06:03:17.739,1.59808,1.59827,1.00,2.25
2015.09.10 06:03:17.894,1.59808,1.59828,1.00,1.12
2015.09.10 06:03:18.655,1.59811,1.59832,1.00,1.20
2015.09.10 06:03:19.039,1.5981,1.59836,1.17,1.50
2015.09.10 06:03:19.243,1.59812,1.59837,1.55,1.12
2015.09.10 06:03:19.346,1.59813,1.59839,1.20,1.45
2015.09.10 06:03:19.448,1.59814,1.5984,1.20,1.20
2015.09.10 06:03:19.805,1.59819,1.59841,1.00,1.50
2015.09.10 06:03:20.054,1.59819,1.59842,1.10,1.10
2015.09.10 06:03:20.105,1.59822,1.59844,1.00,1.57
2015.09.10 06:03:20.461,1.59819,1.59844,2.32,1.57
2015.09.10 06:03:20.969,1.59819,1.59843,1.00,1.45
2015.09.10 06:03:21.525,1.59819,1.59846,1.10,1.12
2015.09.10 06:03:21.576,1.59822,1.59846,1.12,1.12
2015.09.10 06:03:21.882,1.59825,1.59847,1.00,1.07
2015.09.10 06:03:22.881,1.59826,1.59849,1.00,1.12
2015.09.10 06:03:23.492,1.59826,1.5985,1.00,1.57
2015.09.10 06:03:25.229,1.59827,1.5985,1.00,1.95
2015.09.10 06:03:25.281,1.59829,1.5985,1.00,1.45
2015.09.10 06:03:25.486,1.59829,1.59852,1.00,1.82
2015.09.10 06:03:25.639,1.59835,1.59853,1.00,1.87
2015.09.10 06:03:26.166,1.59835,1.59853,1.00,1.07
2015.09.10 06:03:27.927,1.59836,1.59853,1.00,1.07
2015.09.10 06:03:28.030,1.59836,1.59856,1.00,1.20
2015.09.10 06:03:28.285,1.59839,1.59857,1.00,1.50
2015.09.10 06:03:28.336,1.59839,1.5986,1.00,1.20
2015.09.10 06:03:28.388,1.59839,1.59861,1.00,1.50
2015.09.10 06:03:28.590,1.59851,1.59861,1.00,1.50
2015.09.10 06:03:28.692,1.59851,1.59868,1.00,1.50
2015.09.10 06:03:28.795,1.59852,1.5987,1.00,1.12
2015.09.10 06:03:28.847,1.59854,1.5987,1.00,1.12
2015.09.10 06:03:28.899,1.59854,1.59875,1.00,1.87
2015.09.10 06:03:29.002,1.59854,1.59876,1.00,1.95
2015.09.10 06:03:29.104,1.59854,1.59874,1.00,1.20
2015.09.10 06:03:29.155,1.59851,1.59873,1.00,1.95
2015.09.10 06:03:29.309,1.5985,1.59871,1.00,1.07
2015.09.10 06:03:29.648,1.59848,1.59868,1.00,1.87
2015.09.10 06:03:30.159,1.59848,1.59867,1.00,1.50
2015.09.10 06:03:30.362,1.59839,1.59867,3.07,1.50
2015.09.10 06:03:30.816,1.59839,1.59867,2.32,2.62
2015.09.10 06:03:30.969,1.5984,1.59864,1.10,1.57
2015.09.10 06:03:31.276,1.59837,1.59856,1.57,1.12
2015.09.10 06:03:31.328,1.59837,1.59854,1.00,1.95
2015.09.10 06:03:31.431,1.59837,1.59851,1.00,1.12
2015.09.10 06:03:31.482,1.59824,1.59849,1.87,1.37
2015.09.10 06:03:31.533,1.59824,1.59849,1.10,2.25
2015.09.10 06:03:31.738,1.59824,1.59846,1.00,1.20
2015.09.10 06:03:31.983,1.59821,1.59846,1.00,1.20
2015.09.10 06:03:32.421,1.59823,1.59846,1.00,1.57
2015.09.10 06:03:33.440,1.59823,1.59846,1.00,1.27
2015.09.10 06:03:33.948,1.5982,1.59846,2.25,1.20
2015.09.10 06:03:35.149,1.59821,1.59846,1.10,2.25
2015.09.10 06:03:35.630,1.59822,1.59846,1.87,1.87
2015.09.10 06:03:35.732,1.59822,1.59846,2.02,1.20
2015.09.10 06:03:36.560,1.59822,1.59846,1.20,1.20
2015.09.10 06:03:37.231,1.59819,1.59845,1.75,1.00
2015.09.10 06:03:37.438,1.59818,1.59845,1.12,1.57
2015.09.10 06:03:37.489,1.59817,1.59845,2.25,1.65
2015.09.10 06:03:37.770,1.59813,1.59838,1.87,1.00
2015.09.10 06:03:38.278,1.59813,1.59839,1.07,1.07
2015.09.10 06:03:39.294,1.59813,1.59839,1.45,1.07
2015.09.10 06:03:39.345,1.59814,1.59842,1.12,1.12
2015.09.10 06:03:39.447,1.59817,1.59843,1.52,1.65
2015.09.10 06:03:39.600,1.59817,1.59842,1.15,1.95
2015.09.10 06:03:39.905,1.59809,1.59831,1.00,1.37
2015.09.10 06:03:39.956,1.59806,1.59831,1.00,1.37
2015.09.10 06:03:40.008,1.59806,1.5983,1.00,1.12
2015.09.10 06:03:40.384,1.59808,1.5983,1.00,1.12
2015.09.10 06:03:40.486,1.59808,1.59831,1.20,1.50
2015.09.10 06:03:41.001,1.59807,1.59835,2.62,1.55
2015.09.10 06:03:41.935,1.59808,1.59835,1.20,1.27
2015.09.10 06:03:42.383,1.59808,1.59835,1.20,1.92
2015.09.10 06:03:42.637,1.59803,1.5983,2.25,1.95
2015.09.10 06:03:42.689,1.59803,1.5983,2.25,1.65
2015.09.10 06:03:42.892,1.59806,1.5983,1.50,1.00
2015.09.10 06:03:44.062,1.59806,1.59833,1.50,2.02
2015.09.10 06:03:44.419,1.59811,1.59835,1.20,1.50
2015.09.10 06:03:44.471,1.59811,1.59835,1.57,1.50
2015.09.10 06:03:44.783,1.59827,1.59845,1.00,1.00
2015.09.10 06:03:44.835,1.59823,1.59849,1.52,1.50
2015.09.10 06:03:44.886,1.59823,1.59849,1.52,1.50
2015.09.10 06:03:44.937,1.59824,1.59851,1.55,1.50
2015.09.10 06:03:44.988,1.59828,1.59852,1.00,1.12
2015.09.10 06:03:45.039,1.59826,1.59852,1.87,1.12
2015.09.10 06:03:45.345,1.5983,1.59843,2.20,1.00
2015.09.10 06:03:46.481,1.59832,1.59844,1.27,1.00
2015.09.10 06:03:46.532,1.59832,1.59844,1.95,1.00
2015.09.10 06:03:46.939,1.59837,1.59847,1.37,1.00
2015.09.10 06:03:46.990,1.59837,1.59851,1.12,1.00
2015.09.10 06:03:47.197,1.5984,1.59851,1.12,1.00
2015.09.10 06:03:47.350,1.59842,1.59855,1.12,1.00
2015.09.10 06:03:47.452,1.59843,1.59855,1.20,1.00
2015.09.10 06:03:47.504,1.59844,1.59857,1.20,1.00
2015.09.10 06:03:47.657,1.5985,1.5986,1.00,1.00
2015.09.10 06:03:47.810,1.5985,1.5986,1.50,1.00
2015.09.10 06:03:48.250,1.59844,1.59859,1.20,1.00
2015.09.10 06:03:48.303,1.59844,1.59853,1.07,1.00
2015.09.10 06:03:48.354,1.59841,1.59853,1.50,1.00
2015.09.10 06:03:48.507,1.59839,1.59849,1.50,1.00
2015.09.10 06:03:49.569,1.59839,1.59848,1.12,1.00
2015.09.10 06:03:49.976,1.59839,1.59846,1.12,1.00
2015.09.10 06:03:50.284,1.59837,1.59845,1.12,1.00
2015.09.10 06:03:50.335,1.59836,1.59843,1.50,1.00
2015.09.10 06:03:50.387,1.59836,1.59842,1.45,1.00
2015.09.10 06:03:50.694,1.59831,1.5984,1.20,1.00
2015.09.10 06:03:51.391,1.59831,1.59842,1.20,1.00
2015.09.10 06:03:51.443,1.59833,1.59842,1.20,1.00
2015.09.10 06:03:51.646,1.59835,1.59845,1.20,1.00
2015.09.10 06:03:52.001,1.59833,1.59842,1.95,1.00
2015.09.10 06:03:52.205,1.59822,1.59833,1.95,1.00
2015.09.10 06:03:52.308,1.5982,1.5983,1.57,1.00
2015.09.10 06:03:52.360,1.5982,1.5983,1.20,1.00
2015.09.10 06:03:53.980,1.59822,1.5983,1.00,1.00
2015.09.10 06:03:54.597,1.59823,1.5983,1.00,1.00
2015.09.10 06:03:54.919,1.59825,1.5983,1.00,1.00
2015.09.10 06:03:57.340,1.59825,1.59831,1.00,1.00
2015.09.10 06:03:59.179,1.59822,1.59832,1.95,1.00
2015.09.10 06:04:00.448,1.59822,1.5983,1.37,1.00
2015.09.10 06:04:00.885,1.5982,1.59826,1.00,1.00
2015.09.10 06:04:01.609,1.59819,1.59826,1.10,1.00
2015.09.10 06:04:02.323,1.59818,1.59826,1.00,1.00
2015.09.10 06:04:02.374,1.59818,1.59825,1.00,1.00
2015.09.10 06:04:02.731,1.59814,1.59822,1.12,1.00
2015.09.10 06:04:02.935,1.59812,1.59819,1.00,1.00
2015.09.10 06:04:03.240,1.59807,1.59815,1.47,1.00
2015.09.10 06:04:03.480,1.59804,1.59812,1.50,1.00
2015.09.10 06:04:03.532,1.59804,1.59811,1.12,1.00
2015.09.10 06:04:03.634,1.59803,1.59808,1.00,1.00
2015.09.10 06:04:03.736,1.59799,1.59807,1.50,1.00
2015.09.10 06:04:03.839,1.59801,1.59807,1.00,1.00
2015.09.10 06:04:05.215,1.59799,1.59806,1.50,1.00
2015.09.10 06:04:05.317,1.59799,1.59805,1.00,1.00
2015.09.10 06:04:05.825,1.59798,1.59804,1.00,1.00
2015.09.10 06:04:06.092,1.598,1.59804,1.00,1.00
2015.09.10 06:04:07.057,1.59802,1.59806,1.00,1.00
2015.09.10 06:04:08.065,1.59802,1.59806,1.00,1.00
2015.09.10 06:04:08.269,1.598,1.59806,1.50,1.00
2015.09.10 06:04:08.371,1.59802,1.59806,1.00,1.00
2015.09.10 06:04:08.524,1.59797,1.59802,1.50,1.00
2015.09.10 06:04:08.756,1.59794,1.598,1.00,1.00
2015.09.10 06:04:08.808,1.59793,1.59797,1.00,1.00
2015.09.10 06:04:08.910,1.5979,1.59797,1.00,1.00
2015.09.10 06:04:09.422,1.59789,1.59797,1.00,1.00
2015.09.10 06:04:10.052,1.59789,1.59795,1.00,1.00
2015.09.10 06:04:10.375,1.59787,1.59806,1.00,1.20
2015.09.10 06:04:10.884,1.59786,1.59806,1.50,1.10
2015.09.10 06:04:11.138,1.59783,1.59806,1.00,1.10
2015.09.10 06:04:11.240,1.59779,1.59806,1.95,1.20
2015.09.10 06:04:11.571,1.59778,1.59799,1.12,1.00
2015.09.10 06:04:11.825,1.59773,1.598,1.12,1.12
2015.09.10 06:04:11.979,1.59773,1.59799,1.00,1.12
2015.09.10 06:04:12.030,1.59773,1.59796,1.00,1.12
2015.09.10 06:04:12.690,1.59772,1.59795,1.50,1.45
2015.09.10 06:04:13.237,1.59773,1.59795,1.00,1.45
2015.09.10 06:04:13.339,1.59773,1.59797,1.00,1.57
2015.09.10 06:04:13.855,1.59774,1.59797,1.00,1.20
2015.09.10 06:04:14.394,1.59775,1.59798,1.00,1.50
2015.09.10 06:04:14.447,1.59775,1.59796,1.00,1.45
2015.09.10 06:04:16.500,1.59777,1.59797,1.00,1.50
2015.09.10 06:04:16.655,1.59776,1.59798,1.00,1.20
2015.09.10 06:04:17.132,1.59777,1.59793,1.00,1.37
2015.09.10 06:04:17.185,1.59768,1.59793,1.10,1.12
2015.09.10 06:04:17.237,1.59775,1.59787,1.00,1.00
2015.09.10 06:04:17.441,1.59775,1.59794,1.00,2.25
2015.09.10 06:04:17.543,1.59774,1.59794,1.00,1.10
2015.09.10 06:04:17.645,1.59772,1.59794,1.00,1.37
2015.09.10 06:04:17.696,1.59772,1.59794,1.00,1.12
2015.09.10 06:04:18.201,1.59773,1.59792,1.00,1.92
2015.09.10 06:04:18.509,1.59772,1.59791,1.00,1.20
2015.09.10 06:04:18.560,1.59769,1.59791,1.00,1.95
2015.09.10 06:04:18.915,1.59769,1.59789,1.00,1.37
2015.09.10 06:04:21.922,1.59769,1.59789,1.00,1.00
2015.09.10 06:04:22.578,1.59768,1.59786,1.00,1.47
2015.09.10 06:04:22.683,1.59765,1.59787,1.50,1.45
2015.09.10 06:04:22.837,1.59765,1.59787,1.50,1.45
2015.09.10 06:04:23.041,1.59768,1.59787,1.00,1.20
2015.09.10 06:04:23.143,1.59765,1.59787,1.12,1.20
2015.09.10 06:04:23.194,1.59774,1.5979,1.00,1.75
2015.09.10 06:04:23.246,1.59774,1.59794,1.00,1.07
2015.09.10 06:04:23.348,1.59776,1.59794,1.00,1.17
2015.09.10 06:04:24.282,1.59776,1.59796,1.00,1.87
2015.09.10 06:04:24.588,1.59778,1.59795,1.00,1.20
2015.09.10 06:04:25.344,1.59777,1.59796,1.00,1.27
2015.09.10 06:04:26.613,1.59777,1.59796,1.00,1.17
2015.09.10 06:04:27.156,1.59777,1.59796,1.00,1.10
2015.09.10 06:04:27.663,1.59778,1.59796,1.00,1.10
2015.09.10 06:04:28.020,1.59779,1.59798,1.00,1.20
2015.09.10 06:04:30.191,1.59781,1.59801,1.12,1.12
2015.09.10 06:04:30.496,1.59784,1.59804,1.00,1.12
2015.09.10 06:04:30.804,1.59784,1.59804,1.50,1.12
2015.09.10 06:04:30.957,1.59785,1.59808,3.00,1.27
2015.09.10 06:04:31.008,1.59788,1.5981,2.25,1.75
2015.09.10 06:04:31.262,1.59794,1.59819,1.00,2.25
2015.09.10 06:04:31.314,1.59794,1.59819,1.50,1.75
2015.09.10 06:04:31.510,1.59794,1.59819,1.00,1.75
2015.09.10 06:04:31.562,1.59796,1.59813,1.00,1.12
2015.09.10 06:04:31.613,1.59796,1.59816,1.00,1.75
2015.09.10 06:04:32.671,1.59795,1.59816,1.00,1.75
2015.09.10 06:04:32.964,1.59801,1.59816,1.00,1.12
2015.09.10 06:04:33.017,1.598,1.59819,1.12,1.12
2015.09.10 06:04:33.068,1.598,1.59819,1.37,1.12
2015.09.10 06:04:33.272,1.59805,1.59824,1.50,1.75
2015.09.10 06:04:33.476,1.59807,1.59824,1.00,1.75
2015.09.10 06:04:33.578,1.59804,1.59824,1.00,1.75
2015.09.10 06:04:33.629,1.59804,1.59824,1.37,1.75
2015.09.10 06:04:33.934,1.59808,1.59826,1.00,1.12
2015.09.10 06:04:34.322,1.59808,1.59826,1.37,1.12
2015.09.10 06:04:34.373,1.59812,1.5983,1.00,1.12
2015.09.10 06:04:34.476,1.59817,1.59834,1.00,1.75
2015.09.10 06:04:34.579,1.59816,1.59838,1.00,1.12
2015.09.10 06:04:34.631,1.5982,1.59838,1.00,1.12
2015.09.10 06:04:34.785,1.59824,1.59845,1.00,1.12
2015.09.10 06:04:35.283,1.59825,1.59847,1.00,1.75
2015.09.10 06:04:35.487,1.59828,1.59848,1.50,1.12
2015.09.10 06:04:35.589,1.59828,1.59851,1.37,1.12
2015.09.10 06:04:35.691,1.59833,1.59852,1.00,1.12
2015.09.10 06:04:35.996,1.59835,1.59852,1.00,1.12
2015.09.10 06:04:36.517,1.59834,1.59852,1.00,1.12
2015.09.10 06:04:37.530,1.59834,1.59854,1.00,1.45
2015.09.10 06:04:38.266,1.59833,1.59855,2.62,1.75
2015.09.10 06:04:38.317,1.59837,1.59857,1.37,1.12
2015.09.10 06:04:38.419,1.59838,1.5986,1.37,1.12
2015.09.10 06:04:38.522,1.59842,1.5986,1.00,1.12
2015.09.10 06:04:38.624,1.59843,1.59861,1.00,1.12
2015.09.10 06:04:38.777,1.59843,1.59863,1.00,1.75
2015.09.10 06:04:39.049,1.59845,1.59863,1.00,1.75
2015.09.10 06:04:39.101,1.59839,1.59863,1.12,1.75
2015.09.10 06:04:39.203,1.59835,1.59863,3.75,1.75
2015.09.10 06:04:39.508,1.59839,1.59862,1.00,1.12
2015.09.10 06:04:39.813,1.59839,1.5986,1.00,1.12
2015.09.10 06:04:41.453,1.59833,1.5986,1.47,1.50
2015.09.10 06:04:41.505,1.59833,1.59856,1.00,1.75
2015.09.10 06:04:41.922,1.59831,1.59855,1.87,1.12
2015.09.10 06:04:42.026,1.59831,1.59853,1.12,1.12
2015.09.10 06:04:42.562,1.59829,1.59853,1.10,1.12
2015.09.10 06:04:42.614,1.5983,1.59851,1.00,1.12
2015.09.10 06:04:42.919,1.5983,1.59854,1.00,1.12
2015.09.10 06:04:43.456,1.59829,1.59856,1.07,1.87
2015.09.10 06:04:47.678,1.59828,1.59857,1.45,2.25
2015.09.10 06:04:48.208,1.59829,1.59857,1.50,1.57
2015.09.10 06:04:48.512,1.59833,1.59859,1.75,1.12
2015.09.10 06:04:48.801,1.5984,1.59867,1.12,1.20
2015.09.10 06:04:49.106,1.59844,1.59867,1.00,1.20
2015.09.10 06:04:52.170,1.59842,1.59867,1.20,1.20
2015.09.10 06:04:52.974,1.59843,1.59867,1.00,1.20
2015.09.10 06:04:53.687,1.59842,1.5987,1.57,1.20
2015.09.10 06:04:56.338,1.59842,1.59872,1.95,1.87
2015.09.10 06:04:56.491,1.59844,1.59873,1.87,3.37
2015.09.10 06:04:56.593,1.59848,1.59875,1.27,1.92
2015.09.10 06:04:56.695,1.59848,1.59875,2.62,1.95
2015.09.10 06:04:57.031,1.59859,1.59881,1.00,1.17
2015.09.10 06:04:57.589,1.5986,1.59881,1.00,1.17
2015.09.10 06:04:58.112,1.59858,1.59881,1.00,1.17
2015.09.10 06:04:58.367,1.59856,1.59881,1.10,1.17
2015.09.10 06:04:59.092,1.59856,1.59881,1.00,2.62
2015.09.10 06:04:59.572,1.59856,1.59881,1.07,1.95
2015.09.10 06:05:01.332,1.59858,1.59881,1.00,1.57
2015.09.10 06:05:01.434,1.59856,1.59881,1.00,2.25
2015.09.10 06:05:01.669,1.59854,1.59879,1.00,1.45
2015.09.10 06:05:01.721,1.59854,1.59879,1.00,1.50
2015.09.10 06:05:01.987,1.59852,1.59877,1.50,1.87
2015.09.10 06:05:02.090,1.59852,1.59873,1.00,1.75
2015.09.10 06:05:02.192,1.59846,1.5987,1.00,1.12
2015.09.10 06:05:02.699,1.59844,1.5987,1.50,1.12
2015.09.10 06:05:05.028,1.59843,1.59869,1.12,1.87
2015.09.10 06:05:05.080,1.59843,1.59869,1.00,1.87
2015.09.10 06:05:05.641,1.59842,1.59869,1.75,1.75
2015.09.10 06:05:06.325,1.59843,1.59869,1.12,1.75
2015.09.10 06:05:06.377,1.59843,1.59868,1.47,1.07
2015.09.10 06:05:06.791,1.59841,1.59868,1.20,1.57
2015.09.10 06:05:06.893,1.59839,1.59865,1.20,1.50
2015.09.10 06:05:07.046,1.59839,1.59862,1.00,1.12
2015.09.10 06:05:07.250,1.59837,1.59861,1.00,1.12
2015.09.10 06:05:07.551,1.59835,1.59859,1.37,1.12
2015.09.10 06:05:07.704,1.59836,1.59862,1.00,1.75
2015.09.10 06:05:08.118,1.5984,1.59863,1.00,1.12
2015.09.10 06:05:08.220,1.5984,1.59865,1.50,1.87
2015.09.10 06:05:08.373,1.5984,1.59865,1.57,1.20
2015.09.10 06:05:08.626,1.59842,1.59865,1.00,1.10
2015.09.10 06:05:09.390,1.59841,1.59869,1.27,2.25
2015.09.10 06:05:09.950,1.59839,1.59864,1.12,1.12
2015.09.10 06:05:10.382,1.59838,1.59864,1.50,1.47
2015.09.10 06:05:10.889,1.59837,1.59862,1.12,1.47
2015.09.10 06:05:10.992,1.59836,1.59862,1.57,1.57
2015.09.10 06:05:13.430,1.59837,1.59864,1.57,1.12
2015.09.10 06:05:13.532,1.59843,1.59869,2.25,1.47
2015.09.10 06:05:13.584,1.59845,1.59871,1.17,1.95
2015.09.10 06:05:13.635,1.59847,1.59871,1.12,1.50
2015.09.10 06:05:14.089,1.59849,1.59871,1.75,1.00
2015.09.10 06:05:15.543,1.59847,1.59871,1.57,1.00
2015.09.10 06:05:16.207,1.59846,1.59871,1.87,1.37
2015.09.10 06:05:16.258,1.59845,1.59871,1.75,1.37
2015.09.10 06:05:16.360,1.59845,1.59865,1.75,1.00
2015.09.10 06:05:16.514,1.59844,1.59866,1.45,1.37
2015.09.10 06:05:16.566,1.59844,1.59863,1.45,1.00
2015.09.10 06:05:16.617,1.59842,1.59863,1.12,1.00
2015.09.10 06:05:16.865,1.59837,1.59863,1.12,1.00
2015.09.10 06:05:18.072,1.59838,1.59863,1.17,2.32
2015.09.10 06:05:18.381,1.59835,1.59855,1.12,1.00
2015.09.10 06:05:18.483,1.59832,1.59855,1.50,1.00
2015.09.10 06:05:18.585,1.59831,1.59857,1.50,1.17
2015.09.10 06:05:19.318,1.59833,1.59859,1.20,1.07
2015.09.10 06:05:19.369,1.59833,1.59861,1.95,1.45
2015.09.10 06:05:19.472,1.59835,1.59864,2.25,2.25
2015.09.10 06:05:21.218,1.59837,1.59863,1.12,1.00
2015.09.10 06:05:21.523,1.59839,1.59864,1.12,1.00
2015.09.10 06:05:22.028,1.59839,1.59865,1.50,1.10
2015.09.10 06:05:22.556,1.59841,1.59864,1.12,1.00
2015.09.10 06:05:22.658,1.59841,1.59867,1.12,1.50
2015.09.10 06:05:22.761,1.59843,1.59867,1.12,1.50
2015.09.10 06:05:23.070,1.5984,1.59867,1.50,1.00
2015.09.10 06:05:24.492,1.5984,1.59868,1.20,1.20
2015.09.10 06:05:24.644,1.59843,1.59868,1.07,1.07
2015.09.10 06:05:25.338,1.59841,1.59868,1.50,1.20
2015.09.10 06:05:25.491,1.5984,1.59866,1.87,1.00
2015.09.10 06:05:25.791,1.59841,1.59871,3.00,1.75
2015.09.10 06:05:25.842,1.59846,1.59871,1.12,1.00
2015.09.10 06:05:26.715,1.59849,1.59874,1.12,1.85
2015.09.10 06:05:26.817,1.5985,1.59876,1.10,1.20
2015.09.10 06:05:26.869,1.5985,1.59877,1.47,1.87
2015.09.10 06:05:27.111,1.59852,1.5988,1.75,1.12
2015.09.10 06:05:27.163,1.59852,1.59881,2.40,2.25
2015.09.10 06:05:27.368,1.5985,1.59879,2.70,1.12
2015.09.10 06:05:27.673,1.59848,1.59876,1.12,1.57
2015.09.10 06:05:27.725,1.59847,1.59876,1.57,1.95
2015.09.10 06:05:28.235,1.59846,1.59875,1.87,1.20
2015.09.10 06:05:28.591,1.59845,1.59872,1.07,1.45
2015.09.10 06:05:28.796,1.59844,1.59868,1.20,1.00
2015.09.10 06:05:29.000,1.59841,1.59868,1.12,2.25
2015.09.10 06:05:29.531,1.5984,1.59868,1.50,1.95
2015.09.10 06:05:30.881,1.59839,1.59866,2.02,1.45
2015.09.10 06:05:31.187,1.59837,1.59863,1.55,1.47
2015.09.10 06:05:31.493,1.59839,1.59862,1.00,1.20
2015.09.10 06:05:32.787,1.59835,1.59859,1.20,1.00
2015.09.10 06:05:32.889,1.59835,1.59859,1.10,1.45
2015.09.10 06:05:33.245,1.59838,1.59859,1.00,1.45
2015.09.10 06:05:33.880,1.59832,1.59854,1.27,1.00
2015.09.10 06:05:34.393,1.59832,1.59853,1.12,1.00
2015.09.10 06:05:36.880,1.59832,1.59854,1.12,1.10
2015.09.10 06:05:37.205,1.59834,1.59853,1.87,1.00
2015.09.10 06:05:37.409,1.59838,1.59862,1.00,1.50
2015.09.10 06:05:37.460,1.59838,1.59863,1.87,1.12
2015.09.10 06:05:37.614,1.59845,1.59868,1.12,1.07
2015.09.10 06:05:37.716,1.59845,1.59872,1.50,1.87
2015.09.10 06:05:37.818,1.59846,1.59873,1.27,1.82
2015.09.10 06:05:37.869,1.5985,1.59873,1.00,1.82
2015.09.10 06:05:38.174,1.59855,1.59871,2.25,1.00
2015.09.10 06:05:38.382,1.59859,1.59886,1.50,1.57
2015.09.10 06:05:39.014,1.59859,1.59887,1.12,1.07
2015.09.10 06:05:39.065,1.59859,1.59889,1.12,2.32
2015.09.10 06:05:39.116,1.59859,1.59889,1.87,2.32
2015.09.10 06:05:40.674,1.59864,1.59889,1.87,1.20
2015.09.10 06:05:41.012,1.59865,1.59892,1.95,2.25
2015.09.10 06:05:41.769,1.59866,1.59893,1.20,1.20
2015.09.10 06:05:42.927,1.59868,1.59894,1.20,2.02
2015.09.10 06:05:43.130,1.59866,1.59894,1.20,2.32
2015.09.10 06:05:43.629,1.59866,1.59891,1.20,1.00
2015.09.10 06:05:45.004,1.59866,1.59894,1.95,1.95
2015.09.10 06:05:46.076,1.59866,1.59894,1.95,1.95
2015.09.10 06:05:46.279,1.59866,1.59892,1.57,1.95
2015.09.10 06:05:46.805,1.59864,1.59891,1.95,1.82
2015.09.10 06:05:48.522,1.59863,1.59891,1.52,2.20
2015.09.10 06:05:49.369,1.59862,1.59891,2.20,2.20
2015.09.10 06:05:49.876,1.59861,1.59889,1.87,1.65
2015.09.10 06:05:50.184,1.59861,1.59887,1.87,1.87
2015.09.10 06:05:50.287,1.59859,1.59884,1.50,1.50
2015.09.10 06:05:50.389,1.59858,1.59884,1.50,1.65
2015.09.10 06:05:50.496,1.59856,1.59884,1.50,2.25
2015.09.10 06:05:50.750,1.59856,1.59881,1.12,1.47
2015.09.10 06:05:51.059,1.59859,1.59884,1.07,1.45
2015.09.10 06:05:51.339,1.59862,1.59891,1.50,1.20
2015.09.10 06:05:51.697,1.59865,1.59893,1.45,1.50
2015.09.10 06:05:53.102,1.59865,1.59893,1.50,1.87
2015.09.10 06:05:53.640,1.59868,1.59893,1.07,1.07
2015.09.10 06:05:53.945,1.59866,1.59893,1.20,1.82
2015.09.10 06:05:54.911,1.59866,1.59894,3.07,1.95
2015.09.10 06:05:54.962,1.59868,1.59894,1.45,1.07
2015.09.10 06:05:55.075,1.59869,1.59897,1.12,2.25
2015.09.10 06:05:55.764,1.59869,1.59897,1.12,2.25
2015.09.10 06:05:56.071,1.59867,1.59895,1.95,1.27
2015.09.10 06:05:58.883,1.59867,1.59896,2.32,1.95
2015.09.10 06:05:59.189,1.59879,1.59909,2.62,1.87
2015.09.10 06:05:59.241,1.5988,1.59909,1.12,1.50
2015.09.10 06:05:59.548,1.59886,1.59909,1.50,1.00
2015.09.10 06:05:59.802,1.59887,1.59916,2.62,1.87
2015.09.10 06:06:00.142,1.5989,1.59915,1.37,1.87
2015.09.10 06:06:00.811,1.59889,1.59915,1.12,1.87
2015.09.10 06:06:01.628,1.59884,1.59909,1.45,2.25
2015.09.10 06:06:01.681,1.5988,1.599,1.00,1.87
2015.09.10 06:06:01.835,1.59878,1.599,1.00,1.95
2015.09.10 06:06:02.038,1.59878,1.599,1.00,3.00
2015.09.10 06:06:04.129,1.59878,1.599,1.00,3.25
2015.09.10 06:06:05.426,1.59877,1.599,1.00,2.99
2015.09.10 06:06:05.871,1.59871,1.599,1.00,3.74
2015.09.10 06:06:06.126,1.59868,1.59894,1.57,1.50
2015.09.10 06:06:08.028,1.59869,1.59892,1.37,1.45
2015.09.10 06:06:10.852,1.59871,1.59893,1.37,1.12
2015.09.10 06:06:10.955,1.59871,1.59892,1.00,1.12
2015.09.10 06:06:11.006,1.59867,1.59892,1.12,1.12
2015.09.10 06:06:11.470,1.59863,1.59891,1.57,1.20
2015.09.10 06:06:11.572,1.59863,1.59891,1.57,1.95
2015.09.10 06:06:12.092,1.59863,1.59888,1.37,1.12
2015.09.10 06:06:12.600,1.5986,1.59886,1.27,1.55
2015.09.10 06:06:12.840,1.5986,1.59886,1.27,1.55
2015.09.10 06:06:13.045,1.5986,1.59884,1.12,1.12
2015.09.10 06:06:14.238,1.59855,1.59882,1.65,2.32
2015.09.10 06:06:14.442,1.59853,1.59879,1.92,1.57
2015.09.10 06:06:14.494,1.59852,1.59878,1.20,1.37
2015.09.10 06:06:14.545,1.59851,1.59878,2.25,1.37
2015.09.10 06:06:14.596,1.59851,1.59874,1.50,1.87
2015.09.10 06:06:14.698,1.59846,1.5987,1.50,1.00
2015.09.10 06:06:14.851,1.59846,1.59871,2.25,1.47
2015.09.10 06:06:14.902,1.59839,1.59867,2.25,1.85
2015.09.10 06:06:15.207,1.59836,1.59864,1.57,1.87
2015.09.10 06:06:15.487,1.59835,1.59863,1.95,2.32
2015.09.10 06:06:15.538,1.59835,1.59863,1.47,3.00
2015.09.10 06:06:16.046,1.59837,1.5986,1.12,1.45
2015.09.10 06:06:16.147,1.59837,1.5986,1.50,1.45
2015.09.10 06:06:16.351,1.59839,1.59863,1.37,1.95
2015.09.10 06:06:16.554,1.59839,1.59863,1.57,1.65
2015.09.10 06:06:16.879,1.59838,1.5986,1.47,1.47
2015.09.10 06:06:17.389,1.59838,1.59859,1.47,1.87
2015.09.10 06:06:17.440,1.59838,1.59859,1.20,1.87
2015.09.10 06:06:17.948,1.59836,1.59857,1.57,1.12
2015.09.10 06:06:18.206,1.59836,1.59862,1.57,3.07
2015.09.10 06:06:18.741,1.59836,1.59858,1.57,1.00
2015.09.10 06:06:19.286,1.59837,1.59858,1.27,1.00
2015.09.10 06:06:19.826,1.59836,1.59858,1.12,1.00
2015.09.10 06:06:20.562,1.59836,1.59858,1.50,1.00
2015.09.10 06:06:20.816,1.59837,1.59858,1.20,1.00
2015.09.10 06:06:21.172,1.59837,1.5986,1.07,1.57
2015.09.10 06:06:21.275,1.59837,1.59857,1.07,1.12
2015.09.10 06:06:21.850,1.59836,1.59857,1.47,1.12
2015.09.10 06:06:22.357,1.59836,1.5986,1.47,1.87
2015.09.10 06:06:22.611,1.5984,1.59863,1.00,1.87
2015.09.10 06:06:22.874,1.5984,1.59862,1.00,1.50
2015.09.10 06:06:23.408,1.59839,1.59862,1.00,1.50
2015.09.10 06:06:24.030,1.59839,1.59861,1.00,1.07
2015.09.10 06:06:24.455,1.59841,1.59861,1.00,1.07
2015.09.10 06:06:24.762,1.59845,1.59864,1.00,1.12
2015.09.10 06:06:24.814,1.59848,1.59869,1.00,1.87
2015.09.10 06:06:24.916,1.5985,1.59866,1.00,1.75
2015.09.10 06:06:25.273,1.59847,1.59867,1.00,1.12
2015.09.10 06:06:25.661,1.59847,1.59863,1.00,1.12
2015.09.10 06:06:27.181,1.59846,1.59863,1.00,1.12
2015.09.10 06:06:27.486,1.59835,1.59842,1.12,1.00
2015.09.10 06:06:27.538,1.59829,1.59838,1.50,1.00
2015.09.10 06:06:27.640,1.59829,1.59835,1.00,1.00
2015.09.10 06:06:27.895,1.59828,1.59833,1.00,1.00
2015.09.10 06:06:28.099,1.5982,1.59827,1.00,1.00
2015.09.10 06:06:28.390,1.59815,1.59826,1.87,1.00
2015.09.10 06:06:28.442,1.59815,1.59823,1.87,1.00
2015.09.10 06:06:28.646,1.59815,1.59825,1.45,1.00
2015.09.10 06:06:28.748,1.59814,1.59825,1.50,1.00
2015.09.10 06:06:29.053,1.59815,1.59822,1.95,1.00
2015.09.10 06:06:29.358,1.59813,1.59821,1.47,1.00
2015.09.10 06:06:29.412,1.59812,1.59819,1.65,1.00
2015.09.10 06:06:29.739,1.59815,1.59819,1.00,1.00
2015.09.10 06:06:29.892,1.59806,1.59813,1.20,1.00
2015.09.10 06:06:29.995,1.598,1.59809,1.82,1.00
2015.09.10 06:06:30.099,1.59799,1.59807,1.75,1.00
2015.09.10 06:06:30.455,1.59798,1.59815,2.25,1.00
2015.09.10 06:06:30.507,1.59802,1.59819,1.00,1.87
2015.09.10 06:06:30.558,1.59803,1.59819,1.37,1.87
2015.09.10 06:06:30.956,1.59815,1.59827,1.12,1.00
2015.09.10 06:06:31.265,1.59819,1.59827,1.47,1.00
2015.09.10 06:06:31.724,1.59819,1.59827,1.20,1.00
2015.09.10 06:06:32.572,1.59818,1.5983,1.45,1.00
2015.09.10 06:06:32.623,1.59818,1.59832,1.45,1.00
2015.09.10 06:06:32.676,1.59826,1.59832,1.00,1.00
2015.09.10 06:06:32.829,1.59829,1.59843,1.07,1.00
2015.09.10 06:06:32.882,1.59829,1.59843,1.20,1.00
2015.09.10 06:06:32.933,1.59834,1.59846,1.37,1.00
2015.09.10 06:06:32.984,1.59834,1.59846,1.37,1.00
2015.09.10 06:06:33.239,1.59841,1.59853,1.50,1.00
2015.09.10 06:06:33.391,1.59845,1.59853,1.20,1.00
2015.09.10 06:06:33.443,1.59845,1.59856,1.20,1.00
2015.09.10 06:06:33.494,1.59847,1.59856,1.37,1.00
2015.09.10 06:06:33.799,1.59849,1.59854,1.20,1.00
2015.09.10 06:06:33.954,1.59847,1.59853,1.87,1.00
2015.09.10 06:06:34.005,1.59847,1.59852,1.50,1.00
2015.09.10 06:06:34.222,1.59844,1.59849,1.10,1.00
2015.09.10 06:06:34.275,1.59841,1.59847,1.12,1.00
2015.09.10 06:06:34.378,1.59838,1.59845,1.10,1.00
2015.09.10 06:06:34.838,1.59837,1.59847,1.50,1.00
2015.09.10 06:06:34.940,1.59841,1.59848,1.12,1.00
2015.09.10 06:06:35.481,1.59841,1.5985,1.87,1.00
2015.09.10 06:06:37.118,1.59841,1.59848,1.12,1.00
2015.09.10 06:06:37.423,1.59841,1.59848,1.12,1.00
2015.09.10 06:06:37.474,1.59839,1.59845,1.12,1.00
2015.09.10 06:06:37.677,1.59837,1.59844,1.12,1.00
2015.09.10 06:06:37.881,1.59834,1.59844,1.12,1.00
2015.09.10 06:06:38.155,1.59831,1.59844,1.12,1.00
2015.09.10 06:06:38.266,1.59831,1.59841,1.12,1.00
2015.09.10 06:06:38.318,1.59831,1.59843,1.12,1.00
2015.09.10 06:06:38.420,1.59833,1.59843,1.12,1.00
2015.09.10 06:06:38.676,1.59835,1.59846,1.75,1.00
2015.09.10 06:06:38.829,1.59836,1.59846,1.12,1.00
2015.09.10 06:06:39.424,1.59838,1.5985,1.20,1.00
2015.09.10 06:06:40.762,1.5984,1.5985,1.07,1.00
2015.09.10 06:06:41.104,1.59841,1.5985,1.50,1.00
2015.09.10 06:06:41.156,1.59841,1.59853,1.50,1.00
2015.09.10 06:06:41.208,1.59842,1.59856,1.20,1.00
2015.09.10 06:06:41.514,1.59848,1.59856,1.20,1.00
2015.09.10 06:06:41.566,1.59848,1.5986,1.20,1.00
2015.09.10 06:06:41.617,1.59849,1.5986,1.12,1.00
2015.09.10 06:06:41.821,1.5985,1.59863,1.50,1.00
2015.09.10 06:06:42.147,1.59851,1.5986,1.50,1.00
2015.09.10 06:06:42.198,1.59851,1.59863,1.50,1.00
2015.09.10 06:06:43.127,1.59851,1.59864,1.50,1.00
2015.09.10 06:06:43.342,1.59853,1.59864,1.50,1.00
2015.09.10 06:06:43.838,1.59853,1.59867,1.50,1.00
2015.09.10 06:06:43.992,1.59853,1.59871,2.25,1.20
2015.09.10 06:06:44.043,1.59854,1.59868,1.85,1.00
2015.09.10 06:06:44.094,1.59855,1.5987,1.50,1.00
2015.09.10 06:06:44.196,1.59855,1.59867,1.57,1.00
2015.09.10 06:06:44.578,1.5986,1.59873,1.12,1.00
2015.09.10 06:06:44.629,1.59868,1.59883,1.10,1.10
2015.09.10 06:06:44.680,1.59868,1.59879,1.47,1.00
2015.09.10 06:06:44.986,1.59868,1.59875,1.50,1.00
2015.09.10 06:06:45.089,1.59867,1.59883,1.50,1.10
2015.09.10 06:06:45.425,1.59875,1.59884,1.37,1.00
2015.09.10 06:06:45.731,1.59885,1.59892,1.12,1.00
2015.09.10 06:06:46.901,1.59886,1.5989,1.20,1.00
2015.09.10 06:06:47.206,1.59886,1.59894,1.20,1.00
2015.09.10 06:06:47.308,1.59886,1.5989,1.20,1.00
2015.09.10 06:06:47.571,1.59885,1.599,1.12,1.00
2015.09.10 06:06:47.624,1.59896,1.59906,1.00,1.20
2015.09.10 06:06:47.675,1.59896,1.59909,2.25,1.00
2015.09.10 06:06:47.727,1.59897,1.59905,1.12,1.00
2015.09.10 06:06:48.034,1.59899,1.59906,1.12,1.00
2015.09.10 06:06:48.340,1.59891,1.59897,1.75,1.00
2015.09.10 06:06:48.528,1.59884,1.59895,1.87,1.00
2015.09.10 06:06:48.590,1.59881,1.59887,1.12,1.00
2015.09.10 06:06:48.693,1.59869,1.59878,1.65,1.00
2015.09.10 06:06:48.796,1.59867,1.59873,3.30,1.00
2015.09.10 06:06:49.000,1.59859,1.59866,1.12,1.00
2015.09.10 06:06:49.102,1.59857,1.59863,1.20,1.00
2015.09.10 06:06:49.527,1.59846,1.59851,1.00,1.00
2015.09.10 06:06:49.681,1.59842,1.59851,1.20,1.00
2015.09.10 06:06:49.732,1.59842,1.59849,1.57,1.00
2015.09.10 06:06:50.037,1.59844,1.59851,1.00,1.00
2015.09.10 06:06:50.140,1.59842,1.59849,1.00,1.00
2015.09.10 06:06:50.521,1.59836,1.59842,1.20,1.00
2015.09.10 06:06:50.674,1.59833,1.5984,1.12,1.00
2015.09.10 06:06:50.877,1.59837,1.59841,1.00,1.00
2015.09.10 06:06:51.232,1.59839,1.59843,1.00,1.00
2015.09.10 06:06:51.284,1.59839,1.59844,1.00,1.00
2015.09.10 06:06:54.461,1.59837,1.59844,1.00,1.00
2015.09.10 06:06:55.681,1.59837,1.59844,1.37,1.00
2015.09.10 06:06:55.909,1.59837,1.59846,1.37,1.00
2015.09.10 06:06:55.961,1.59841,1.59847,1.12,1.00
2015.09.10 06:06:56.215,1.59842,1.5985,1.75,1.00
2015.09.10 06:06:56.368,1.59843,1.59858,1.12,1.50
2015.09.10 06:06:56.470,1.59844,1.59859,1.87,1.50
2015.09.10 06:06:56.521,1.59844,1.59863,1.87,1.87
2015.09.10 06:06:56.572,1.59846,1.59863,1.20,1.00
2015.09.10 06:06:56.623,1.59852,1.59863,1.00,1.00
2015.09.10 06:06:57.086,1.59864,1.5987,1.20,1.00
2015.09.10 06:06:57.393,1.59869,1.59873,1.00,1.00
2015.09.10 06:06:57.546,1.59869,1.59874,1.00,1.00
2015.09.10 06:06:58.250,1.59868,1.59874,1.00,1.00
2015.09.10 06:06:58.593,1.59868,1.5988,1.00,1.00
2015.09.10 06:06:58.695,1.59871,1.5988,1.00,1.00
2015.09.10 06:06:59.002,1.59881,1.59893,1.37,1.00
2015.09.10 06:06:59.105,1.59885,1.59893,1.75,1.00
2015.09.10 06:06:59.583,1.59888,1.59894,1.12,1.00
2015.09.10 06:07:00.091,1.59888,1.59894,1.12,1.00
2015.09.10 06:07:00.244,1.59886,1.59892,1.87,1.00
2015.09.10 06:07:00.348,1.59884,1.59889,1.50,1.00
2015.09.10 06:07:00.400,1.59884,1.59889,1.50,1.00
2015.09.10 06:07:00.643,1.59876,1.59881,1.12,1.00
2015.09.10 06:07:00.746,1.59878,1.59886,1.00,1.00
2015.09.10 06:07:00.797,1.59875,1.59881,1.10,1.00
2015.09.10 06:07:01.052,1.59879,1.5989,1.50,1.00
2015.09.10 06:07:01.103,1.5988,1.5989,1.12,1.00
2015.09.10 06:07:01.648,1.5988,1.5989,1.12,1.00
2015.09.10 06:07:02.106,1.59885,1.59893,1.00,1.00
2015.09.10 06:07:02.309,1.59881,1.59893,1.57,1.00
2015.09.10 06:07:02.462,1.59885,1.59893,1.00,1.00
2015.09.10 06:07:02.615,1.59885,1.59897,1.50,1.00
2015.09.10 06:07:02.824,1.59892,1.59898,1.75,1.00
2015.09.10 06:07:03.286,1.59892,1.59898,1.75,1.00
2015.09.10 06:07:03.591,1.59888,1.59894,1.12,1.00
2015.09.10 06:07:03.643,1.59882,1.59888,1.12,1.00
2015.09.10 06:07:03.746,1.59881,1.59886,1.20,1.00
2015.09.10 06:07:04.030,1.59879,1.59885,1.75,1.00
2015.09.10 06:07:05.949,1.59878,1.59884,1.12,1.00
2015.09.10 06:07:06.446,1.59878,1.59887,1.12,1.00
2015.09.10 06:07:06.498,1.59878,1.59884,1.12,1.00
2015.09.10 06:07:06.550,1.59878,1.59895,1.12,1.00
2015.09.10 06:07:06.601,1.59882,1.59898,1.05,1.10
2015.09.10 06:07:06.938,1.59888,1.59898,1.87,1.00
2015.09.10 06:07:07.040,1.59888,1.59899,3.37,1.00
2015.09.10 06:07:07.243,1.59888,1.599,3.37,1.00
2015.09.10 06:07:07.752,1.59892,1.59901,1.50,1.00
2015.09.10 06:07:08.151,1.59894,1.59898,1.00,1.00
2015.09.10 06:07:08.255,1.59891,1.599,1.10,1.00
2015.09.10 06:07:08.306,1.59891,1.59897,1.57,1.00
2015.09.10 06:07:08.409,1.59891,1.59898,1.20,1.00
2015.09.10 06:07:08.460,1.59893,1.59899,1.12,1.00
2015.09.10 06:07:08.765,1.59894,1.59898,1.00,1.00
2015.09.10 06:07:09.150,1.59893,1.59903,1.57,1.00
2015.09.10 06:07:09.354,1.59891,1.59899,1.10,1.00
2015.09.10 06:07:09.405,1.59891,1.599,1.10,1.00
2015.09.10 06:07:10.220,1.59891,1.599,1.47,1.00
2015.09.10 06:07:10.398,1.59891,1.599,1.47,1.00
2015.09.10 06:07:11.466,1.59891,1.59899,1.47,1.00
2015.09.10 06:07:11.823,1.59891,1.59901,1.47,1.00
2015.09.10 06:07:12.046,1.59896,1.59905,1.37,1.00
2015.09.10 06:07:12.149,1.59898,1.59908,1.00,1.00
2015.09.10 06:07:12.303,1.59904,1.5991,1.12,1.00
2015.09.10 06:07:12.558,1.59902,1.59908,1.12,1.00
2015.09.10 06:07:12.762,1.59901,1.59907,1.75,1.00
2015.09.10 06:07:12.865,1.59899,1.59905,1.12,1.00
2015.09.10 06:07:13.169,1.59895,1.59902,1.87,1.00
2015.09.10 06:07:13.322,1.59895,1.59902,1.20,1.00
2015.09.10 06:07:13.374,1.59895,1.59901,1.20,1.00
2015.09.10 06:07:13.679,1.59886,1.59901,1.00,1.50
2015.09.10 06:07:13.731,1.59883,1.59897,1.10,1.00
2015.09.10 06:07:13.783,1.59882,1.59887,1.12,1.00
2015.09.10 06:07:14.607,1.59882,1.59887,1.10,1.00
2015.09.10 06:07:15.335,1.59882,1.59891,1.10,1.00
2015.09.10 06:07:15.728,1.59882,1.59889,1.00,1.00
2015.09.10 06:07:16.034,1.59879,1.59883,1.00,1.00
2015.09.10 06:07:16.085,1.59875,1.59883,1.20,1.00
2015.09.10 06:07:16.136,1.59875,1.5988,1.20,1.00
2015.09.10 06:07:16.188,1.59871,1.59878,1.12,1.00
2015.09.10 06:07:16.291,1.5987,1.59877,1.75,1.00
2015.09.10 06:07:16.786,1.59868,1.59876,1.20,1.00
2015.09.10 06:07:16.837,1.59868,1.59875,1.47,1.00
2015.09.10 06:07:16.940,1.59866,1.59875,1.47,1.00
2015.09.10 06:07:17.296,1.59868,1.59877,1.00,1.00
2015.09.10 06:07:17.951,1.59866,1.59875,2.25,1.00
2015.09.10 06:07:18.359,1.59864,1.59875,1.57,1.00
2015.09.10 06:07:18.462,1.59866,1.59875,1.37,1.00
2015.09.10 06:07:18.769,1.59864,1.59871,1.20,1.00
2015.09.10 06:07:18.820,1.59861,1.59871,1.00,1.00
2015.09.10 06:07:19.050,1.59856,1.59866,2.25,1.00
2015.09.10 06:07:19.357,1.5985,1.59859,1.20,1.00
2015.09.10 06:07:19.777,1.5985,1.59857,1.20,1.00
2015.09.10 06:07:19.879,1.59848,1.59857,1.50,1.00
2015.09.10 06:07:20.222,1.59844,1.59857,1.27,1.00
2015.09.10 06:07:20.277,1.59844,1.59853,1.20,1.00
2015.09.10 06:07:20.532,1.59844,1.59857,1.20,1.00
2015.09.10 06:07:20.583,1.59844,1.59854,1.20,1.00
2015.09.10 06:07:20.634,1.59843,1.59866,2.70,1.75
2015.09.10 06:07:20.686,1.5985,1.59866,1.12,1.75
2015.09.10 06:07:20.788,1.59866,1.59875,1.00,1.12
2015.09.10 06:07:20.892,1.59876,1.59888,1.84,1.10
2015.09.10 06:07:21.225,1.59893,1.59904,1.20,1.00
2015.09.10 06:07:21.276,1.59893,1.59906,1.20,1.00
2015.09.10 06:07:21.479,1.59896,1.59904,1.20,1.00
2015.09.10 06:07:21.581,1.59896,1.59906,1.20,1.00
2015.09.10 06:07:21.826,1.59895,1.59906,1.12,1.00
2015.09.10 06:07:21.878,1.59898,1.59904,1.12,1.00
2015.09.10 06:07:22.133,1.59889,1.59899,1.12,1.00
2015.09.10 06:07:22.237,1.59885,1.59896,1.12,1.00
2015.09.10 06:07:22.441,1.59884,1.59893,1.12,1.00
2015.09.10 06:07:22.766,1.59884,1.59891,1.12,1.00
2015.09.10 06:07:23.331,1.59882,1.5989,1.12,1.00
2015.09.10 06:07:23.383,1.59882,1.59888,1.12,1.00
2015.09.10 06:07:23.536,1.59875,1.59882,1.12,1.00
2015.09.10 06:07:23.638,1.59872,1.59878,1.12,1.00
2015.09.10 06:07:23.816,1.59868,1.59878,1.75,1.00
2015.09.10 06:07:24.528,1.59867,1.59875,1.12,1.00
2015.09.10 06:07:24.834,1.59866,1.59875,1.12,1.00
2015.09.10 06:07:25.799,1.59866,1.59878,1.12,1.00
2015.09.10 06:07:25.953,1.59866,1.59882,1.50,1.20
2015.09.10 06:07:26.379,1.59863,1.59882,1.12,1.95
2015.09.10 06:07:26.430,1.59863,1.59871,1.12,1.00
2015.09.10 06:07:26.533,1.59857,1.59869,1.12,1.00
2015.09.10 06:07:26.636,1.59852,1.59869,1.12,1.00
2015.09.10 06:07:26.738,1.5985,1.59866,1.75,1.00
2015.09.10 06:07:26.840,1.59848,1.59866,1.12,1.10
2015.09.10 06:07:27.929,1.59851,1.59866,1.75,1.00
2015.09.10 06:07:28.082,1.59851,1.5987,1.75,2.25
2015.09.10 06:07:28.184,1.59852,1.5987,1.75,1.20
2015.09.10 06:07:28.286,1.59854,1.59871,1.12,1.12
2015.09.10 06:07:28.696,1.59856,1.59871,1.12,1.00
2015.09.10 06:07:30.056,1.59856,1.59869,1.12,1.00
2015.09.10 06:07:32.183,1.59857,1.59872,1.20,1.10
2015.09.10 06:07:32.286,1.59858,1.59875,1.12,1.12
2015.09.10 06:07:32.339,1.59863,1.59881,1.12,1.50
2015.09.10 06:07:32.390,1.59863,1.59883,1.50,1.00
2015.09.10 06:07:32.808,1.5988,1.59892,1.00,1.00
2015.09.10 06:07:32.860,1.59885,1.59892,1.12,1.00
2015.09.10 06:07:33.013,1.59884,1.59896,1.12,1.00
2015.09.10 06:07:33.522,1.59883,1.59896,1.12,1.00
2015.09.10 06:07:33.674,1.59881,1.59896,1.12,1.00
2015.09.10 06:07:33.776,1.59883,1.599,1.10,1.00
2015.09.10 06:07:33.953,1.59885,1.599,1.12,1.00
2015.09.10 06:07:34.259,1.59885,1.59896,1.12,1.00
2015.09.10 06:07:37.424,1.59883,1.59896,1.75,1.00
2015.09.10 06:07:37.828,1.5988,1.59896,1.20,1.00
2015.09.10 06:07:37.931,1.5988,1.59892,1.07,1.00
2015.09.10 06:07:38.186,1.59873,1.5989,1.87,1.00
2015.09.10 06:07:38.288,1.59881,1.59888,1.12,1.00
2015.09.10 06:07:38.390,1.59875,1.59888,1.12,1.00
2015.09.10 06:07:38.543,1.59875,1.5989,1.12,1.00
2015.09.10 06:07:38.595,1.59875,1.59894,1.12,1.10
2015.09.10 06:07:38.817,1.59881,1.59899,1.12,1.00
2015.09.10 06:07:39.126,1.59886,1.59898,1.37,1.12
2015.09.10 06:07:39.179,1.59887,1.59901,1.50,1.00
2015.09.10 06:07:39.230,1.59887,1.59904,1.50,1.10
2015.09.10 06:07:39.385,1.59891,1.59907,1.75,1.00
2015.09.10 06:07:39.686,1.59892,1.59907,1.12,1.00
2015.09.10 06:07:39.992,1.5989,1.59901,1.12,1.00
2015.09.10 06:07:40.044,1.59889,1.59901,1.50,1.00
2015.09.10 06:07:40.590,1.59888,1.59901,1.75,1.00
2015.09.10 06:07:40.988,1.59883,1.59898,1.12,1.00
2015.09.10 06:07:41.040,1.59883,1.5989,1.12,1.00
2015.09.10 06:07:41.161,1.59881,1.5989,1.75,1.00
2015.09.10 06:07:41.263,1.59876,1.5989,1.75,1.00
2015.09.10 06:07:41.365,1.59878,1.5989,1.12,1.00
2015.09.10 06:07:41.620,1.59877,1.59894,1.12,1.12
2015.09.10 06:07:41.772,1.59877,1.59897,1.12,1.12
2015.09.10 06:07:42.005,1.59877,1.59895,1.12,1.00
2015.09.10 06:07:42.110,1.59878,1.59897,1.75,1.75
2015.09.10 06:07:42.161,1.5988,1.59898,1.20,1.87
2015.09.10 06:07:42.771,1.59878,1.59893,1.12,1.00
2015.09.10 06:07:43.062,1.59874,1.59893,1.12,1.00
2015.09.10 06:07:43.119,1.59873,1.5989,1.50,1.00
2015.09.10 06:07:43.577,1.59873,1.59883,1.07,1.00
2015.09.10 06:07:48.844,1.59872,1.59881,1.12,1.00
2015.09.10 06:07:50.298,1.59878,1.59888,1.75,1.00
2015.09.10 06:07:50.349,1.59878,1.5989,1.75,1.00
2015.09.10 06:07:50.452,1.59883,1.59895,1.87,1.00
2015.09.10 06:07:50.911,1.59885,1.59897,1.50,1.00
2015.09.10 06:07:51.260,1.59887,1.59904,1.50,1.00
2015.09.10 06:07:51.596,1.59908,1.59916,1.12,1.00
2015.09.10 06:07:51.698,1.59902,1.59909,1.12,1.00
2015.09.10 06:07:51.902,1.59902,1.59909,1.12,1.00
2015.09.10 06:07:52.005,1.59901,1.59907,1.12,1.00
2015.09.10 06:07:52.158,1.59899,1.59906,1.12,1.00
2015.09.10 06:07:52.260,1.59898,1.59904,1.12,1.00
2015.09.10 06:07:53.361,1.59895,1.59902,1.12,1.00
2015.09.10 06:07:53.859,1.59891,1.59901,1.12,1.00
2015.09.10 06:07:53.910,1.59891,1.59899,1.12,1.00
2015.09.10 06:07:55.318,1.59891,1.59898,1.12,1.00
2015.09.10 06:07:55.572,1.59885,1.59894,1.12,1.00
2015.09.10 06:07:55.726,1.59885,1.59898,1.50,1.00
2015.09.10 06:07:55.828,1.59886,1.59905,1.12,1.12
2015.09.10 06:07:55.932,1.59892,1.59908,1.37,1.85
2015.09.10 06:07:55.984,1.59895,1.59908,1.37,1.20
2015.09.10 06:07:56.216,1.59897,1.59908,1.12,1.00
2015.09.10 06:07:56.321,1.59895,1.59907,1.47,1.00
2015.09.10 06:07:56.423,1.59894,1.59905,1.12,1.00
2015.09.10 06:07:56.729,1.59892,1.59902,1.75,1.00
2015.09.10 06:07:57.035,1.59892,1.599,1.12,1.00
2015.09.10 06:07:58.204,1.59892,1.59898,1.12,1.00
2015.09.10 06:07:58.489,1.59885,1.59893,1.12,1.00
2015.09.10 06:07:58.540,1.59883,1.59889,1.75,1.00
2015.09.10 06:07:58.643,1.59878,1.59885,1.12,1.00
2015.09.10 06:07:58.745,1.59876,1.59885,1.12,1.00
2015.09.10 06:07:59.314,1.59876,1.59891,1.50,1.00
2015.09.10 06:07:59.366,1.59876,1.59887,1.50,1.00
2015.09.10 06:07:59.675,1.5988,1.59887,1.12,1.00
2015.09.10 06:07:59.981,1.59878,1.59887,1.12,1.00
2015.09.10 06:08:00.083,1.59878,1.59884,1.12,1.00
2015.09.10 06:08:00.287,1.59878,1.59884,1.12,1.00
2015.09.10 06:08:00.579,1.59878,1.59885,1.12,1.00
2015.09.10 06:08:00.917,1.59876,1.59887,2.25,1.00
2015.09.10 06:08:04.504,1.5988,1.59886,1.12,1.00
2015.09.10 06:08:04.811,1.59868,1.59875,1.12,1.00
2015.09.10 06:08:04.914,1.59865,1.59873,1.50,1.00
2015.09.10 06:08:05.231,1.59876,1.59882,1.00,1.00
2015.09.10 06:08:05.282,1.59876,1.59884,1.00,1.00
2015.09.10 06:08:05.384,1.59876,1.59887,1.85,1.00
2015.09.10 06:08:05.538,1.5988,1.59894,1.12,1.00
2015.09.10 06:08:05.590,1.59881,1.59898,2.70,1.00
2015.09.10 06:08:05.641,1.5989,1.599,1.00,1.00
2015.09.10 06:08:05.743,1.5989,1.59904,1.75,1.00
2015.09.10 06:08:05.846,1.59892,1.59905,1.12,1.00
2015.09.10 06:08:06.155,1.599,1.59908,1.87,1.00
2015.09.10 06:08:06.208,1.59901,1.59912,1.75,1.00
2015.09.10 06:08:06.310,1.59904,1.59915,1.20,1.00
2015.09.10 06:08:06.412,1.59904,1.59919,1.20,1.00
2015.09.10 06:08:06.464,1.59906,1.59919,1.37,1.00
2015.09.10 06:08:06.616,1.59909,1.59923,1.10,1.00
2015.09.10 06:08:06.769,1.59909,1.59923,1.87,1.00
2015.09.10 06:08:07.449,1.59915,1.59923,1.12,1.00
2015.09.10 06:08:07.501,1.59915,1.5993,1.87,1.00
2015.09.10 06:08:08.018,1.59917,1.5993,1.12,1.00
2015.09.10 06:08:08.615,1.59917,1.59931,1.12,1.00
2015.09.10 06:08:09.180,1.59919,1.59934,1.50,1.00
2015.09.10 06:08:09.232,1.5992,1.59936,1.07,1.00
2015.09.10 06:08:09.284,1.59923,1.59936,1.37,1.00
2015.09.10 06:08:09.437,1.59924,1.59939,1.50,1.00
2015.09.10 06:08:09.982,1.59924,1.59935,1.12,1.00
2015.09.10 06:08:10.287,1.59919,1.59929,1.75,1.00
2015.09.10 06:08:10.491,1.59919,1.59933,1.75,1.00
2015.09.10 06:08:16.688,1.5992,1.5993,1.50,1.00
2015.09.10 06:08:18.883,1.5992,1.5993,1.82,1.00
2015.09.10 06:08:19.151,1.59924,1.59934,1.12,1.00
2015.09.10 06:08:19.203,1.59924,1.59934,1.50,1.00
2015.09.10 06:08:19.254,1.59924,1.59937,1.75,1.00
2015.09.10 06:08:20.616,1.59928,1.59939,1.00,1.00
2015.09.10 06:08:21.389,1.59928,1.59939,1.37,1.00
2015.09.10 06:08:21.491,1.59928,1.59939,1.37,1.00
2015.09.10 06:08:21.672,1.59929,1.59939,1.87,1.00
2015.09.10 06:08:21.723,1.59934,1.59951,1.12,1.00
2015.09.10 06:08:21.774,1.59937,1.59953,1.12,1.00
2015.09.10 06:08:21.826,1.59944,1.59952,1.00,1.00
2015.09.10 06:08:21.928,1.59941,1.59955,1.12,1.00
2015.09.10 06:08:22.084,1.59944,1.59959,1.27,1.00
2015.09.10 06:08:22.136,1.59945,1.59961,1.12,1.00
2015.09.10 06:08:22.239,1.59947,1.59965,1.12,1.00
2015.09.10 06:08:22.393,1.59947,1.59962,2.70,1.00
2015.09.10 06:08:22.623,1.59947,1.59966,1.95,1.00
2015.09.10 06:08:22.674,1.59947,1.59963,1.95,1.00
2015.09.10 06:08:23.032,1.59947,1.59962,2.20,1.00
2015.09.10 06:08:24.409,1.59948,1.59962,1.27,1.00
2015.09.10 06:08:24.867,1.59948,1.59955,1.27,1.00
2015.09.10 06:08:24.918,1.59946,1.59954,1.75,1.00
2015.09.10 06:08:25.153,1.59944,1.59954,1.12,1.00
2015.09.10 06:08:25.205,1.59944,1.59966,1.00,1.00
2015.09.10 06:08:25.358,1.59942,1.5996,1.07,1.00
2015.09.10 06:08:25.512,1.59939,1.5996,1.50,1.00
2015.09.10 06:08:26.346,1.59938,1.5996,1.82,1.00
2015.09.10 06:08:26.858,1.59938,1.59959,1.37,1.00
2015.09.10 06:08:27.062,1.59937,1.59957,1.12,1.00
2015.09.10 06:08:27.669,1.59937,1.59958,1.12,1.00
2015.09.10 06:08:28.357,1.59939,1.59959,1.00,1.50
2015.09.10 06:08:29.309,1.59935,1.59959,1.12,2.25
2015.09.10 06:08:29.360,1.59934,1.59955,1.75,1.00
2015.09.10 06:08:29.563,1.59934,1.59951,1.12,1.00
2015.09.10 06:08:29.665,1.59935,1.59956,2.25,1.00
2015.09.10 06:08:29.818,1.5994,1.59957,1.87,1.00
2015.09.10 06:08:30.305,1.59943,1.59963,1.12,1.00
2015.09.10 06:08:30.357,1.59943,1.59959,1.12,1.00
2015.09.10 06:08:30.663,1.59929,1.59945,1.10,1.37
2015.09.10 06:08:30.765,1.59933,1.59953,1.00,1.37
2015.09.10 06:08:30.918,1.59938,1.5995,1.00,1.12
2015.09.10 06:08:31.020,1.59937,1.59954,1.12,1.12
2015.09.10 06:08:31.254,1.59937,1.59959,1.75,1.20
2015.09.10 06:08:31.661,1.59942,1.59966,1.12,1.10
2015.09.10 06:08:31.916,1.59947,1.59971,1.75,1.12
2015.09.10 06:08:32.406,1.59948,1.59969,1.12,1.00
2015.09.10 06:08:32.458,1.59948,1.59969,1.12,1.00
2015.09.10 06:08:32.763,1.59948,1.59969,1.75,1.75
2015.09.10 06:08:32.966,1.59948,1.59967,1.12,1.00
2015.09.10 06:08:33.017,1.59948,1.59967,1.12,1.00
2015.09.10 06:08:33.119,1.59952,1.59971,1.12,1.07
2015.09.10 06:08:33.458,1.59953,1.59974,1.50,1.00
2015.09.10 06:08:33.510,1.59956,1.59976,1.12,1.00
2015.09.10 06:08:33.815,1.59956,1.59978,1.75,1.37
2015.09.10 06:08:34.121,1.59956,1.59982,2.25,1.50
2015.09.10 06:08:34.326,1.59958,1.59984,1.87,1.87
2015.09.10 06:08:34.557,1.59965,1.59987,1.12,1.57
2015.09.10 06:08:35.065,1.59966,1.59987,1.12,1.12
2015.09.10 06:08:35.718,1.59966,1.59987,2.24,1.00
2015.09.10 06:08:36.846,1.59968,1.59986,1.12,1.00
2015.09.10 06:08:37.093,1.59961,1.59985,1.75,1.20
2015.09.10 06:08:37.145,1.59958,1.5998,1.75,1.50
2015.09.10 06:08:37.196,1.59956,1.59977,1.12,1.50
2015.09.10 06:08:37.248,1.59956,1.59976,1.12,1.05
2015.09.10 06:08:37.506,1.59955,1.59976,1.12,1.57
2015.09.10 06:08:37.812,1.59955,1.59973,1.12,1.12
2015.09.10 06:08:38.402,1.59955,1.59972,1.12,1.20
2015.09.10 06:08:38.709,1.59959,1.59979,1.20,1.75
2015.09.10 06:08:38.812,1.59963,1.59978,1.12,1.00
2015.09.10 06:08:38.914,1.59965,1.59978,1.12,1.00
2015.09.10 06:08:39.168,1.59965,1.59982,1.75,1.00
2015.09.10 06:08:39.698,1.59967,1.59986,2.25,1.10
2015.09.10 06:08:39.801,1.59969,1.59988,1.12,1.10
2015.09.10 06:08:40.106,1.59973,1.5999,1.87,1.00
2015.09.10 06:08:40.158,1.59975,1.59998,1.12,1.12
2015.09.10 06:08:40.364,1.5998,1.59999,1.12,1.85
2015.09.10 06:08:40.638,1.59979,1.59999,1.12,1.20
2015.09.10 06:08:42.891,1.59981,1.60001,1.85,1.20
2015.09.10 06:08:42.994,1.59982,1.60004,1.50,1.12
2015.09.10 06:08:43.265,1.59986,1.60007,1.12,2.25
2015.09.10 06:08:43.317,1.59983,1.60003,1.12,1.12
2015.09.10 06:08:43.419,1.59983,1.60003,1.12,1.12
2015.09.10 06:08:43.521,1.59983,1.59988,1.12,1.00
2015.09.10 06:08:43.725,1.5998,1.59988,1.12,1.00
2015.09.10 06:08:44.659,1.59977,1.59986,1.12,1.00
2015.09.10 06:08:44.716,1.59977,1.59986,1.12,1.00
2015.09.10 06:08:46.849,1.59979,1.59986,1.12,1.00
2015.09.10 06:08:47.517,1.5998,1.59986,1.12,1.00
2015.09.10 06:08:48.279,1.59977,1.59986,1.12,1.00
2015.09.10 06:08:48.806,1.59983,1.5999,1.12,1.00
2015.09.10 06:08:49.112,1.5998,1.59986,1.12,1.00
2015.09.10 06:08:49.420,1.59973,1.59979,1.12,1.00
2015.09.10 06:08:49.911,1.59973,1.59979,1.12,1.00
2015.09.10 06:08:50.014,1.5997,1.59976,1.12,1.00
2015.09.10 06:08:51.856,1.5997,1.59976,1.12,1.00
2015.09.10 06:08:52.010,1.59964,1.59973,1.12,1.00
2015.09.10 06:08:53.986,1.59964,1.59976,1.12,1.00
2015.09.10 06:08:54.525,1.59964,1.59979,1.50,1.00
2015.09.10 06:08:54.627,1.59966,1.59983,1.50,1.00
2015.09.10 06:08:54.679,1.59969,1.59983,1.12,1.00
2015.09.10 06:08:55.085,1.59974,1.59985,1.12,1.00
2015.09.10 06:08:55.594,1.59975,1.59985,1.12,1.00
2015.09.10 06:08:55.747,1.5997,1.59985,1.12,1.00
2015.09.10 06:08:55.901,1.5997,1.59977,1.12,1.00
2015.09.10 06:08:56.157,1.59961,1.59969,1.12,1.00
2015.09.10 06:08:56.260,1.5996,1.59966,1.12,1.00
2015.09.10 06:08:56.414,1.59952,1.59963,1.12,1.00
2015.09.10 06:08:56.526,1.59951,1.59963,1.75,1.00
2015.09.10 06:08:57.431,1.59951,1.59959,1.75,1.00
2015.09.10 06:08:57.993,1.5995,1.59959,1.12,1.00
2015.09.10 06:08:58.525,1.5995,1.59958,1.12,1.00
2015.09.10 06:08:58.831,1.59947,1.59955,1.12,1.00
2015.09.10 06:08:58.933,1.59946,1.59954,1.75,1.00
2015.09.10 06:08:59.302,1.59944,1.59951,1.12,1.00
2015.09.10 06:08:59.353,1.59944,1.59951,1.12,1.00
2015.09.10 06:09:00.291,1.59944,1.59949,1.12,1.00
2015.09.10 06:09:00.552,1.59941,1.59949,1.75,1.00
2015.09.10 06:09:00.606,1.5994,1.59946,1.12,1.00
2015.09.10 06:09:00.912,1.59931,1.59938,1.12,1.00
2015.09.10 06:09:01.014,1.59926,1.59937,1.12,1.00
2015.09.10 06:09:01.319,1.59922,1.59934,1.12,1.00
2015.09.10 06:09:01.371,1.59919,1.59934,1.85,1.00
2015.09.10 06:09:01.654,1.59917,1.59934,1.50,1.00
2015.09.10 06:09:02.654,1.59916,1.5993,1.12,1.00
2015.09.10 06:09:02.887,1.59913,1.5993,1.75,1.00
2015.09.10 06:09:03.821,1.59912,1.5993,1.95,1.00
2015.09.10 06:09:04.369,1.59912,1.5993,1.87,1.00
2015.09.10 06:09:05.967,1.59912,1.5993,1.37,1.00
2015.09.10 06:09:06.824,1.59912,1.59925,1.87,1.00
2015.09.10 06:09:07.156,1.59902,1.5991,1.12,1.00
2015.09.10 06:09:07.309,1.59899,1.59908,1.12,1.00
2015.09.10 06:09:07.513,1.59895,1.59908,1.12,1.00
2015.09.10 06:09:07.616,1.59895,1.59908,1.12,1.00
2015.09.10 06:09:07.877,1.59895,1.59904,1.12,1.00
2015.09.10 06:09:08.596,1.59895,1.59904,1.12,1.00
2015.09.10 06:09:08.855,1.59896,1.59908,2.25,1.00
2015.09.10 06:09:08.958,1.59898,1.59913,1.87,1.00
2015.09.10 06:09:09.276,1.59909,1.59916,1.12,1.00
2015.09.10 06:09:10.642,1.5991,1.59921,1.12,1.00
2015.09.10 06:09:10.694,1.5991,1.59924,1.12,1.00
2015.09.10 06:09:10.847,1.59913,1.59924,1.37,1.00
2015.09.10 06:09:11.001,1.59915,1.59927,1.12,1.00
2015.09.10 06:09:11.153,1.59917,1.59932,1.12,1.00
2015.09.10 06:09:11.432,1.5992,1.59932,1.85,1.00
2015.09.10 06:09:11.483,1.59922,1.59936,1.12,1.00
2015.09.10 06:09:11.585,1.59923,1.59936,1.12,1.00
2015.09.10 06:09:11.890,1.59925,1.59932,1.12,1.00
2015.09.10 06:09:11.992,1.59923,1.59932,1.12,1.00
2015.09.10 06:09:12.044,1.59923,1.59932,1.12,1.00
2015.09.10 06:09:12.885,1.59923,1.59933,1.12,1.00
2015.09.10 06:09:13.140,1.59926,1.59933,1.12,1.00
2015.09.10 06:09:13.952,1.59924,1.59933,1.12,1.00
2015.09.10 06:09:14.159,1.59924,1.59936,1.12,1.00
2015.09.10 06:09:14.667,1.59925,1.59936,1.12,1.00
2015.09.10 06:09:15.073,1.59925,1.59938,1.47,1.00
2015.09.10 06:09:15.372,1.59926,1.59941,1.57,1.00
2015.09.10 06:09:15.524,1.59928,1.59941,1.07,1.00
2015.09.10 06:09:15.626,1.59929,1.59945,1.10,1.00
2015.09.10 06:09:15.678,1.59931,1.59945,1.00,1.00
2015.09.10 06:09:15.832,1.59931,1.59951,1.00,1.00
2015.09.10 06:09:15.885,1.59937,1.59951,1.00,1.00
2015.09.10 06:09:16.089,1.59931,1.59947,1.50,1.00
2015.09.10 06:09:16.320,1.59941,1.5995,1.12,1.00
2015.09.10 06:09:16.626,1.59934,1.59948,1.75,1.00
2015.09.10 06:09:16.678,1.59934,1.59944,1.75,1.00
2015.09.10 06:09:16.831,1.59935,1.59951,1.50,1.00
2015.09.10 06:09:16.986,1.59937,1.59951,1.75,1.00
2015.09.10 06:09:17.376,1.5994,1.59951,1.12,1.00
2015.09.10 06:09:17.631,1.5993,1.59939,1.75,1.00
2015.09.10 06:09:17.846,1.59928,1.59939,1.75,1.00
2015.09.10 06:09:17.948,1.59925,1.59939,1.87,1.00
2015.09.10 06:09:18.204,1.59927,1.59942,1.85,1.00
2015.09.10 06:09:18.477,1.5993,1.59945,2.25,1.00
2015.09.10 06:09:18.579,1.5993,1.5994,2.25,1.00
2015.09.10 06:09:19.037,1.59928,1.59938,1.12,1.00
2015.09.10 06:09:19.189,1.59926,1.59938,1.12,1.00
2015.09.10 06:09:19.679,1.59923,1.59938,1.12,1.00
2015.09.10 06:09:20.638,1.59924,1.59938,1.45,1.00
2015.09.10 06:09:20.833,1.59923,1.59938,1.87,1.00
2015.09.10 06:09:22.237,1.59923,1.59938,1.87,1.00
2015.09.10 06:09:22.295,1.59928,1.59941,1.12,1.00
2015.09.10 06:09:22.602,1.59939,1.59944,1.12,1.00
2015.09.10 06:09:22.806,1.59935,1.59944,1.12,1.00
2015.09.10 06:09:23.516,1.59937,1.59945,1.82,1.00
2015.09.10 06:09:23.922,1.59935,1.59945,1.12,1.00
2015.09.10 06:09:24.258,1.59934,1.59942,1.12,1.00
2015.09.10 06:09:24.601,1.59931,1.59939,1.12,1.00
2015.09.10 06:09:26.549,1.59933,1.59942,1.12,1.00
2015.09.10 06:09:26.652,1.59932,1.59945,1.95,1.00
2015.09.10 06:09:26.703,1.59933,1.59943,1.12,1.00
2015.09.10 06:09:27.110,1.59933,1.59943,1.50,1.00
2015.09.10 06:09:27.213,1.59932,1.59943,1.12,1.00
2015.09.10 06:09:27.422,1.59928,1.5994,1.95,1.00
2015.09.10 06:09:27.474,1.59927,1.59933,1.12,1.00
2015.09.10 06:09:27.627,1.59924,1.59932,1.12,1.00
2015.09.10 06:09:27.730,1.59924,1.5993,1.12,1.00
2015.09.10 06:09:27.989,1.59914,1.59924,1.12,1.00
2015.09.10 06:09:28.043,1.59913,1.59923,2.62,1.00
2015.09.10 06:09:29.383,1.5991,1.5992,1.87,1.00
2015.09.10 06:09:29.696,1.5991,1.59918,1.12,1.00
2015.09.10 06:09:29.747,1.59908,1.59916,1.12,1.00
2015.09.10 06:09:30.003,1.59907,1.59916,1.20,1.00
2015.09.10 06:09:30.054,1.59902,1.59913,1.87,1.00
2015.09.10 06:09:30.156,1.59902,1.59911,1.50,1.00
2015.09.10 06:09:30.258,1.59902,1.59917,1.10,1.00
2015.09.10 06:09:30.360,1.59896,1.59915,1.75,1.00
2015.09.10 06:09:30.412,1.59896,1.59915,1.00,1.12
2015.09.10 06:09:30.615,1.59895,1.59912,1.00,1.10
2015.09.10 06:09:30.667,1.59886,1.59912,2.32,1.10
2015.09.10 06:09:30.770,1.59886,1.59912,1.12,1.85
2015.09.10 06:09:30.872,1.59889,1.59915,1.12,1.12
2015.09.10 06:09:30.924,1.59889,1.59917,1.12,1.57
2015.09.10 06:09:31.205,1.59895,1.59919,1.12,1.75
2015.09.10 06:09:31.256,1.59895,1.59919,1.12,1.75
2015.09.10 06:09:31.358,1.59895,1.59919,1.50,1.75
2015.09.10 06:09:31.664,1.59891,1.59916,1.75,1.50
2015.09.10 06:09:31.716,1.59891,1.59913,1.75,1.10
2015.09.10 06:09:31.920,1.5989,1.59913,1.12,1.87
2015.09.10 06:09:32.438,1.59887,1.59908,1.20,1.10
2015.09.10 06:09:32.946,1.59886,1.59908,1.97,1.12
2015.09.10 06:09:33.683,1.59891,1.59908,1.75,1.20
2015.09.10 06:09:36.155,1.59892,1.59909,1.12,1.12
2015.09.10 06:09:36.257,1.59896,1.59912,1.12,1.12
2015.09.10 06:09:36.359,1.59898,1.59916,1.12,1.75
2015.09.10 06:09:36.612,1.59899,1.59916,1.12,1.12
2015.09.10 06:09:36.665,1.59898,1.59915,1.12,1.10
2015.09.10 06:09:36.821,1.59899,1.5992,1.12,1.12
2015.09.10 06:09:36.873,1.59901,1.5992,1.50,1.12
2015.09.10 06:09:36.924,1.59902,1.59921,1.12,1.12
2015.09.10 06:09:37.229,1.59908,1.59917,1.50,1.00
2015.09.10 06:09:37.281,1.59907,1.59917,1.37,1.00
2015.09.10 06:09:37.383,1.59906,1.59923,1.12,1.00
2015.09.10 06:09:37.610,1.59903,1.59924,1.95,1.00
2015.09.10 06:09:37.764,1.59903,1.59925,1.12,1.50
2015.09.10 06:09:38.069,1.59905,1.59925,1.87,1.50
2015.09.10 06:09:40.420,1.59906,1.59927,1.12,2.62
2015.09.10 06:09:42.722,1.59907,1.59926,1.12,1.20
2015.09.10 06:09:43.026,1.59906,1.59928,1.20,1.12
2015.09.10 06:09:43.128,1.59908,1.59927,1.12,1.12
2015.09.10 06:09:43.383,1.59908,1.59927,1.12,1.10
2015.09.10 06:09:43.892,1.59906,1.59929,1.12,1.57
2015.09.10 06:09:44.171,1.59911,1.59933,1.37,1.12
2015.09.10 06:09:44.273,1.59912,1.59935,1.95,1.50
2015.09.10 06:09:44.376,1.59914,1.59935,1.47,1.50
2015.09.10 06:09:44.948,1.59912,1.59932,1.12,1.00
2015.09.10 06:09:45.000,1.59912,1.59932,1.12,1.00
2015.09.10 06:09:45.335,1.5991,1.59932,1.20,1.00
2015.09.10 06:09:45.597,1.59909,1.59937,2.62,1.20
2015.09.10 06:09:45.699,1.59912,1.59937,1.20,1.12
2015.09.10 06:09:46.003,1.59917,1.59937,1.87,1.12
2015.09.10 06:09:46.309,1.59928,1.59948,1.12,1.12
2015.09.10 06:09:46.539,1.59932,1.59951,1.50,1.12
2015.09.10 06:09:46.591,1.59934,1.59954,1.85,1.12
2015.09.10 06:09:46.797,1.5994,1.59959,1.12,1.12
2015.09.10 06:09:46.899,1.59941,1.5996,1.75,1.75
2015.09.10 06:09:47.639,1.59938,1.59957,1.87,1.75
2015.09.10 06:09:47.953,1.59938,1.59955,1.50,1.12
2015.09.10 06:09:48.955,1.59939,1.59957,1.20,1.12
2015.09.10 06:09:49.975,1.59938,1.59956,2.25,1.12
2015.09.10 06:09:50.508,1.59938,1.59955,2.25,1.12
2015.09.10 06:09:51.878,1.59939,1.59957,1.12,1.12
2015.09.10 06:09:51.930,1.59939,1.59958,1.75,1.75
2015.09.10 06:09:52.082,1.59942,1.59962,1.45,1.12
2015.09.10 06:09:52.388,1.59948,1.59964,1.20,1.12
2015.09.10 06:09:52.490,1.59948,1.59967,1.87,1.12
2015.09.10 06:09:52.542,1.59949,1.5997,1.50,1.12
2015.09.10 06:09:52.776,1.59953,1.59972,1.75,1.75
2015.09.10 06:09:53.493,1.59952,1.59971,1.12,1.12
2015.09.10 06:09:53.595,1.59951,1.5997,1.75,1.75
2015.09.10 06:09:54.023,1.59953,1.59972,1.12,1.12
2015.09.10 06:09:54.454,1.59956,1.59973,1.12,1.12
2015.09.10 06:09:54.759,1.59958,1.59978,1.85,1.12
2015.09.10 06:09:54.811,1.5996,1.59979,1.75,1.75
2015.09.10 06:09:54.964,1.59961,1.59981,1.12,1.20
2015.09.10 06:09:55.272,1.59964,1.59983,1.12,1.12
2015.09.10 06:09:56.156,1.59962,1.59981,1.12,1.20
2015.09.10 06:09:56.208,1.59962,1.59981,1.12,1.95
2015.09.10 06:09:56.446,1.59961,1.59978,1.12,2.25
2015.09.10 06:09:56.549,1.59959,1.59976,1.12,1.50
2015.09.10 06:09:56.855,1.59961,1.59981,1.75,1.87
2015.09.10 06:09:57.160,1.59963,1.59981,1.75,1.12
2015.09.10 06:09:57.502,1.59966,1.59985,1.12,1.12
2015.09.10 06:09:58.773,1.59967,1.59985,1.12,1.12
2015.09.10 06:09:59.274,1.59968,1.59985,1.12,1.12
2015.09.10 06:09:59.528,1.59969,1.59988,1.12,1.12
2015.09.10 06:09:59.632,1.59971,1.5999,1.12,1.12
2015.09.10 06:09:59.735,1.5997,1.59991,1.12,1.07
2015.09.10 06:10:00.117,1.59977,1.59998,2.25,1.00
2015.09.10 06:10:00.221,1.59977,1.6,2.32,1.00
2015.09.10 06:10:00.525,1.5998,1.59999,1.00,1.00
2015.09.10 06:10:00.830,1.5998,1.59997,1.00,1.00
2015.09.10 06:10:01.213,1.5998,1.59999,1.00,1.00
2015.09.10 06:10:01.830,1.5998,1.59999,1.37,1.00
2015.09.10 06:10:02.035,1.5998,1.59999,1.37,1.00
2015.09.10 06:10:02.138,1.5998,1.60002,1.37,1.00
2015.09.10 06:10:02.455,1.59981,1.6,1.12,1.37
2015.09.10 06:10:02.621,1.59978,1.6,1.12,1.50
2015.09.10 06:10:02.673,1.59978,1.59997,1.12,1.00
2015.09.10 06:10:02.877,1.5998,1.59999,1.12,1.20
2015.09.10 06:10:03.082,1.59981,1.59999,1.50,1.00
2015.09.10 06:10:03.133,1.59982,1.60004,1.20,1.50
2015.09.10 06:10:03.185,1.59985,1.60004,1.00,1.10
2015.09.10 06:10:03.449,1.59987,1.60012,1.50,1.12
2015.09.10 06:10:03.500,1.59992,1.60014,1.12,1.12
2015.09.10 06:10:03.603,1.59994,1.60015,1.12,1.07
2015.09.10 06:10:03.961,1.60006,1.60023,1.10,1.75
2015.09.10 06:10:04.351,1.60024,1.60045,1.37,1.75
2015.09.10 06:10:04.402,1.60036,1.60049,1.00,1.00
2015.09.10 06:10:04.454,1.60036,1.60053,1.37,1.12
2015.09.10 06:10:04.505,1.60035,1.60057,1.37,1.75
2015.09.10 06:10:04.556,1.60035,1.60056,1.37,1.00
2015.09.10 06:10:04.709,1.60038,1.60061,1.57,1.57
2015.09.10 06:10:04.760,1.60038,1.60061,1.50,1.57
2015.09.10 06:10:04.811,1.6004,1.60063,1.87,1.00
2015.09.10 06:10:04.913,1.60045,1.60067,1.00,1.12
2015.09.10 06:10:04.964,1.60045,1.60068,1.37,2.25
2015.09.10 06:10:05.150,1.60048,1.60068,1.12,1.50
2015.09.10 06:10:05.464,1.60046,1.60065,2.25,1.00
2015.09.10 06:10:05.770,1.60035,1.60044,1.20,1.00
2015.09.10 06:10:06.056,1.60026,1.60036,1.00,1.37
2015.09.10 06:10:06.107,1.60018,1.60032,1.12,1.00
2015.09.10 06:10:06.159,1.60012,1.60032,1.75,1.00
2015.09.10 06:10:06.210,1.60015,1.60024,1.50,1.00
2015.09.10 06:10:06.261,1.60015,1.60023,1.00,1.12
2015.09.10 06:10:06.313,1.6001,1.60027,1.12,1.37
2015.09.10 06:10:06.415,1.60006,1.60027,1.50,1.37
2015.09.10 06:10:06.466,1.60006,1.6002,1.50,1.00
2015.09.10 06:10:06.884,1.60005,1.60022,1.12,1.00
2015.09.10 06:10:07.038,1.59999,1.60022,1.12,2.25
2015.09.10 06:10:07.140,1.59998,1.60017,1.75,1.00
2015.09.10 06:10:07.446,1.59998,1.6002,2.25,1.20
2015.09.10 06:10:07.497,1.59999,1.6002,1.12,1.10
2015.09.10 06:10:07.844,1.60006,1.60024,1.12,1.57
2015.09.10 06:10:07.896,1.60007,1.60027,1.00,1.00
2015.09.10 06:10:07.948,1.60007,1.60031,1.75,1.87
2015.09.10 06:10:08.102,1.60011,1.60035,1.00,1.12
2015.09.10 06:10:08.154,1.60014,1.60036,1.00,1.85
2015.09.10 06:10:08.256,1.60014,1.60036,1.00,1.20
2015.09.10 06:10:08.461,1.60014,1.60039,1.50,1.87
2015.09.10 06:10:08.799,1.60025,1.60049,1.87,1.12
2015.09.10 06:10:09.002,1.60034,1.60052,1.12,1.20
2015.09.10 06:10:09.156,1.60033,1.60052,1.12,1.87
2015.09.10 06:10:09.207,1.60032,1.60051,1.75,2.25
2015.09.10 06:10:09.309,1.6003,1.6005,1.12,1.12
2015.09.10 06:10:09.756,1.60028,1.60047,1.12,1.12
2015.09.10 06:10:10.010,1.60031,1.6005,1.12,1.87
2015.09.10 06:10:10.569,1.60031,1.6005,1.12,1.50
2015.09.10 06:10:10.671,1.6003,1.6005,1.20,1.20
2015.09.10 06:10:10.863,1.60035,1.6005,1.05,1.00
2015.09.10 06:10:10.965,1.60036,1.60062,1.50,1.12
2015.09.10 06:10:11.017,1.60038,1.60064,1.80,1.12
2015.09.10 06:10:11.119,1.6004,1.60064,1.05,1.12
2015.09.10 06:10:11.322,1.60038,1.60063,1.20,1.12
2015.09.10 06:10:11.526,1.60038,1.60061,1.20,1.12
2015.09.10 06:10:11.876,1.60033,1.60058,1.75,1.20
2015.09.10 06:10:11.928,1.60033,1.60056,1.10,1.12
2015.09.10 06:10:11.981,1.60032,1.60055,1.45,1.50
2015.09.10 06:10:12.288,1.60025,1.60043,1.12,1.12
2015.09.10 06:10:12.595,1.60015,1.60034,1.20,1.75
2015.09.10 06:10:12.835,1.6001,1.60032,1.12,1.87
2015.09.10 06:10:12.887,1.6001,1.6003,1.12,1.20
2015.09.10 06:10:13.350,1.60008,1.60027,1.12,1.12
2015.09.10 06:10:13.910,1.60008,1.60025,1.50,1.12
2015.09.10 06:10:14.521,1.60001,1.60025,1.50,1.20
2015.09.10 06:10:14.624,1.60001,1.60019,1.50,1.12
2015.09.10 06:10:15.138,1.60002,1.60024,1.12,1.12
2015.09.10 06:10:15.190,1.60002,1.60024,1.82,1.12
2015.09.10 06:10:15.292,1.60001,1.60022,1.50,1.12
2015.09.10 06:10:15.955,1.60003,1.6002,1.12,1.12
2015.09.10 06:10:16.288,1.59994,1.60011,1.12,1.12
2015.09.10 06:10:17.951,1.59996,1.60013,1.07,1.12
2015.09.10 06:10:18.003,1.59996,1.60013,1.50,1.12
2015.09.10 06:10:18.156,1.59998,1.60015,1.50,1.12
2015.09.10 06:10:18.412,1.59991,1.60011,1.12,1.10
2015.09.10 06:10:18.635,1.59992,1.6001,1.50,1.10
2015.09.10 06:10:18.693,1.59991,1.6001,1.75,1.00
2015.09.10 06:10:18.897,1.59992,1.60012,1.50,1.20
2015.09.10 06:10:18.948,1.59992,1.60012,1.87,1.20
2015.09.10 06:10:19.355,1.59996,1.60013,1.12,1.10
2015.09.10 06:10:20.099,1.59994,1.60014,1.12,1.12
2015.09.10 06:10:20.625,1.59996,1.60014,1.57,1.12
2015.09.10 06:10:20.778,1.6,1.6002,1.00,1.00
2015.09.10 06:10:21.202,1.6,1.6002,1.75,1.00
2015.09.10 06:10:21.710,1.6,1.6002,1.12,1.10
2015.09.10 06:10:21.762,1.6,1.60019,1.87,1.50
2015.09.10 06:10:22.140,1.59986,1.60006,1.20,1.75
2015.09.10 06:10:22.192,1.59985,1.60003,1.20,1.87
2015.09.10 06:10:22.497,1.59982,1.59997,1.12,1.00
2015.09.10 06:10:22.650,1.59978,1.59997,1.75,1.20
2015.09.10 06:10:22.702,1.59976,1.59989,1.12,1.00
2015.09.10 06:10:22.753,1.59976,1.59989,1.12,1.00
2015.09.10 06:10:22.855,1.59976,1.59991,1.10,1.57
2015.09.10 06:10:22.906,1.59976,1.59991,1.57,1.50
2015.09.10 06:10:23.129,1.59976,1.59994,2.25,1.50
2015.09.10 06:10:23.180,1.5998,1.59994,1.75,1.00
2015.09.10 06:10:23.282,1.59975,1.59993,1.12,1.20
2015.09.10 06:10:23.333,1.59974,1.59993,1.12,1.87
2015.09.10 06:10:23.740,1.59977,1.59994,1.87,1.87
2015.09.10 06:10:24.174,1.59993,1.59997,1.00,1.00
2015.09.10 06:10:24.226,1.59993,1.60013,3.00,1.85
2015.09.10 06:10:24.277,1.59997,1.60014,1.12,1.12
2015.09.10 06:10:24.379,1.59998,1.60017,1.12,1.87
2015.09.10 06:10:24.430,1.59999,1.60017,1.12,1.57
2015.09.10 06:10:24.635,1.59998,1.60017,1.12,1.87
2015.09.10 06:10:24.737,1.59998,1.60012,1.12,1.00
2015.09.10 06:10:24.839,1.59991,1.6001,1.12,1.87
2015.09.10 06:10:24.941,1.59989,1.60009,1.12,1.12
2015.09.10 06:10:25.144,1.59987,1.59999,1.12,1.00
2015.09.10 06:10:25.196,1.59986,1.59999,1.75,1.00
2015.09.10 06:10:25.361,1.59986,1.59997,1.75,1.00
2015.09.10 06:10:25.569,1.59986,1.60002,1.75,1.00
2015.09.10 06:10:25.976,1.59987,1.60002,3.00,1.00
2015.09.10 06:10:26.028,1.59992,1.60006,1.12,1.75
2015.09.10 06:10:26.080,1.59992,1.60006,1.37,1.75
2015.09.10 06:10:26.366,1.6,1.60015,1.10,1.00
2015.09.10 06:10:26.468,1.6,1.60017,1.10,1.10
2015.09.10 06:10:26.621,1.6,1.60017,1.87,1.00
2015.09.10 06:10:26.927,1.6,1.60019,2.62,1.10
2015.09.10 06:10:27.624,1.6,1.6001,1.47,1.00
2015.09.10 06:10:27.932,1.59997,1.60005,1.12,1.00
2015.09.10 06:10:28.237,1.59997,1.60003,1.12,1.00
2015.09.10 06:10:28.542,1.59997,1.60006,1.12,1.00
2015.09.10 06:10:28.939,1.59998,1.60008,1.50,1.00
2015.09.10 06:10:29.092,1.59999,1.60017,1.47,1.12
2015.09.10 06:10:29.246,1.6,1.60018,1.50,1.12
2015.09.10 06:10:29.298,1.60001,1.60019,1.12,1.12
2015.09.10 06:10:29.351,1.60003,1.6002,1.45,2.25
2015.09.10 06:10:29.453,1.60003,1.60022,1.50,1.12
2015.09.10 06:10:29.861,1.60004,1.60022,2.32,1.12
2015.09.10 06:10:30.135,1.60009,1.60029,1.12,1.20
2015.09.10 06:10:30.339,1.60009,1.60027,1.12,1.00
2015.09.10 06:10:31.644,1.60008,1.60025,1.75,1.00
2015.09.10 06:10:31.949,1.60003,1.60021,1.75,1.50
2015.09.10 06:10:32.530,1.60002,1.60018,1.12,1.10
2015.09.10 06:10:32.854,1.59999,1.60015,1.12,1.87
2015.09.10 06:10:33.008,1.59997,1.60013,1.12,1.20
2015.09.10 06:10:33.110,1.59995,1.60012,1.12,1.12
2015.09.10 06:10:33.416,1.59996,1.60014,1.12,1.20
2015.09.10 06:10:33.742,1.59994,1.60012,1.12,1.87
2015.09.10 06:10:34.508,1.59992,1.60009,1.12,1.10
2015.09.10 06:10:35.021,1.59991,1.60009,1.12,1.20
2015.09.10 06:10:35.073,1.59991,1.60009,1.12,1.87
2015.09.10 06:10:37.601,1.59989,1.60007,1.12,1.12
2015.09.10 06:10:37.874,1.59988,1.60005,1.95,1.12
2015.09.10 06:10:38.030,1.59995,1.60014,1.12,1.12
2015.09.10 06:10:38.132,1.59996,1.60016,1.12,1.12
2015.09.10 06:10:38.336,1.59997,1.60017,1.50,1.12
2015.09.10 06:10:38.641,1.60002,1.60018,1.12,1.12
2015.09.10 06:10:38.692,1.60003,1.60021,1.12,1.12
2015.09.10 06:10:39.001,1.60004,1.60023,1.12,1.12
2015.09.10 06:10:39.052,1.60006,1.60023,1.12,1.12
2015.09.10 06:10:39.888,1.60006,1.60025,1.12,1.12
2015.09.10 06:10:40.227,1.60002,1.60022,1.50,1.12
2015.09.10 06:10:40.329,1.60004,1.60024,1.75,1.75
2015.09.10 06:10:40.532,1.60005,1.60024,1.12,1.50
2015.09.10 06:10:40.844,1.60005,1.60025,1.12,1.47
2015.09.10 06:10:41.998,1.60005,1.60027,1.12,1.12
2015.09.10 06:10:42.328,1.60005,1.60026,1.12,1.50
2015.09.10 06:10:42.769,1.60005,1.60024,1.12,1.12
2015.09.10 06:10:42.973,1.60005,1.60026,2.87,1.75
2015.09.10 06:10:43.076,1.60007,1.60027,1.12,1.75
2015.09.10 06:10:43.127,1.60007,1.60027,3.62,1.00
2015.09.10 06:10:43.229,1.60008,1.60029,2.24,1.00
2015.09.10 06:10:43.433,1.6001,1.60032,1.50,1.12
2015.09.10 06:10:44.208,1.6001,1.60033,3.62,1.20
2015.09.10 06:10:44.464,1.60015,1.60035,1.12,1.75
2015.09.10 06:10:44.516,1.60018,1.60041,1.87,2.62
2015.09.10 06:10:44.669,1.60022,1.60044,1.87,1.12
2015.09.10 06:10:44.995,1.60033,1.60055,1.12,1.47
2015.09.10 06:10:45.097,1.60033,1.60054,1.12,1.00
2015.09.10 06:10:45.148,1.60033,1.60048,1.12,1.00
2015.09.10 06:10:45.301,1.6003,1.60048,1.12,3.07
2015.09.10 06:10:45.403,1.60028,1.60038,1.12,1.00
2015.09.10 06:10:45.505,1.60023,1.60044,1.75,1.87
2015.09.10 06:10:45.905,1.60023,1.60041,1.50,1.00
2015.09.10 06:10:46.215,1.60025,1.60041,1.12,1.00
2015.09.10 06:10:46.724,1.60025,1.60042,1.12,1.10
2015.09.10 06:10:46.826,1.60025,1.60045,1.07,1.10
2015.09.10 06:10:46.878,1.60025,1.60045,2.70,1.10
2015.09.10 06:10:47.229,1.60031,1.60045,1.00,1.00
2015.09.10 06:10:47.534,1.60029,1.60042,1.07,1.00
2015.09.10 06:10:48.304,1.60026,1.6004,1.12,1.00
2015.09.10 06:10:48.356,1.60024,1.60041,2.20,1.00
2015.09.10 06:10:48.458,1.60025,1.60041,1.12,1.00
2015.09.10 06:10:48.779,1.60027,1.60039,1.75,1.00
2015.09.10 06:10:48.932,1.60027,1.60045,1.75,1.75
2015.09.10 06:10:49.135,1.60025,1.60043,1.12,1.12
2015.09.10 06:10:49.541,1.60029,1.60048,1.12,1.12
2015.09.10 06:10:49.593,1.60031,1.60048,1.12,1.12
2015.09.10 06:10:49.796,1.60032,1.6005,1.12,1.12
2015.09.10 06:10:52.135,1.60033,1.6005,1.85,1.12
2015.09.10 06:10:52.238,1.60041,1.60059,1.12,1.45
2015.09.10 06:10:52.645,1.60043,1.6006,1.85,1.50
2015.09.10 06:10:52.697,1.60045,1.6006,1.12,1.00
2015.09.10 06:10:52.748,1.60046,1.6006,1.12,1.00
2015.09.10 06:10:53.176,1.60041,1.60057,1.12,1.00
2015.09.10 06:10:53.228,1.60041,1.60058,1.12,1.10
2015.09.10 06:10:53.533,1.60044,1.60058,1.12,1.00
2015.09.10 06:10:54.071,1.60045,1.60058,1.12,1.00
2015.09.10 06:10:54.400,1.60045,1.6006,1.12,1.00
2015.09.10 06:10:54.504,1.60043,1.60056,1.12,1.00
2015.09.10 06:10:54.556,1.60043,1.60056,1.12,1.00
2015.09.10 06:10:55.065,1.60042,1.60056,1.12,1.10
2015.09.10 06:10:56.651,1.60041,1.60059,1.75,1.20
2015.09.10 06:10:57.618,1.60044,1.60063,1.75,1.75
2015.09.10 06:10:57.928,1.60049,1.60067,1.12,1.12
2015.09.10 06:10:58.184,1.60052,1.6007,1.45,2.25
2015.09.10 06:10:58.236,1.60053,1.6007,1.85,1.50
2015.09.10 06:10:58.288,1.60055,1.60074,1.75,1.75
2015.09.10 06:10:58.340,1.60056,1.60076,1.12,1.85
2015.09.10 06:10:58.391,1.60059,1.60078,1.75,1.75
2015.09.10 06:10:58.918,1.6006,1.60079,1.75,1.75
2015.09.10 06:10:59.020,1.60061,1.6008,1.12,1.85
2015.09.10 06:10:59.071,1.60063,1.6008,1.75,1.20
2015.09.10 06:10:59.123,1.60064,1.60081,1.12,1.20
2015.09.10 06:10:59.435,1.60063,1.60079,1.75,1.00
2015.09.10 06:10:59.488,1.60061,1.60079,1.12,1.00
2015.09.10 06:10:59.694,1.60061,1.60079,1.12,1.20
2015.09.10 06:10:59.919,1.60071,1.60085,1.12,1.00
2015.09.10 06:11:00.226,1.60075,1.6009,1.12,1.10
2015.09.10 06:11:00.482,1.6007,1.60087,1.12,1.12
2015.09.10 06:11:00.584,1.60071,1.6009,1.12,1.87
2015.09.10 06:11:00.686,1.60068,1.60089,1.12,1.95
2015.09.10 06:11:00.913,1.60067,1.60088,1.75,1.75
2015.09.10 06:11:01.016,1.6007,1.60089,1.75,2.25
2015.09.10 06:11:01.373,1.60071,1.60089,1.12,1.12
2015.09.10 06:11:01.880,1.60071,1.60086,1.12,1.00
2015.09.10 06:11:02.082,1.60069,1.60085,1.87,1.10
2015.09.10 06:11:02.235,1.60072,1.6009,1.75,2.25
2015.09.10 06:11:02.337,1.60074,1.6009,1.12,1.10
2015.09.10 06:11:02.643,1.6007,1.60088,1.12,1.20
2015.09.10 06:11:02.695,1.6007,1.60088,1.12,1.87
2015.09.10 06:11:02.797,1.6007,1.60084,1.12,1.00
2015.09.10 06:11:03.282,1.6007,1.60086,1.12,1.10
2015.09.10 06:11:04.098,1.60066,1.60085,1.12,1.12
2015.09.10 06:11:04.403,1.60065,1.60078,1.12,1.00
2015.09.10 06:11:04.750,1.60063,1.60074,1.12,1.00
2015.09.10 06:11:04.904,1.60061,1.60074,1.75,1.00
2015.09.10 06:11:05.007,1.60059,1.60074,1.45,1.00
2015.09.10 06:11:05.213,1.6006,1.60078,1.65,1.00
2015.09.10 06:11:05.315,1.6006,1.60081,2.02,1.20
2015.09.10 06:11:05.743,1.6006,1.60081,1.87,1.10
2015.09.10 06:11:05.845,1.60058,1.60079,1.12,1.00
2015.09.10 06:11:05.897,1.60057,1.60079,1.87,1.00
2015.09.10 06:11:05.948,1.60057,1.60076,1.37,1.00
2015.09.10 06:11:05.999,1.60055,1.60076,1.45,1.00
2015.09.10 06:11:06.050,1.60055,1.60072,1.45,1.00
2015.09.10 06:11:06.306,1.60034,1.60055,1.87,1.12
2015.09.10 06:11:06.410,1.60032,1.6005,1.50,1.00
2015.09.10 06:11:06.730,1.60025,1.6004,1.00,1.00
2015.09.10 06:11:06.884,1.60013,1.60036,1.75,1.50
2015.09.10 06:11:06.935,1.60013,1.60036,1.12,2.25
2015.09.10 06:11:07.088,1.6001,1.60029,1.75,1.75
2015.09.10 06:11:07.292,1.60008,1.60027,1.75,2.25
2015.09.10 06:11:07.718,1.60011,1.60028,1.75,1.00
2015.09.10 06:11:08.378,1.60011,1.60031,1.75,1.50
2015.09.10 06:11:08.581,1.60011,1.60028,1.75,1.00
2015.09.10 06:11:08.968,1.60011,1.60032,1.75,1.75
2015.09.10 06:11:09.020,1.60012,1.60035,1.12,1.20
2015.09.10 06:11:09.071,1.60016,1.60035,1.12,1.47
2015.09.10 06:11:09.226,1.60022,1.60036,1.00,1.12
2015.09.10 06:11:09.379,1.60028,1.60045,1.50,1.12
2015.09.10 06:11:09.430,1.60031,1.60045,1.00,1.12
2015.09.10 06:11:09.482,1.60031,1.60058,1.87,1.00
2015.09.10 06:11:09.533,1.60036,1.60057,1.00,1.00
2015.09.10 06:11:09.865,1.6003,1.60045,1.75,1.00
2015.09.10 06:11:09.918,1.60029,1.60045,1.07,1.00
2015.09.10 06:11:10.428,1.60028,1.60046,1.12,1.00
2015.09.10 06:11:11.104,1.60028,1.60047,1.12,1.10
2015.09.10 06:11:11.358,1.60028,1.60047,1.12,1.00
2015.09.10 06:11:11.816,1.6003,1.60048,1.37,2.25
2015.09.10 06:11:12.147,1.60039,1.60052,1.47,1.10
2015.09.10 06:11:12.200,1.60065,1.60075,1.50,1.12
2015.09.10 06:11:12.252,1.60076,1.60084,1.00,1.00
2015.09.10 06:11:12.303,1.60081,1.60085,1.50,1.50
2015.09.10 06:11:12.455,1.60095,1.60114,1.00,1.12
2015.09.10 06:11:12.557,1.60102,1.60117,1.00,1.12
2015.09.10 06:11:12.892,1.60102,1.60119,1.12,1.87
2015.09.10 06:11:13.045,1.60099,1.60118,1.50,1.05
2015.09.10 06:11:13.148,1.60098,1.60121,1.12,1.12
2015.09.10 06:11:13.251,1.60101,1.60119,1.20,2.87
2015.09.10 06:11:13.594,1.60082,1.60096,1.37,1.00
2015.09.10 06:11:13.650,1.60072,1.60093,1.12,1.75
2015.09.10 06:11:13.702,1.60068,1.60088,1.12,1.10
2015.09.10 06:11:13.806,1.60068,1.60082,1.12,1.00
2015.09.10 06:11:13.860,1.60062,1.60082,1.75,1.00
2015.09.10 06:11:13.913,1.60059,1.60078,1.12,1.00
2015.09.10 06:11:14.015,1.60055,1.60078,1.10,1.00
2015.09.10 06:11:14.118,1.60052,1.60074,1.12,1.00
2015.09.10 06:11:14.449,1.60049,1.60063,1.00,1.50
2015.09.10 06:11:14.652,1.6004,1.60063,1.00,2.32
2015.09.10 06:11:14.703,1.60044,1.60063,1.00,2.70
2015.09.10 06:11:14.806,1.60041,1.60062,1.00,1.50
2015.09.10 06:11:14.908,1.60034,1.60059,1.12,1.10
2015.09.10 06:11:15.011,1.60032,1.60053,1.12,1.00
2015.09.10 06:11:15.113,1.60029,1.60054,2.25,1.37
2015.09.10 06:11:15.340,1.60029,1.60046,1.75,1.00
2015.09.10 06:11:15.391,1.60018,1.60041,1.75,1.12
2015.09.10 06:11:15.443,1.60018,1.60039,1.00,1.47
2015.09.10 06:11:15.749,1.60019,1.60036,1.00,2.25
2015.09.10 06:11:15.903,1.60019,1.60038,1.00,1.87
2015.09.10 06:11:16.006,1.60011,1.60041,1.00,1.87
2015.09.10 06:11:16.058,1.60016,1.60041,1.00,1.87
2015.09.10 06:11:16.397,1.60052,1.60077,1.50,1.50
2015.09.10 06:11:16.449,1.60054,1.60077,1.00,1.12
2015.09.10 06:11:16.502,1.60056,1.60077,1.00,1.12
2015.09.10 06:11:16.656,1.60062,1.60087,1.37,1.50
2015.09.10 06:11:16.707,1.60062,1.60091,1.12,2.25
2015.09.10 06:11:16.810,1.60061,1.60089,1.87,1.75
2015.09.10 06:11:16.861,1.60067,1.60089,1.12,1.00
2015.09.10 06:11:16.912,1.60067,1.60093,1.50,1.20
2015.09.10 06:11:17.144,1.60069,1.60093,1.47,1.87
2015.09.10 06:11:17.450,1.60072,1.60078,1.12,1.00
2015.09.10 06:11:17.756,1.60072,1.60078,1.12,1.00
2015.09.10 06:11:17.807,1.60072,1.60081,1.12,1.00
2015.09.10 06:11:17.858,1.6007,1.60077,1.12,1.00
2015.09.10 06:11:17.960,1.60067,1.60078,1.12,1.00
2015.09.10 06:11:18.012,1.60067,1.60073,1.12,1.00
2015.09.10 06:11:18.552,1.60066,1.60072,1.12,1.00
2015.09.10 06:11:18.860,1.60064,1.6007,1.12,1.00
2015.09.10 06:11:18.962,1.60058,1.60064,1.75,1.00
2015.09.10 06:11:19.014,1.60058,1.60064,1.75,1.00
2015.09.10 06:11:19.247,1.60054,1.6006,1.75,1.00
2015.09.10 06:11:20.508,1.60051,1.60058,1.12,1.00
