2015.09.21 09:00:00.275,1.5775,1.57774,2.25,1.00
2015.09.21 09:00:00.548,1.57749,1.57772,1.75,1.00
2015.09.21 09:00:00.804,1.57739,1.57762,1.00,1.50
2015.09.21 09:00:01.154,1.57739,1.57761,1.00,2.17
2015.09.21 09:00:01.206,1.57734,1.57755,1.00,1.50
2015.09.21 09:00:01.259,1.57737,1.57755,1.00,1.50
2015.09.21 09:00:01.312,1.57737,1.57755,1.00,1.12
2015.09.21 09:00:01.516,1.57737,1.57761,2.25,1.00
2015.09.21 09:00:02.626,1.5774,1.57761,1.00,1.00
2015.09.21 09:00:02.982,1.57739,1.57763,1.00,1.00
2015.09.21 09:00:03.034,1.57739,1.5776,1.00,1.00
2015.09.21 09:00:03.544,1.57739,1.57762,3.75,1.00
2015.09.21 09:00:03.747,1.57742,1.57766,1.87,1.00
2015.09.21 09:00:04.127,1.57742,1.57766,1.87,2.85
2015.09.21 09:00:04.534,1.57742,1.57766,1.87,1.50
2015.09.21 09:00:04.897,1.57745,1.57766,1.00,1.00
2015.09.21 09:00:05.405,1.57744,1.57766,1.12,1.00
2015.09.21 09:00:06.085,1.57748,1.57766,1.00,1.00
2015.09.21 09:00:06.716,1.57745,1.57766,1.00,1.00
2015.09.21 09:00:07.448,1.57748,1.57767,1.00,1.00
2015.09.21 09:00:07.557,1.57745,1.57766,1.50,1.00
2015.09.21 09:00:08.187,1.57745,1.57766,1.00,1.37
2015.09.21 09:00:09.033,1.57745,1.57766,1.50,1.00
2015.09.21 09:00:09.140,1.57745,1.57766,1.12,1.00
2015.09.21 09:00:09.191,1.57743,1.57766,1.00,1.37
2015.09.21 09:00:09.293,1.57743,1.57766,1.00,1.37
2015.09.21 09:00:09.345,1.57741,1.57765,1.87,1.37
2015.09.21 09:00:11.979,1.57744,1.57763,1.35,1.00
2015.09.21 09:00:12.031,1.57744,1.57768,1.35,1.12
2015.09.21 09:00:12.133,1.57743,1.57768,1.00,1.37
2015.09.21 09:00:12.185,1.57741,1.57764,1.87,1.00
2015.09.21 09:00:12.512,1.57742,1.57766,1.00,1.00
2015.09.21 09:00:12.567,1.57746,1.57765,1.00,1.00
2015.09.21 09:00:13.279,1.57743,1.57765,3.00,1.00
2015.09.21 09:00:13.533,1.57743,1.57762,1.37,1.00
2015.09.21 09:00:13.686,1.57741,1.57762,1.00,1.00
2015.09.21 09:00:14.228,1.57741,1.57761,1.00,1.00
2015.09.21 09:00:14.489,1.57743,1.57761,1.37,1.00
2015.09.21 09:00:14.642,1.57741,1.57762,1.37,1.00
2015.09.21 09:00:14.948,1.57739,1.57761,1.37,1.00
2015.09.21 09:00:14.999,1.57739,1.57757,1.37,1.00
2015.09.21 09:00:15.363,1.57739,1.57762,1.87,1.00
2015.09.21 09:00:15.986,1.57739,1.57759,1.50,1.00
2015.09.21 09:00:16.088,1.57736,1.57759,1.20,2.62
2015.09.21 09:00:16.190,1.57733,1.57753,1.12,1.00
2015.09.21 09:00:16.841,1.57736,1.57759,1.00,1.12
2015.09.21 09:00:16.994,1.57737,1.57762,1.00,1.00
2015.09.21 09:00:17.096,1.57737,1.57762,1.85,1.00
2015.09.21 09:00:17.605,1.57739,1.57762,1.12,1.00
2015.09.21 09:00:18.121,1.5774,1.57762,1.00,1.00
2015.09.21 09:00:19.498,1.57742,1.57765,1.37,1.00
2015.09.21 09:00:19.803,1.57747,1.57767,1.00,1.00
2015.09.21 09:00:20.235,1.57746,1.57767,1.12,1.00
2015.09.21 09:00:21.142,1.57748,1.57772,1.37,1.00
2015.09.21 09:00:22.642,1.57748,1.57772,1.37,1.00
2015.09.21 09:00:26.300,1.5775,1.57774,1.37,1.50
2015.09.21 09:00:26.825,1.5775,1.57772,1.37,1.00
2015.09.21 09:00:27.343,1.5775,1.57772,1.00,1.00
2015.09.21 09:00:28.609,1.57752,1.57774,1.00,2.25
2015.09.21 09:00:29.502,1.57752,1.57774,1.00,1.50
2015.09.21 09:00:30.318,1.57747,1.57767,1.50,1.37
2015.09.21 09:00:30.650,1.57735,1.57752,1.00,1.87
2015.09.21 09:00:30.701,1.57725,1.57751,1.00,1.00
2015.09.21 09:00:30.803,1.57724,1.57752,1.37,1.95
2015.09.21 09:00:30.904,1.57726,1.57751,1.37,1.00
2015.09.21 09:00:30.957,1.57726,1.57744,1.37,1.00
2015.09.21 09:00:31.010,1.57723,1.57744,1.75,1.00
2015.09.21 09:00:31.162,1.57723,1.57749,2.25,1.35
2015.09.21 09:00:31.366,1.57723,1.57747,1.75,1.00
2015.09.21 09:00:31.519,1.57722,1.57747,1.12,1.00
2015.09.21 09:00:31.881,1.57725,1.57748,1.00,1.00
2015.09.21 09:00:34.133,1.57725,1.57748,1.87,1.00
2015.09.21 09:00:37.098,1.57727,1.57748,1.87,1.00
2015.09.21 09:00:39.610,1.57727,1.57748,2.62,1.00
2015.09.21 09:00:39.864,1.57734,1.57757,1.50,1.00
2015.09.21 09:00:40.018,1.57737,1.57757,1.00,1.00
2015.09.21 09:00:40.323,1.57744,1.57754,1.00,1.00
2015.09.21 09:00:48.273,1.57744,1.57754,1.87,1.00
2015.09.21 09:00:50.419,1.57745,1.57754,1.37,1.00
2015.09.21 09:00:52.634,1.57744,1.57754,1.10,1.00
2015.09.21 09:00:52.686,1.57741,1.57754,1.10,1.00
2015.09.21 09:00:53.299,1.5774,1.57755,1.00,1.00
2015.09.21 09:00:53.351,1.57735,1.57755,1.37,1.00
2015.09.21 09:00:53.606,1.57737,1.57752,1.37,1.00
2015.09.21 09:00:53.759,1.57738,1.57756,1.12,1.00
2015.09.21 09:00:54.368,1.57741,1.57756,1.00,1.00
2015.09.21 09:00:54.897,1.57741,1.57755,1.00,1.00
2015.09.21 09:00:55.406,1.57741,1.57756,1.00,1.00
2015.09.21 09:00:55.457,1.57737,1.57756,1.37,1.00
2015.09.21 09:00:55.973,1.57737,1.57753,1.00,1.00
2015.09.21 09:00:56.025,1.57735,1.57755,1.00,1.00
2015.09.21 09:00:57.614,1.57735,1.57755,1.37,1.00
2015.09.21 09:00:58.195,1.57737,1.57755,1.00,1.00
2015.09.21 09:00:58.348,1.57737,1.57755,1.37,1.00
2015.09.21 09:00:58.864,1.57737,1.57756,1.37,1.00
2015.09.21 09:00:59.482,1.57741,1.57756,1.00,1.00
2015.09.21 09:00:59.787,1.57743,1.57754,1.35,1.00
2015.09.21 09:01:00.092,1.57753,1.57757,2.47,1.00
2015.09.21 09:01:00.143,1.57755,1.5776,1.60,1.00
2015.09.21 09:01:00.195,1.57755,1.57762,1.60,1.00
2015.09.21 09:01:00.520,1.57755,1.57768,1.97,1.00
2015.09.21 09:01:00.572,1.57757,1.57775,1.12,1.00
2015.09.21 09:01:01.529,1.57757,1.5778,1.12,1.00
2015.09.21 09:01:02.580,1.57761,1.5778,2.10,1.00
2015.09.21 09:01:02.631,1.57758,1.5778,2.85,1.00
2015.09.21 09:01:02.683,1.57764,1.57777,1.00,1.00
2015.09.21 09:01:02.734,1.57764,1.5778,1.00,1.00
2015.09.21 09:01:02.786,1.57764,1.57781,1.60,1.00
2015.09.21 09:01:02.839,1.57768,1.57786,1.60,1.50
2015.09.21 09:01:02.942,1.57773,1.57787,1.60,1.00
2015.09.21 09:01:02.993,1.57773,1.5779,1.00,1.07
2015.09.21 09:01:03.350,1.57773,1.57786,1.00,1.00
2015.09.21 09:01:03.709,1.57773,1.57788,1.00,1.00
2015.09.21 09:01:03.811,1.57773,1.5779,1.00,1.00
2015.09.21 09:01:03.862,1.57773,1.57792,1.00,1.50
2015.09.21 09:01:03.914,1.5777,1.57792,1.00,1.50
2015.09.21 09:01:04.016,1.57767,1.57788,1.37,1.00
2015.09.21 09:01:04.321,1.57758,1.57778,1.75,1.60
2015.09.21 09:01:04.372,1.57758,1.57777,1.00,1.60
2015.09.21 09:01:04.648,1.57758,1.57773,1.00,1.45
2015.09.21 09:01:04.701,1.57743,1.5777,1.00,1.50
2015.09.21 09:01:05.008,1.57742,1.57761,1.00,1.00
2015.09.21 09:01:05.160,1.5774,1.57761,1.50,1.00
2015.09.21 09:01:05.313,1.57738,1.57763,2.55,1.00
2015.09.21 09:01:05.416,1.57738,1.57759,1.12,1.00
2015.09.21 09:01:05.825,1.57736,1.57756,1.85,1.00
2015.09.21 09:01:05.876,1.57734,1.57756,1.12,1.00
2015.09.21 09:01:06.137,1.57733,1.57756,1.00,1.00
2015.09.21 09:01:06.392,1.5773,1.57756,1.12,2.05
2015.09.21 09:01:06.443,1.5773,1.57756,1.00,1.67
2015.09.21 09:01:06.495,1.5773,1.57756,1.00,2.05
2015.09.21 09:01:06.699,1.57725,1.57753,2.25,1.50
2015.09.21 09:01:06.751,1.57725,1.57745,2.25,1.00
2015.09.21 09:01:06.802,1.57725,1.57745,1.20,1.00
2015.09.21 09:01:07.452,1.57728,1.57745,1.00,1.00
2015.09.21 09:01:07.504,1.57728,1.57747,1.00,1.00
2015.09.21 09:01:07.656,1.57726,1.57747,1.00,1.00
2015.09.21 09:01:07.758,1.57729,1.57747,1.00,1.00
2015.09.21 09:01:07.911,1.57731,1.5775,1.00,1.00
2015.09.21 09:01:08.115,1.57731,1.57747,1.00,1.00
2015.09.21 09:01:08.523,1.57728,1.57749,1.00,1.00
2015.09.21 09:01:08.779,1.57727,1.57745,1.00,1.00
2015.09.21 09:01:08.881,1.57724,1.57747,1.50,1.00
2015.09.21 09:01:09.084,1.57724,1.57743,1.00,1.00
2015.09.21 09:01:09.236,1.57724,1.57746,1.00,1.00
2015.09.21 09:01:09.876,1.57724,1.57741,1.00,1.00
2015.09.21 09:01:10.085,1.57721,1.57741,1.50,1.00
2015.09.21 09:01:10.290,1.57721,1.57743,1.00,1.12
2015.09.21 09:01:10.493,1.57721,1.57737,1.00,1.00
2015.09.21 09:01:10.646,1.57721,1.5774,1.00,1.00
2015.09.21 09:01:12.391,1.57723,1.5774,1.00,1.00
2015.09.21 09:01:12.731,1.57729,1.57741,1.00,1.00
2015.09.21 09:01:12.790,1.57729,1.57747,1.50,1.00
2015.09.21 09:01:12.841,1.57731,1.57747,1.60,1.00
2015.09.21 09:01:12.892,1.57731,1.57753,1.60,1.00
2015.09.21 09:01:12.994,1.57733,1.57753,1.00,1.00
2015.09.21 09:01:13.098,1.57728,1.57747,1.57,1.00
2015.09.21 09:01:13.600,1.57727,1.57747,1.00,1.00
2015.09.21 09:01:13.702,1.57727,1.57745,1.00,1.00
2015.09.21 09:01:14.122,1.57723,1.57745,1.00,1.12
2015.09.21 09:01:14.834,1.57727,1.57745,1.00,1.12
2015.09.21 09:01:16.220,1.57727,1.57746,1.00,1.00
2015.09.21 09:01:16.654,1.57725,1.57746,1.00,1.00
2015.09.21 09:01:17.009,1.57725,1.57743,1.00,1.00
2015.09.21 09:01:18.882,1.57725,1.57744,1.00,1.00
2015.09.21 09:01:19.229,1.57725,1.57744,1.37,1.00
2015.09.21 09:01:19.780,1.57725,1.57745,1.37,1.00
2015.09.21 09:01:20.090,1.57725,1.57745,1.37,1.00
2015.09.21 09:01:20.496,1.57725,1.57745,2.25,1.00
2015.09.21 09:01:21.046,1.57726,1.57745,1.35,1.00
2015.09.21 09:01:21.249,1.57725,1.57745,2.10,1.00
2015.09.21 09:01:21.301,1.57725,1.57747,2.10,1.00
2015.09.21 09:01:21.504,1.57729,1.57747,1.30,1.37
2015.09.21 09:01:21.810,1.5772,1.57743,1.35,1.37
2015.09.21 09:01:21.861,1.57723,1.57743,1.30,1.37
2015.09.21 09:01:23.059,1.57718,1.57743,1.87,2.25
2015.09.21 09:01:23.354,1.57718,1.57731,1.00,1.00
2015.09.21 09:01:23.405,1.57707,1.57731,2.62,1.00
2015.09.21 09:01:23.456,1.57707,1.57729,2.62,1.00
2015.09.21 09:01:23.967,1.57707,1.57729,2.62,1.00
2015.09.21 09:01:24.271,1.57709,1.57732,1.87,1.00
2015.09.21 09:01:24.636,1.57714,1.57737,1.37,1.12
2015.09.21 09:01:24.788,1.57712,1.57731,1.00,1.00
2015.09.21 09:01:25.296,1.57711,1.57731,1.12,1.00
2015.09.21 09:01:25.808,1.57711,1.57734,1.50,1.00
2015.09.21 09:01:26.114,1.57714,1.57734,1.37,1.00
2015.09.21 09:01:26.630,1.57714,1.57735,1.37,1.00
2015.09.21 09:01:26.782,1.57714,1.57735,1.37,1.00
2015.09.21 09:01:27.519,1.57717,1.57739,2.25,1.00
2015.09.21 09:01:28.037,1.57718,1.5774,1.75,1.00
2015.09.21 09:01:28.799,1.57726,1.5774,2.10,1.00
2015.09.21 09:01:28.852,1.57725,1.5774,2.10,1.00
2015.09.21 09:01:28.904,1.5773,1.57743,1.00,1.00
2015.09.21 09:01:29.006,1.57729,1.57746,2.10,1.00
2015.09.21 09:01:29.058,1.57726,1.57749,1.12,1.07
2015.09.21 09:01:29.109,1.57726,1.57742,1.37,1.00
2015.09.21 09:01:29.313,1.57719,1.57737,1.00,1.00
2015.09.21 09:01:29.364,1.57715,1.57736,1.35,1.00
2015.09.21 09:01:29.466,1.57717,1.5774,1.00,1.50
2015.09.21 09:01:29.973,1.57717,1.5774,1.00,1.00
2015.09.21 09:01:30.126,1.57717,1.5774,1.37,1.00
2015.09.21 09:01:30.533,1.57717,1.5774,1.37,1.00
2015.09.21 09:01:30.686,1.57721,1.5774,1.00,1.00
2015.09.21 09:01:30.996,1.57723,1.5774,1.00,1.00
2015.09.21 09:01:31.048,1.57723,1.57743,1.00,1.00
2015.09.21 09:01:31.411,1.57719,1.57738,1.37,1.00
2015.09.21 09:01:31.468,1.57719,1.5774,1.37,1.00
2015.09.21 09:01:31.975,1.57719,1.5774,1.37,1.00
2015.09.21 09:01:32.717,1.57719,1.57742,1.37,1.00
2015.09.21 09:01:34.040,1.57722,1.57742,1.00,1.00
2015.09.21 09:01:34.861,1.57722,1.57742,1.00,1.37
2015.09.21 09:01:35.750,1.57722,1.57741,1.00,1.12
2015.09.21 09:01:35.802,1.57703,1.57726,3.00,1.37
2015.09.21 09:01:36.056,1.57703,1.57726,1.00,1.00
2015.09.21 09:01:36.310,1.57703,1.57725,1.00,2.17
2015.09.21 09:01:36.617,1.57695,1.57714,1.50,1.35
2015.09.21 09:01:36.668,1.57693,1.57713,1.37,1.00
2015.09.21 09:01:36.720,1.57693,1.57713,1.00,1.00
2015.09.21 09:01:37.147,1.57692,1.57714,1.87,1.35
2015.09.21 09:01:37.705,1.57692,1.57714,1.50,1.35
2015.09.21 09:01:37.807,1.57691,1.57714,1.37,1.72
2015.09.21 09:01:37.858,1.57691,1.57714,1.37,2.10
2015.09.21 09:01:38.011,1.5769,1.57713,1.12,2.70
2015.09.21 09:01:39.339,1.5769,1.57711,1.12,1.20
2015.09.21 09:01:39.798,1.57691,1.57715,1.12,1.45
2015.09.21 09:01:40.326,1.57691,1.57715,1.37,1.45
2015.09.21 09:01:40.841,1.57691,1.57715,1.12,1.45
2015.09.21 09:01:41.044,1.57691,1.57715,1.72,1.45
2015.09.21 09:01:41.625,1.57694,1.57717,1.37,1.00
2015.09.21 09:01:41.930,1.57696,1.5772,1.12,1.10
2015.09.21 09:01:43.802,1.57693,1.57705,1.75,2.10
2015.09.21 09:01:44.005,1.57684,1.577,1.95,2.10
2015.09.21 09:01:44.057,1.57682,1.57704,1.37,1.12
2015.09.21 09:01:44.704,1.57685,1.57705,1.00,1.20
2015.09.21 09:01:44.756,1.57688,1.5771,1.00,1.50
2015.09.21 09:01:45.367,1.57686,1.57708,1.37,1.12
2015.09.21 09:01:47.039,1.57685,1.57704,1.50,1.35
2015.09.21 09:01:47.345,1.57673,1.57692,1.47,1.00
2015.09.21 09:01:47.883,1.57671,1.57692,2.25,1.50
2015.09.21 09:01:48.931,1.57671,1.57692,2.25,1.00
2015.09.21 09:01:49.286,1.57675,1.57695,1.37,1.00
2015.09.21 09:01:49.588,1.57675,1.57693,1.37,1.00
2015.09.21 09:01:50.576,1.57675,1.57692,1.37,1.00
2015.09.21 09:01:50.678,1.57675,1.57695,1.37,1.00
2015.09.21 09:01:51.597,1.57675,1.57696,1.37,1.00
2015.09.21 09:01:53.863,1.57675,1.57696,1.37,1.00
2015.09.21 09:01:54.529,1.57677,1.57697,1.37,1.00
2015.09.21 09:01:54.820,1.57677,1.57697,1.12,1.00
2015.09.21 09:01:55.935,1.57679,1.57698,1.00,1.37
2015.09.21 09:01:56.241,1.57683,1.57702,1.12,1.75
2015.09.21 09:01:56.343,1.57686,1.57706,1.00,1.50
2015.09.21 09:01:56.497,1.57686,1.57707,1.00,1.57
2015.09.21 09:01:56.701,1.57686,1.5771,1.00,1.82
2015.09.21 09:01:56.803,1.5769,1.5771,1.00,1.57
2015.09.21 09:01:57.308,1.5769,1.57712,1.00,2.32
2015.09.21 09:01:59.391,1.5769,1.57707,1.12,1.00
2015.09.21 09:01:59.594,1.57682,1.57704,1.87,2.10
2015.09.21 09:01:59.646,1.5768,1.57704,1.37,1.72
2015.09.21 09:01:59.697,1.57684,1.57704,1.00,1.37
2015.09.21 09:02:00.088,1.57684,1.57705,1.00,1.00
2015.09.21 09:02:00.596,1.57684,1.57706,1.00,1.00
2015.09.21 09:02:01.804,1.57686,1.57709,1.00,1.95
2015.09.21 09:02:01.855,1.57686,1.57709,1.37,1.57
2015.09.21 09:02:02.363,1.57686,1.57708,1.00,1.57
2015.09.21 09:02:03.210,1.57684,1.57707,1.00,1.00
2015.09.21 09:02:03.706,1.57687,1.57708,1.00,1.10
2015.09.21 09:02:03.910,1.57687,1.57711,1.00,1.37
2015.09.21 09:02:04.063,1.57691,1.57711,1.87,1.00
2015.09.21 09:02:04.114,1.57691,1.57714,2.25,1.12
2015.09.21 09:02:04.166,1.57691,1.57714,2.25,1.00
2015.09.21 09:02:04.217,1.57691,1.57717,2.25,1.00
2015.09.21 09:02:04.731,1.57691,1.57716,3.00,1.00
2015.09.21 09:02:04.884,1.57691,1.57712,2.25,1.35
2015.09.21 09:02:05.393,1.57691,1.57712,1.00,1.67
2015.09.21 09:02:06.823,1.57691,1.57712,1.00,1.30
2015.09.21 09:02:06.975,1.57693,1.57716,1.12,1.35
2015.09.21 09:02:07.027,1.57695,1.57716,1.00,1.35
2015.09.21 09:02:08.431,1.57693,1.57716,1.12,1.35
2015.09.21 09:02:09.156,1.57695,1.57716,1.50,1.00
2015.09.21 09:02:10.092,1.57698,1.57716,1.00,1.00
2015.09.21 09:02:10.194,1.57698,1.57718,1.00,1.00
2015.09.21 09:02:10.563,1.57698,1.57721,1.87,1.00
2015.09.21 09:02:11.071,1.57698,1.57721,2.25,1.00
2015.09.21 09:02:12.375,1.57701,1.57721,1.00,1.00
2015.09.21 09:02:12.681,1.57703,1.57725,1.75,1.10
2015.09.21 09:02:13.000,1.57703,1.57723,1.75,1.00
2015.09.21 09:02:13.306,1.57703,1.57725,1.75,1.10
2015.09.21 09:02:13.793,1.57703,1.57725,1.00,1.10
2015.09.21 09:02:13.997,1.57707,1.57727,1.00,1.07
2015.09.21 09:02:14.150,1.57707,1.57729,1.00,1.20
2015.09.21 09:02:14.404,1.57707,1.57726,1.00,1.00
2015.09.21 09:02:18.877,1.57708,1.57726,1.00,1.00
2015.09.21 09:02:20.480,1.57708,1.57729,1.12,1.50
2015.09.21 09:02:20.531,1.57711,1.57729,1.00,1.50
2015.09.21 09:02:21.882,1.57714,1.57729,1.00,1.00
2015.09.21 09:02:22.035,1.57711,1.57729,1.00,1.00
2015.09.21 09:02:26.674,1.57709,1.5773,1.00,1.00
2015.09.21 09:02:26.878,1.57707,1.57731,1.50,1.50
2015.09.21 09:02:26.980,1.57707,1.57727,1.00,1.00
2015.09.21 09:02:28.861,1.57715,1.57727,1.00,1.00
2015.09.21 09:02:29.013,1.57715,1.57732,1.00,1.37
2015.09.21 09:02:29.521,1.57715,1.57732,1.00,1.00
2015.09.21 09:02:30.523,1.57717,1.57734,1.00,1.00
2015.09.21 09:02:31.284,1.57717,1.57738,1.50,1.00
2015.09.21 09:02:31.386,1.57717,1.57734,1.50,1.00
2015.09.21 09:02:34.612,1.57717,1.57737,1.50,1.00
2015.09.21 09:02:34.866,1.5772,1.57737,1.00,1.00
2015.09.21 09:02:36.220,1.57717,1.57737,1.00,1.00
2015.09.21 09:02:36.373,1.57717,1.57734,1.00,1.00
2015.09.21 09:02:37.949,1.57717,1.57737,1.00,1.00
2015.09.21 09:02:38.881,1.57715,1.57737,1.12,1.00
2015.09.21 09:02:38.984,1.57714,1.57733,1.00,1.00
2015.09.21 09:02:39.087,1.57712,1.57733,1.87,1.00
2015.09.21 09:02:39.191,1.57712,1.57731,1.00,1.00
2015.09.21 09:02:40.648,1.57714,1.57731,1.00,1.00
2015.09.21 09:02:41.799,1.57712,1.57731,1.00,1.00
2015.09.21 09:02:42.984,1.57713,1.57731,1.00,1.00
2015.09.21 09:02:43.480,1.5771,1.57731,1.50,1.00
2015.09.21 09:02:43.632,1.5771,1.57726,1.00,1.00
2015.09.21 09:02:43.885,1.57708,1.57726,1.00,1.00
2015.09.21 09:02:44.284,1.57708,1.5773,1.37,1.37
2015.09.21 09:02:44.815,1.5771,1.5773,1.00,1.00
2015.09.21 09:02:45.750,1.57714,1.5773,1.00,1.00
2015.09.21 09:02:46.055,1.57719,1.57735,1.00,1.00
2015.09.21 09:02:46.208,1.57716,1.57735,1.87,1.00
2015.09.21 09:02:46.665,1.57719,1.57735,1.00,1.00
2015.09.21 09:02:47.289,1.57727,1.57744,1.37,1.87
2015.09.21 09:02:47.343,1.57734,1.57747,1.50,1.00
2015.09.21 09:02:47.395,1.57739,1.57747,1.00,1.00
2015.09.21 09:02:47.499,1.57739,1.57757,1.00,1.45
2015.09.21 09:02:47.602,1.57739,1.57753,1.00,1.00
2015.09.21 09:02:47.856,1.57739,1.5776,1.00,1.37
2015.09.21 09:02:47.908,1.57735,1.57757,1.37,1.07
2015.09.21 09:02:48.010,1.57738,1.57752,1.00,1.00
2015.09.21 09:02:48.061,1.57735,1.57752,1.00,1.00
2015.09.21 09:02:48.427,1.57735,1.57755,1.00,1.07
2015.09.21 09:02:48.936,1.57735,1.57755,1.00,1.00
2015.09.21 09:02:49.888,1.57735,1.57751,1.00,1.00
2015.09.21 09:02:50.404,1.57735,1.57752,1.00,1.00
2015.09.21 09:02:50.940,1.57737,1.57752,1.00,1.00
2015.09.21 09:02:51.342,1.57737,1.57755,1.00,1.00
2015.09.21 09:02:51.596,1.57739,1.57755,1.00,1.00
2015.09.21 09:02:54.190,1.57736,1.57755,1.12,1.00
2015.09.21 09:02:54.469,1.57739,1.57755,1.00,1.00
2015.09.21 09:02:54.521,1.57737,1.57755,1.00,1.00
2015.09.21 09:02:54.572,1.57734,1.57755,1.00,1.00
2015.09.21 09:02:54.903,1.57733,1.57752,1.00,1.00
2015.09.21 09:02:55.410,1.57732,1.57752,1.00,1.00
2015.09.21 09:02:56.184,1.57733,1.57752,1.00,1.00
2015.09.21 09:02:59.900,1.57736,1.57752,1.00,1.00
2015.09.21 09:03:00.103,1.57732,1.57752,1.00,1.00
2015.09.21 09:03:00.508,1.5773,1.57751,1.00,1.00
2015.09.21 09:03:00.610,1.5773,1.57748,1.00,1.00
2015.09.21 09:03:01.016,1.57737,1.57761,1.37,1.00
2015.09.21 09:03:01.068,1.57737,1.57761,1.20,2.10
2015.09.21 09:03:01.170,1.57736,1.57759,1.10,1.60
2015.09.21 09:03:01.222,1.57734,1.57756,1.12,1.60
2015.09.21 09:03:01.324,1.57732,1.57755,2.62,1.35
2015.09.21 09:03:01.578,1.57732,1.57755,1.87,1.35
2015.09.21 09:03:02.354,1.57735,1.57757,1.37,1.00
2015.09.21 09:03:02.862,1.57735,1.57757,1.37,1.00
2015.09.21 09:03:03.139,1.57735,1.57759,1.37,1.00
2015.09.21 09:03:03.953,1.57735,1.5776,1.87,1.72
2015.09.21 09:03:04.055,1.57735,1.5776,1.87,1.12
2015.09.21 09:03:04.208,1.57735,1.57757,1.37,1.00
2015.09.21 09:03:04.310,1.57735,1.57757,1.12,1.00
2015.09.21 09:03:04.515,1.57732,1.57754,1.87,1.00
2015.09.21 09:03:04.618,1.57732,1.57754,1.12,1.00
2015.09.21 09:03:05.240,1.57731,1.57754,1.12,1.00
2015.09.21 09:03:06.224,1.57733,1.57757,1.00,1.57
2015.09.21 09:03:06.480,1.5773,1.57755,1.87,1.00
2015.09.21 09:03:06.930,1.5773,1.57755,1.87,1.00
2015.09.21 09:03:07.419,1.57731,1.57754,1.00,1.87
2015.09.21 09:03:07.521,1.57728,1.57751,1.50,1.00
2015.09.21 09:03:08.617,1.57728,1.57749,1.12,1.00
2015.09.21 09:03:13.487,1.57728,1.57751,1.00,1.50
2015.09.21 09:03:13.792,1.57729,1.57751,1.50,1.12
2015.09.21 09:03:13.945,1.57726,1.57751,2.25,1.75
2015.09.21 09:03:14.098,1.57723,1.57745,1.57,1.00
2015.09.21 09:03:14.200,1.57722,1.57745,1.20,1.00
2015.09.21 09:03:14.787,1.57723,1.57745,1.00,1.50
2015.09.21 09:03:14.992,1.57725,1.57746,1.00,1.37
2015.09.21 09:03:15.094,1.57725,1.5775,1.50,1.75
2015.09.21 09:03:15.146,1.57725,1.5775,1.87,1.37
2015.09.21 09:03:15.197,1.57728,1.5775,1.00,1.37
2015.09.21 09:03:15.584,1.57727,1.57741,1.00,1.00
2015.09.21 09:03:15.790,1.57721,1.57739,1.00,1.00
2015.09.21 09:03:16.045,1.57719,1.57738,1.00,1.00
2015.09.21 09:03:16.401,1.57715,1.57737,1.35,1.00
2015.09.21 09:03:16.862,1.57712,1.57734,1.37,1.00
2015.09.21 09:03:17.392,1.57712,1.57732,1.00,1.00
2015.09.21 09:03:17.696,1.57708,1.57731,1.37,1.75
2015.09.21 09:03:18.052,1.57708,1.57731,1.50,1.75
2015.09.21 09:03:18.960,1.57712,1.57732,1.00,1.75
2015.09.21 09:03:19.062,1.57708,1.57728,1.12,1.12
2015.09.21 09:03:19.730,1.57709,1.57731,1.37,2.25
2015.09.21 09:03:20.873,1.57709,1.57731,1.37,2.25
2015.09.21 09:03:21.283,1.5771,1.57731,1.87,1.00
2015.09.21 09:03:22.329,1.57712,1.57729,1.00,1.00
2015.09.21 09:03:22.380,1.5771,1.57729,1.00,1.37
2015.09.21 09:03:22.980,1.57703,1.57725,1.00,1.75
2015.09.21 09:03:23.587,1.57703,1.57726,1.00,1.95
2015.09.21 09:03:23.639,1.57703,1.57726,1.00,1.57
2015.09.21 09:03:25.319,1.57703,1.57722,1.00,1.00
2015.09.21 09:03:25.887,1.57703,1.57725,1.00,1.07
2015.09.21 09:03:26.484,1.57703,1.57725,1.00,1.00
2015.09.21 09:03:26.850,1.57703,1.57725,1.37,1.00
2015.09.21 09:03:27.176,1.57707,1.5773,1.37,1.10
2015.09.21 09:03:27.688,1.57707,1.5773,1.37,1.00
2015.09.21 09:03:28.024,1.57707,1.5773,1.37,1.00
2015.09.21 09:03:28.076,1.5771,1.57732,1.37,1.00
2015.09.21 09:03:28.625,1.57711,1.57733,1.12,1.00
2015.09.21 09:03:29.251,1.57713,1.57734,1.00,1.50
2015.09.21 09:03:30.375,1.57711,1.57734,1.37,2.25
2015.09.21 09:03:33.372,1.57711,1.57727,1.00,1.00
2015.09.21 09:03:33.681,1.57705,1.57721,1.10,1.50
2015.09.21 09:03:33.732,1.57695,1.5772,1.87,1.00
2015.09.21 09:03:33.885,1.57697,1.57714,1.00,1.00
2015.09.21 09:03:33.936,1.57695,1.57714,1.00,1.00
2015.09.21 09:03:34.253,1.57691,1.57713,1.12,1.50
2015.09.21 09:03:34.304,1.57691,1.5771,1.00,1.00
2015.09.21 09:03:34.458,1.57686,1.57709,1.00,1.00
2015.09.21 09:03:34.980,1.57686,1.57708,1.37,1.00
2015.09.21 09:03:36.920,1.57685,1.57708,1.75,1.00
2015.09.21 09:03:39.077,1.57685,1.57705,1.37,1.00
2015.09.21 09:03:39.395,1.57682,1.57703,1.50,1.00
2015.09.21 09:03:39.906,1.57681,1.57702,1.12,1.00
2015.09.21 09:03:41.714,1.57679,1.57702,1.75,1.00
2015.09.21 09:03:41.765,1.57679,1.57702,1.00,1.00
2015.09.21 09:03:41.919,1.57679,1.577,1.00,1.00
2015.09.21 09:03:42.458,1.57678,1.577,1.00,1.00
2015.09.21 09:03:48.022,1.57678,1.57701,1.00,1.12
2015.09.21 09:03:51.620,1.57679,1.57701,1.00,1.12
2015.09.21 09:03:51.925,1.57682,1.57701,1.00,1.00
2015.09.21 09:03:53.725,1.57682,1.57703,1.00,1.87
2015.09.21 09:03:54.142,1.57682,1.577,1.00,1.00
2015.09.21 09:03:54.349,1.57682,1.57703,1.00,1.00
2015.09.21 09:03:54.400,1.5768,1.57703,1.00,1.50
2015.09.21 09:03:54.554,1.57684,1.57703,1.00,1.00
2015.09.21 09:03:54.858,1.5769,1.57706,1.87,1.00
2015.09.21 09:03:54.960,1.5769,1.5771,1.87,1.00
2015.09.21 09:03:55.291,1.57694,1.57719,1.87,1.00
2015.09.21 09:03:55.563,1.57699,1.57722,1.00,1.00
2015.09.21 09:03:57.491,1.57699,1.5772,1.00,1.00
2015.09.21 09:03:58.277,1.57697,1.5772,1.50,1.00
2015.09.21 09:03:59.725,1.57697,1.5772,1.87,1.00
2015.09.21 09:04:00.030,1.57695,1.57718,1.75,1.12
2015.09.21 09:04:00.132,1.57692,1.57714,1.20,1.00
2015.09.21 09:04:00.236,1.57692,1.57712,1.00,1.00
2015.09.21 09:04:00.339,1.57689,1.57712,1.00,1.12
2015.09.21 09:04:00.397,1.57686,1.57709,1.12,1.00
2015.09.21 09:04:00.810,1.57681,1.57706,1.50,1.50
2015.09.21 09:04:00.912,1.57679,1.57704,1.57,1.00
2015.09.21 09:04:01.218,1.5768,1.57704,1.37,1.00
2015.09.21 09:04:01.269,1.57685,1.57708,1.00,1.10
2015.09.21 09:04:01.321,1.57684,1.57708,1.87,1.10
2015.09.21 09:04:02.183,1.57691,1.57713,1.87,1.00
2015.09.21 09:04:02.235,1.57691,1.57713,1.50,1.00
2015.09.21 09:04:02.540,1.57691,1.57713,1.87,1.00
2015.09.21 09:04:03.050,1.57691,1.57713,1.87,1.00
2015.09.21 09:04:03.586,1.57692,1.57714,1.50,2.25
2015.09.21 09:04:03.840,1.57692,1.57713,1.00,1.00
2015.09.21 09:04:03.992,1.5769,1.5771,1.00,1.00
2015.09.21 09:04:04.510,1.57686,1.57709,1.75,1.00
2015.09.21 09:04:05.065,1.57688,1.57709,1.12,1.00
2015.09.21 09:04:05.268,1.57688,1.5771,1.12,1.00
2015.09.21 09:04:05.775,1.57688,1.5771,1.37,1.00
2015.09.21 09:04:06.403,1.5769,1.5771,1.37,1.00
2015.09.21 09:04:06.727,1.57688,1.57705,1.00,1.00
2015.09.21 09:04:06.830,1.57685,1.57705,1.00,1.00
2015.09.21 09:04:06.932,1.57681,1.57705,1.20,1.00
2015.09.21 09:04:07.520,1.57681,1.57706,1.87,1.10
2015.09.21 09:04:07.571,1.57688,1.57709,1.00,1.50
2015.09.21 09:04:07.622,1.57685,1.5771,1.00,1.57
2015.09.21 09:04:07.724,1.57688,1.57711,1.00,1.82
2015.09.21 09:04:08.030,1.57688,1.57711,1.00,1.12
2015.09.21 09:04:08.827,1.57691,1.57712,1.00,1.00
2015.09.21 09:04:08.980,1.57693,1.57715,1.00,1.00
2015.09.21 09:04:10.066,1.57693,1.57715,1.37,1.00
2015.09.21 09:04:10.117,1.57694,1.57717,1.50,1.00
2015.09.21 09:04:10.270,1.577,1.5772,1.00,1.00
2015.09.21 09:04:10.598,1.577,1.57723,1.37,1.50
2015.09.21 09:04:10.750,1.57703,1.57723,1.00,1.00
2015.09.21 09:04:11.010,1.577,1.57723,1.12,1.00
2015.09.21 09:04:11.680,1.57703,1.57723,1.00,1.00
2015.09.21 09:04:12.192,1.57702,1.57723,1.00,1.00
2015.09.21 09:04:12.649,1.57702,1.57725,1.00,1.00
2015.09.21 09:04:13.156,1.57702,1.57725,1.87,1.00
2015.09.21 09:04:13.476,1.57705,1.57728,1.00,1.50
2015.09.21 09:04:13.933,1.57706,1.5773,1.12,1.87
2015.09.21 09:04:14.086,1.57709,1.5773,1.00,1.12
2015.09.21 09:04:14.441,1.57709,1.57732,1.00,1.50
2015.09.21 09:04:15.756,1.57711,1.57733,1.00,1.00
2015.09.21 09:04:16.338,1.57714,1.57736,1.75,1.00
2015.09.21 09:04:16.390,1.57717,1.5774,1.12,1.50
2015.09.21 09:04:16.545,1.57719,1.57741,1.12,1.87
2015.09.21 09:04:16.597,1.57717,1.5774,1.00,1.37
2015.09.21 09:04:16.905,1.57717,1.57736,1.00,1.37
2015.09.21 09:04:16.956,1.57716,1.57736,1.00,1.00
2015.09.21 09:04:17.504,1.57717,1.57736,1.00,1.50
2015.09.21 09:04:17.556,1.57713,1.57736,1.10,1.50
2015.09.21 09:04:18.636,1.57713,1.57736,1.47,1.50
2015.09.21 09:04:21.320,1.57713,1.57736,1.00,1.50
2015.09.21 09:04:21.523,1.57713,1.57731,1.00,1.00
2015.09.21 09:04:21.574,1.57708,1.57731,1.75,1.50
2015.09.21 09:04:21.625,1.57708,1.57731,1.37,1.50
2015.09.21 09:04:22.148,1.57705,1.57729,1.45,1.12
2015.09.21 09:04:22.665,1.57707,1.57726,1.00,1.00
2015.09.21 09:04:22.716,1.57705,1.57726,1.00,1.12
2015.09.21 09:04:22.819,1.57705,1.57726,1.00,1.37
2015.09.21 09:04:23.716,1.57702,1.57723,1.12,1.00
2015.09.21 09:04:23.768,1.57702,1.57725,1.37,1.00
2015.09.21 09:04:25.561,1.57703,1.57725,1.37,1.00
2015.09.21 09:04:26.204,1.57703,1.57725,1.37,1.00
2015.09.21 09:04:27.624,1.57705,1.57727,1.37,1.50
2015.09.21 09:04:28.217,1.57705,1.57727,1.37,1.50
2015.09.21 09:04:28.627,1.57705,1.57727,1.12,1.50
2015.09.21 09:04:29.164,1.57702,1.57725,1.37,1.00
2015.09.21 09:04:29.316,1.57703,1.57725,1.37,1.00
2015.09.21 09:04:29.823,1.57704,1.57727,1.37,1.50
2015.09.21 09:04:30.719,1.57704,1.57727,1.37,1.50
2015.09.21 09:04:31.023,1.57702,1.57725,1.35,1.00
2015.09.21 09:04:31.227,1.57702,1.57724,1.00,1.37
2015.09.21 09:04:31.329,1.57698,1.5772,1.07,1.87
2015.09.21 09:04:31.380,1.57695,1.57718,1.20,1.12
2015.09.21 09:04:31.431,1.57695,1.57715,1.10,1.50
2015.09.21 09:04:31.774,1.57691,1.57714,1.00,1.87
2015.09.21 09:04:31.977,1.57687,1.5771,1.00,1.50
2015.09.21 09:04:33.317,1.57687,1.5771,1.12,1.75
2015.09.21 09:04:33.630,1.57684,1.57706,1.50,1.00
2015.09.21 09:04:34.188,1.57685,1.57707,1.47,1.12
2015.09.21 09:04:34.720,1.57684,1.57704,1.12,1.00
2015.09.21 09:04:35.624,1.57684,1.57704,1.37,1.00
2015.09.21 09:04:35.726,1.57684,1.57704,1.87,1.00
2015.09.21 09:04:35.777,1.57684,1.57706,2.47,1.00
2015.09.21 09:04:36.327,1.57684,1.57707,1.72,2.62
2015.09.21 09:04:36.479,1.57684,1.57704,1.37,1.00
2015.09.21 09:04:37.022,1.57682,1.57704,1.95,1.00
2015.09.21 09:04:38.247,1.57687,1.57705,1.37,1.00
2015.09.21 09:04:38.400,1.57691,1.57709,1.00,1.00
2015.09.21 09:04:38.451,1.57691,1.57709,1.37,1.00
2015.09.21 09:04:38.502,1.57691,1.57712,1.87,1.00
2015.09.21 09:04:39.402,1.57692,1.57714,1.37,1.50
2015.09.21 09:04:39.810,1.57693,1.57716,1.37,1.00
2015.09.21 09:04:39.862,1.57693,1.57717,1.37,1.00
2015.09.21 09:04:40.168,1.57708,1.57731,1.60,1.12
2015.09.21 09:04:40.223,1.57708,1.57733,1.60,1.75
2015.09.21 09:04:40.586,1.57708,1.57736,2.10,2.32
2015.09.21 09:04:41.122,1.57712,1.57736,1.00,1.50
2015.09.21 09:04:42.297,1.5771,1.57733,1.60,1.10
2015.09.21 09:04:43.172,1.5771,1.57733,1.60,1.47
2015.09.21 09:04:43.812,1.5771,1.57733,1.97,1.00
2015.09.21 09:04:45.920,1.57709,1.57725,1.00,1.00
2015.09.21 09:04:45.972,1.57704,1.57725,1.00,1.00
2015.09.21 09:04:46.075,1.57701,1.57725,1.00,1.87
2015.09.21 09:04:46.127,1.57701,1.57721,1.00,1.00
2015.09.21 09:04:46.281,1.57697,1.5772,2.25,1.00
2015.09.21 09:04:46.872,1.57697,1.57722,2.25,1.00
2015.09.21 09:04:47.229,1.57697,1.57722,1.50,1.50
2015.09.21 09:04:47.433,1.57696,1.5772,1.00,1.00
2015.09.21 09:04:49.133,1.57695,1.5772,1.87,1.00
2015.09.21 09:04:49.760,1.57699,1.5772,1.00,1.00
2015.09.21 09:04:50.065,1.57703,1.57723,1.37,1.00
2015.09.21 09:04:50.116,1.57703,1.57726,1.37,1.00
2015.09.21 09:04:50.679,1.57706,1.57726,1.00,1.00
2015.09.21 09:04:51.323,1.57706,1.57727,1.00,1.00
2015.09.21 09:04:53.673,1.57709,1.57727,1.00,1.00
2015.09.21 09:04:53.775,1.57709,1.57729,1.37,1.00
2015.09.21 09:04:53.929,1.57709,1.57731,1.37,1.00
2015.09.21 09:04:54.382,1.57713,1.57733,1.37,1.00
2015.09.21 09:04:54.484,1.57713,1.57736,1.87,1.00
2015.09.21 09:04:55.096,1.57716,1.57736,1.00,1.00
2015.09.21 09:04:56.108,1.57718,1.57736,1.00,1.00
2015.09.21 09:04:56.159,1.57718,1.5774,1.50,1.00
2015.09.21 09:04:56.312,1.5772,1.57742,1.12,1.00
2015.09.21 09:04:56.819,1.57719,1.57741,1.37,1.00
2015.09.21 09:04:58.101,1.57719,1.57743,1.37,1.00
2015.09.21 09:04:58.631,1.57723,1.57747,1.12,2.10
2015.09.21 09:04:58.935,1.57725,1.57747,1.47,1.35
2015.09.21 09:05:00.067,1.57725,1.57747,1.37,1.35
2015.09.21 09:05:01.544,1.57725,1.57747,1.00,1.35
2015.09.21 09:05:02.691,1.57721,1.57744,1.87,1.87
2015.09.21 09:05:04.950,1.57722,1.57745,1.75,1.12
2015.09.21 09:05:07.218,1.57722,1.57747,1.75,1.37
2015.09.21 09:05:08.670,1.57724,1.57747,1.12,1.37
2015.09.21 09:05:09.260,1.57721,1.57743,1.37,1.12
2015.09.21 09:05:09.325,1.57718,1.57741,1.50,1.37
2015.09.21 09:05:09.429,1.57719,1.57741,1.00,1.75
2015.09.21 09:05:09.938,1.57718,1.57741,1.00,2.25
2015.09.21 09:05:09.989,1.57713,1.57737,1.50,1.37
2015.09.21 09:05:11.661,1.57713,1.57737,1.00,1.50
2015.09.21 09:05:14.370,1.57712,1.57737,1.00,1.50
2015.09.21 09:05:23.389,1.57712,1.57737,1.37,1.50
2015.09.21 09:05:24.075,1.57712,1.57737,1.12,1.50
2015.09.21 09:05:26.478,1.57712,1.57737,1.00,1.87
2015.09.21 09:05:28.884,1.57712,1.57736,1.00,1.37
2015.09.21 09:05:29.392,1.57712,1.57736,1.00,1.37
2015.09.21 09:05:38.962,1.57712,1.57735,1.12,1.00
2015.09.21 09:05:40.040,1.57712,1.57737,1.12,2.62
2015.09.21 09:05:40.806,1.57712,1.57737,1.00,3.37
2015.09.21 09:05:40.908,1.57712,1.57733,1.00,1.00
2015.09.21 09:05:41.425,1.57711,1.57733,1.00,1.87
2015.09.21 09:05:43.553,1.57712,1.57733,1.00,1.12
2015.09.21 09:05:47.403,1.57712,1.57735,1.00,1.00
2015.09.21 09:05:49.511,1.57712,1.57735,1.00,1.75
2015.09.21 09:05:52.842,1.57712,1.57735,1.00,1.12
2015.09.21 09:05:53.501,1.57712,1.57734,1.00,1.37
2015.09.21 09:05:54.194,1.57711,1.57733,1.00,1.12
2015.09.21 09:05:55.361,1.57711,1.57733,1.00,1.00
2015.09.21 09:05:58.207,1.57713,1.57734,1.00,1.10
2015.09.21 09:05:59.114,1.57713,1.57733,1.00,1.00
2015.09.21 09:05:59.217,1.57707,1.57729,1.00,1.37
2015.09.21 09:05:59.268,1.57704,1.57725,1.00,1.00
2015.09.21 09:05:59.320,1.57701,1.57724,1.00,1.00
2015.09.21 09:05:59.423,1.57699,1.57722,1.00,1.00
2015.09.21 09:05:59.880,1.57699,1.57724,1.00,1.57
2015.09.21 09:06:00.498,1.57701,1.57725,1.00,1.10
2015.09.21 09:06:00.840,1.57704,1.57727,1.00,1.20
2015.09.21 09:06:01.804,1.57701,1.57726,1.50,1.10
2015.09.21 09:06:02.321,1.57701,1.57726,1.50,1.47
2015.09.21 09:06:03.995,1.57701,1.57725,1.00,1.37
2015.09.21 09:06:04.502,1.57702,1.57725,1.00,1.37
2015.09.21 09:06:05.896,1.57702,1.57725,1.00,1.00
2015.09.21 09:06:06.820,1.57699,1.57722,1.12,1.12
2015.09.21 09:06:07.125,1.57696,1.57718,1.50,1.00
2015.09.21 09:06:14.945,1.57696,1.57717,1.00,1.00
2015.09.21 09:06:15.792,1.57689,1.57712,1.00,1.50
2015.09.21 09:06:16.456,1.57686,1.57711,1.50,1.12
2015.09.21 09:06:16.558,1.57689,1.57713,1.00,1.20
2015.09.21 09:06:16.813,1.57689,1.57714,1.00,1.57
2015.09.21 09:06:17.240,1.57691,1.57716,1.00,1.50
2015.09.21 09:06:17.415,1.57693,1.57718,1.00,1.57
2015.09.21 09:06:19.392,1.57693,1.57717,1.00,1.47
2015.09.21 09:06:19.444,1.57691,1.57716,1.00,1.37
2015.09.21 09:06:19.711,1.57687,1.57711,1.10,1.75
2015.09.21 09:06:20.176,1.57683,1.57702,1.00,1.00
2015.09.21 09:06:20.227,1.57678,1.57701,1.00,1.00
2015.09.21 09:06:20.278,1.57675,1.577,1.00,1.00
2015.09.21 09:06:20.330,1.57674,1.57697,1.50,1.00
2015.09.21 09:06:21.940,1.57674,1.57697,1.00,1.87
2015.09.21 09:06:23.006,1.5767,1.57694,1.00,1.75
2015.09.21 09:06:23.109,1.57666,1.5769,1.00,1.12
2015.09.21 09:06:23.160,1.57664,1.57689,1.00,1.75
2015.09.21 09:06:23.688,1.57663,1.57686,1.00,1.00
2015.09.21 09:06:25.200,1.57663,1.57686,1.37,1.00
2015.09.21 09:06:25.708,1.57663,1.57686,1.00,1.12
2015.09.21 09:06:25.759,1.57663,1.57686,1.00,1.37
2015.09.21 09:06:26.107,1.5766,1.57684,1.00,1.37
2015.09.21 09:06:26.261,1.57662,1.57685,1.00,1.37
2015.09.21 09:06:27.178,1.57662,1.57685,1.00,1.37
2015.09.21 09:06:27.634,1.57656,1.57681,2.62,1.00
2015.09.21 09:06:27.737,1.57656,1.57681,1.87,1.00
2015.09.21 09:06:27.839,1.57656,1.57681,1.12,1.37
2015.09.21 09:06:28.283,1.57656,1.57677,1.00,1.85
2015.09.21 09:06:28.339,1.57648,1.57675,1.75,1.50
2015.09.21 09:06:28.441,1.57648,1.57673,1.12,1.12
2015.09.21 09:06:28.544,1.57649,1.57673,1.00,1.00
2015.09.21 09:06:29.359,1.57652,1.57676,1.00,1.50
2015.09.21 09:06:30.196,1.57646,1.57668,1.57,1.00
2015.09.21 09:06:30.247,1.57641,1.57667,1.00,1.45
2015.09.21 09:06:30.756,1.5764,1.57666,1.00,1.07
2015.09.21 09:06:30.858,1.57643,1.57666,1.00,1.50
2015.09.21 09:06:31.010,1.57644,1.57669,1.00,1.12
2015.09.21 09:06:31.112,1.57644,1.5767,1.00,1.87
2015.09.21 09:06:31.533,1.57642,1.57671,1.75,1.57
2015.09.21 09:06:34.036,1.57642,1.57668,1.75,1.12
2015.09.21 09:06:34.138,1.5764,1.57668,2.25,1.50
2015.09.21 09:06:34.291,1.57641,1.57668,1.50,1.50
2015.09.21 09:06:34.909,1.57641,1.57668,1.12,3.37
2015.09.21 09:06:35.214,1.57638,1.57666,1.00,1.95
2015.09.21 09:06:35.266,1.57638,1.57666,1.00,3.37
2015.09.21 09:06:35.985,1.57638,1.57663,1.00,1.72
2015.09.21 09:06:36.037,1.57638,1.57664,1.00,1.20
2015.09.21 09:06:36.139,1.5764,1.57664,1.00,1.07
2015.09.21 09:06:36.395,1.57632,1.57658,1.37,1.35
2015.09.21 09:06:36.752,1.5763,1.57658,1.57,1.35
2015.09.21 09:06:36.804,1.5763,1.57658,1.50,1.72
2015.09.21 09:06:37.475,1.57633,1.57655,1.00,1.10
2015.09.21 09:06:37.679,1.57637,1.57662,1.50,1.75
2015.09.21 09:06:37.832,1.57643,1.57662,1.00,1.75
2015.09.21 09:06:38.087,1.57635,1.57662,2.10,2.25
2015.09.21 09:06:38.410,1.57636,1.57662,1.72,1.00
2015.09.21 09:06:38.770,1.57638,1.57667,1.75,2.25
2015.09.21 09:06:39.130,1.57638,1.57666,1.87,2.85
2015.09.21 09:06:39.596,1.57637,1.57659,1.30,1.45
2015.09.21 09:06:39.699,1.57635,1.57659,1.00,1.80
2015.09.21 09:06:39.751,1.57633,1.5766,1.00,1.87
2015.09.21 09:06:39.802,1.57635,1.57658,1.00,1.75
2015.09.21 09:06:39.903,1.57635,1.5766,1.00,1.12
2015.09.21 09:06:40.005,1.57635,1.57661,1.00,1.07
2015.09.21 09:06:40.512,1.57635,1.57661,1.00,1.07
2015.09.21 09:06:41.120,1.57637,1.57661,1.00,1.07
2015.09.21 09:06:41.432,1.57633,1.57661,1.00,1.57
2015.09.21 09:06:41.585,1.57631,1.57659,1.00,1.20
2015.09.21 09:06:42.336,1.57629,1.57658,1.50,1.12
2015.09.21 09:06:42.648,1.57629,1.57656,1.50,1.12
2015.09.21 09:06:43.158,1.57629,1.57655,1.00,1.50
2015.09.21 09:06:45.235,1.57624,1.57646,1.00,2.25
2015.09.21 09:06:45.286,1.57621,1.57646,1.00,2.62
2015.09.21 09:06:45.388,1.57621,1.57644,1.00,1.75
2015.09.21 09:06:45.591,1.57618,1.57644,2.25,1.75
2015.09.21 09:06:45.744,1.5762,1.57644,1.60,1.75
2015.09.21 09:06:45.948,1.57626,1.57649,1.60,1.07
2015.09.21 09:06:46.342,1.57628,1.57656,1.37,1.50
2015.09.21 09:06:46.495,1.5763,1.57658,1.75,2.62
2015.09.21 09:06:46.598,1.57636,1.57658,1.00,1.87
2015.09.21 09:06:46.701,1.57634,1.57662,2.25,3.00
2015.09.21 09:06:46.855,1.57634,1.57662,3.00,1.57
2015.09.21 09:06:47.540,1.57635,1.57662,1.00,1.95
2015.09.21 09:06:48.073,1.57634,1.57662,1.12,2.32
2015.09.21 09:06:48.348,1.57636,1.57662,1.00,1.57
2015.09.21 09:06:49.576,1.57635,1.57662,1.00,1.57
2015.09.21 09:06:49.933,1.57634,1.57658,1.12,1.10
2015.09.21 09:06:50.240,1.57636,1.57661,1.00,1.07
2015.09.21 09:06:50.537,1.57634,1.57659,1.12,1.47
2015.09.21 09:06:50.589,1.5763,1.57656,1.12,1.12
2015.09.21 09:06:50.640,1.5763,1.57653,1.12,1.00
2015.09.21 09:06:50.692,1.57625,1.57651,1.12,1.00
2015.09.21 09:06:50.743,1.57628,1.5765,1.00,1.50
2015.09.21 09:06:50.946,1.57623,1.57649,1.00,1.12
2015.09.21 09:06:50.998,1.57623,1.57648,1.00,1.20
2015.09.21 09:06:51.679,1.57623,1.5765,1.50,2.62
2015.09.21 09:06:51.731,1.57623,1.5765,1.50,1.95
2015.09.21 09:06:52.248,1.57623,1.57648,1.50,1.00
2015.09.21 09:06:52.400,1.57623,1.57644,1.50,1.00
2015.09.21 09:06:52.717,1.57621,1.57642,1.37,1.45
2015.09.21 09:06:52.769,1.57621,1.57642,1.00,2.25
2015.09.21 09:06:53.188,1.57619,1.57639,1.87,1.20
2015.09.21 09:06:54.822,1.57619,1.57635,1.12,1.37
2015.09.21 09:06:55.028,1.57619,1.57636,1.00,1.00
2015.09.21 09:06:55.079,1.57619,1.57636,1.00,1.07
2015.09.21 09:06:55.181,1.57619,1.57636,1.00,1.00
2015.09.21 09:06:55.233,1.57619,1.57636,1.49,1.00
2015.09.21 09:06:55.436,1.57618,1.57639,1.50,1.57
2015.09.21 09:06:56.029,1.57609,1.5763,1.12,1.00
2015.09.21 09:06:56.081,1.57606,1.5763,1.75,1.00
2015.09.21 09:06:56.488,1.57612,1.57631,1.00,1.07
2015.09.21 09:06:56.741,1.57612,1.57636,1.00,1.87
2015.09.21 09:06:57.542,1.57609,1.57627,1.00,1.37
2015.09.21 09:06:57.595,1.57601,1.57626,1.00,1.07
2015.09.21 09:06:57.697,1.57598,1.57624,1.87,1.37
2015.09.21 09:06:57.799,1.57596,1.57618,1.50,1.00
2015.09.21 09:06:57.851,1.57596,1.57621,2.25,1.00
2015.09.21 09:06:57.902,1.57597,1.57621,1.12,1.00
2015.09.21 09:06:58.207,1.57593,1.57617,1.87,1.00
2015.09.21 09:06:58.618,1.57596,1.57623,1.87,1.20
2015.09.21 09:06:59.165,1.57598,1.57623,1.00,1.20
2015.09.21 09:06:59.532,1.57596,1.5762,1.37,1.37
2015.09.21 09:06:59.634,1.57593,1.57615,1.00,1.00
2015.09.21 09:06:59.896,1.57592,1.57619,1.50,1.00
2015.09.21 09:06:59.948,1.57594,1.5762,1.50,1.10
2015.09.21 09:07:00.253,1.57596,1.5762,1.75,1.00
2015.09.21 09:07:00.608,1.57596,1.5762,1.50,1.00
2015.09.21 09:07:01.622,1.57596,1.5762,1.75,1.10
2015.09.21 09:07:02.028,1.57597,1.5762,1.50,1.47
2015.09.21 09:07:02.131,1.57596,1.5762,1.12,1.47
2015.09.21 09:07:02.661,1.57593,1.5762,1.75,1.45
2015.09.21 09:07:03.372,1.57603,1.57622,1.00,3.37
2015.09.21 09:07:04.413,1.57603,1.5762,1.00,1.57
2015.09.21 09:07:04.718,1.57602,1.57617,1.00,1.37
2015.09.21 09:07:04.820,1.576,1.57617,1.00,1.37
2015.09.21 09:07:05.740,1.576,1.57617,1.00,1.45
2015.09.21 09:07:06.247,1.57598,1.57617,1.00,1.45
2015.09.21 09:07:06.802,1.57601,1.57617,1.00,1.45
2015.09.21 09:07:07.005,1.57598,1.57614,1.00,1.00
2015.09.21 09:07:07.514,1.57598,1.57616,1.00,1.50
2015.09.21 09:07:08.222,1.57597,1.57616,1.00,1.50
2015.09.21 09:07:08.275,1.57599,1.57616,1.00,1.50
2015.09.21 09:07:08.880,1.57596,1.57615,1.00,1.20
2015.09.21 09:07:08.931,1.57596,1.57615,1.00,1.87
2015.09.21 09:07:09.840,1.57595,1.57615,1.00,1.87
2015.09.21 09:07:09.993,1.57592,1.57615,1.00,1.87
2015.09.21 09:07:11.266,1.57594,1.57613,1.00,1.45
2015.09.21 09:07:11.844,1.57592,1.57613,1.00,1.45
2015.09.21 09:07:13.370,1.5759,1.57613,1.00,1.45
2015.09.21 09:07:14.232,1.5759,1.57613,1.00,1.12
2015.09.21 09:07:14.742,1.57589,1.57611,1.50,1.45
2015.09.21 09:07:16.001,1.57592,1.57612,1.00,1.50
2015.09.21 09:07:16.307,1.57594,1.57614,1.00,1.75
2015.09.21 09:07:16.409,1.57594,1.57617,1.00,1.75
2015.09.21 09:07:16.564,1.57598,1.57619,1.00,1.12
2015.09.21 09:07:16.616,1.57598,1.57619,1.00,1.45
2015.09.21 09:07:17.741,1.57598,1.5762,1.00,1.12
2015.09.21 09:07:17.792,1.57595,1.5762,1.00,1.12
2015.09.21 09:07:18.341,1.57596,1.57621,1.87,1.20
2015.09.21 09:07:18.393,1.57601,1.57621,1.00,1.57
2015.09.21 09:07:18.444,1.57599,1.57621,1.00,1.20
2015.09.21 09:07:18.604,1.57598,1.57622,1.00,2.62
2015.09.21 09:07:19.402,1.57598,1.57622,1.12,2.25
2015.09.21 09:07:19.754,1.57601,1.57621,1.00,1.12
2015.09.21 09:07:19.806,1.57601,1.57622,1.00,2.62
2015.09.21 09:07:20.313,1.57602,1.57622,1.00,1.12
2015.09.21 09:07:20.415,1.57606,1.57622,1.00,1.12
2015.09.21 09:07:20.466,1.57606,1.57626,1.00,1.12
2015.09.21 09:07:20.619,1.57604,1.57626,1.00,1.12
2015.09.21 09:07:20.971,1.57604,1.57627,1.00,1.50
2015.09.21 09:07:21.022,1.57606,1.57628,1.00,1.75
2015.09.21 09:07:21.327,1.57605,1.57627,1.00,1.12
2015.09.21 09:07:21.379,1.57605,1.57628,1.00,1.75
2015.09.21 09:07:22.395,1.57603,1.57628,1.00,1.75
2015.09.21 09:07:22.497,1.57607,1.57628,1.00,1.75
2015.09.21 09:07:23.004,1.57606,1.57628,1.00,1.75
2015.09.21 09:07:24.217,1.57606,1.57629,1.00,3.00
2015.09.21 09:07:24.472,1.57599,1.57626,1.50,2.07
2015.09.21 09:07:24.626,1.57598,1.57622,1.00,3.22
2015.09.21 09:07:24.932,1.57594,1.57618,1.00,1.37
2015.09.21 09:07:25.085,1.57595,1.57618,1.00,2.47
2015.09.21 09:07:26.272,1.57598,1.57614,1.00,1.50
2015.09.21 09:07:26.374,1.57595,1.57614,1.00,1.50
2015.09.21 09:07:26.526,1.57595,1.57614,1.00,1.50
2015.09.21 09:07:26.839,1.57591,1.57611,1.00,1.50
2015.09.21 09:07:26.891,1.57591,1.57608,1.00,1.12
2015.09.21 09:07:28.341,1.57588,1.57609,1.00,1.07
2015.09.21 09:07:28.901,1.57587,1.57609,1.00,1.07
2015.09.21 09:07:29.618,1.57587,1.57607,1.00,1.00
2015.09.21 09:07:33.202,1.57593,1.57613,1.00,1.10
2015.09.21 09:07:33.710,1.57592,1.57614,1.00,1.12
2015.09.21 09:07:34.397,1.57594,1.57614,1.00,1.00
2015.09.21 09:07:34.908,1.57595,1.57615,1.00,3.07
2015.09.21 09:07:36.373,1.57595,1.57617,1.00,1.57
2015.09.21 09:07:36.818,1.57604,1.57621,1.00,1.10
2015.09.21 09:07:36.919,1.576,1.57618,1.00,1.00
2015.09.21 09:07:37.021,1.57603,1.57618,1.00,1.00
2015.09.21 09:07:37.276,1.57596,1.57618,1.00,1.50
2015.09.21 09:07:37.654,1.57599,1.57618,1.00,1.57
2015.09.21 09:07:38.638,1.57599,1.57618,1.00,1.00
2015.09.21 09:07:39.016,1.57603,1.57618,1.00,1.37
2015.09.21 09:07:39.068,1.57603,1.5762,1.00,1.00
2015.09.21 09:07:39.170,1.57603,1.57618,1.00,1.00
2015.09.21 09:07:39.221,1.57597,1.57618,1.00,1.00
2015.09.21 09:07:39.322,1.57598,1.57615,1.00,1.00
2015.09.21 09:07:39.424,1.57595,1.57615,1.00,1.00
2015.09.21 09:07:39.779,1.57595,1.57614,1.00,1.37
2015.09.21 09:07:40.269,1.5759,1.57609,1.00,1.37
2015.09.21 09:07:40.814,1.5759,1.57609,1.00,1.12
2015.09.21 09:07:41.360,1.5759,1.5761,1.00,1.12
2015.09.21 09:07:41.929,1.57591,1.5761,1.00,1.12
2015.09.21 09:07:41.981,1.57593,1.57614,1.00,1.37
2015.09.21 09:07:42.083,1.57596,1.57614,1.00,1.37
2015.09.21 09:07:42.621,1.57596,1.57614,1.00,1.12
2015.09.21 09:07:42.961,1.57596,1.57614,1.00,1.37
2015.09.21 09:07:43.341,1.57598,1.57614,1.00,1.87
2015.09.21 09:07:43.887,1.57597,1.57614,1.00,1.87
2015.09.21 09:07:44.512,1.57597,1.57614,1.00,1.87
2015.09.21 09:07:45.084,1.57598,1.57617,1.00,1.50
2015.09.21 09:07:45.434,1.576,1.57617,1.00,1.50
2015.09.21 09:07:45.771,1.576,1.57617,1.00,1.75
2015.09.21 09:07:45.823,1.57598,1.57617,1.00,1.75
2015.09.21 09:07:45.874,1.57598,1.57617,1.00,1.37
2015.09.21 09:07:45.976,1.57598,1.57615,1.00,1.50
2015.09.21 09:07:46.249,1.57598,1.57615,1.00,1.12
2015.09.21 09:07:46.402,1.57598,1.57617,1.00,1.50
2015.09.21 09:07:46.504,1.57601,1.57617,1.00,1.50
2015.09.21 09:07:46.759,1.57607,1.57629,1.00,1.75
2015.09.21 09:07:46.810,1.57612,1.57631,1.00,1.00
2015.09.21 09:07:46.862,1.57612,1.57634,1.00,1.00
2015.09.21 09:07:46.913,1.57614,1.57635,1.00,1.00
2015.09.21 09:07:47.220,1.57614,1.57634,1.50,1.87
2015.09.21 09:07:47.539,1.57614,1.57637,1.00,1.12
2015.09.21 09:07:47.593,1.57614,1.57636,1.00,1.00
2015.09.21 09:07:47.644,1.57616,1.57636,1.00,1.00
2015.09.21 09:07:47.796,1.57616,1.57638,1.00,1.00
2015.09.21 09:07:47.898,1.57616,1.5764,2.62,1.00
2015.09.21 09:07:48.051,1.57619,1.57643,1.00,3.00
2015.09.21 09:07:48.507,1.57618,1.57641,1.00,1.00
2015.09.21 09:07:48.873,1.57618,1.57638,1.00,1.00
2015.09.21 09:07:48.933,1.57617,1.5764,1.00,1.87
2015.09.21 09:07:50.823,1.57621,1.57644,1.00,1.00
2015.09.21 09:07:50.976,1.57621,1.57646,1.50,1.00
2015.09.21 09:07:51.028,1.57625,1.57649,1.00,1.50
2015.09.21 09:07:51.644,1.57624,1.57647,1.50,1.00
2015.09.21 09:07:52.766,1.57624,1.57644,1.00,1.00
2015.09.21 09:07:53.134,1.57624,1.57647,1.00,1.37
2015.09.21 09:07:53.644,1.57624,1.57647,1.00,1.00
2015.09.21 09:07:54.932,1.57625,1.57647,1.00,1.00
2015.09.21 09:07:58.404,1.5762,1.57643,1.00,1.37
2015.09.21 09:07:58.557,1.57617,1.57642,1.50,1.95
2015.09.21 09:07:58.608,1.57617,1.57639,1.00,1.00
2015.09.21 09:07:58.811,1.57612,1.57636,1.00,1.50
2015.09.21 09:07:58.862,1.57611,1.57633,1.00,1.00
2015.09.21 09:07:59.673,1.57617,1.57639,1.75,1.00
2015.09.21 09:07:59.725,1.57617,1.57641,1.75,1.00
2015.09.21 09:07:59.928,1.57617,1.57641,1.50,1.00
2015.09.21 09:08:00.031,1.57616,1.57638,1.75,1.00
2015.09.21 09:08:00.133,1.57616,1.57638,1.00,1.00
2015.09.21 09:08:00.235,1.57617,1.5764,1.00,1.12
2015.09.21 09:08:00.287,1.57616,1.57638,1.00,1.00
2015.09.21 09:08:01.128,1.57616,1.57638,1.37,1.00
2015.09.21 09:08:03.695,1.57613,1.57637,1.87,1.00
2015.09.21 09:08:04.000,1.57612,1.57633,1.12,1.00
2015.09.21 09:08:04.051,1.57613,1.57633,1.00,1.00
2015.09.21 09:08:04.363,1.57613,1.5763,1.00,1.00
2015.09.21 09:08:04.769,1.57613,1.57632,1.00,1.00
2015.09.21 09:08:05.277,1.57613,1.57631,1.00,1.00
2015.09.21 09:08:05.379,1.57613,1.57633,1.00,1.10
2015.09.21 09:08:06.607,1.57613,1.57635,1.12,1.07
2015.09.21 09:08:06.759,1.57617,1.57639,1.00,1.12
2015.09.21 09:08:06.811,1.57617,1.57639,1.00,1.00
2015.09.21 09:08:09.718,1.57617,1.57636,1.00,1.00
2015.09.21 09:08:09.821,1.57615,1.57636,1.00,1.00
2015.09.21 09:08:10.341,1.57612,1.57636,1.12,1.00
2015.09.21 09:08:11.654,1.5761,1.57633,1.50,1.00
2015.09.21 09:08:11.706,1.5761,1.57633,1.50,1.50
2015.09.21 09:08:11.808,1.57608,1.57627,1.75,1.60
2015.09.21 09:08:11.859,1.57607,1.57627,1.00,1.60
2015.09.21 09:08:12.206,1.57603,1.57624,1.00,1.00
2015.09.21 09:08:12.308,1.57605,1.57624,1.00,1.00
2015.09.21 09:08:12.410,1.57602,1.57624,1.00,1.00
2015.09.21 09:08:12.646,1.57602,1.57624,1.00,1.75
2015.09.21 09:08:13.002,1.576,1.57624,1.00,1.75
2015.09.21 09:08:13.295,1.576,1.57618,1.00,1.00
2015.09.21 09:08:13.449,1.57594,1.57617,1.47,1.00
2015.09.21 09:08:13.501,1.57594,1.57617,1.20,1.00
2015.09.21 09:08:13.603,1.576,1.57617,1.00,1.00
2015.09.21 09:08:13.655,1.57597,1.57617,1.00,1.00
2015.09.21 09:08:13.808,1.57594,1.57617,1.20,2.25
2015.09.21 09:08:13.859,1.57592,1.57615,1.95,1.00
2015.09.21 09:08:13.961,1.57594,1.57617,1.20,1.50
2015.09.21 09:08:14.383,1.57598,1.57614,1.00,1.00
2015.09.21 09:08:14.941,1.57599,1.57621,1.87,1.50
2015.09.21 09:08:14.992,1.57605,1.57621,1.00,1.00
2015.09.21 09:08:15.501,1.57598,1.57616,1.20,1.00
2015.09.21 09:08:15.603,1.57593,1.57611,1.12,1.00
2015.09.21 09:08:15.654,1.57592,1.57605,1.00,1.00
2015.09.21 09:08:15.858,1.57585,1.57602,1.37,1.00
2015.09.21 09:08:15.910,1.57584,1.57602,1.00,1.00
2015.09.21 09:08:15.962,1.57578,1.57602,1.50,1.00
2015.09.21 09:08:16.013,1.57578,1.576,1.00,1.00
2015.09.21 09:08:16.644,1.57583,1.57603,1.00,1.00
2015.09.21 09:08:17.512,1.57582,1.57603,1.00,1.00
2015.09.21 09:08:17.942,1.57583,1.576,1.00,1.00
2015.09.21 09:08:18.502,1.5758,1.576,1.00,1.00
2015.09.21 09:08:18.706,1.57582,1.576,1.00,1.00
2015.09.21 09:08:18.909,1.57582,1.57603,1.00,1.50
2015.09.21 09:08:19.221,1.57584,1.57603,1.00,1.50
2015.09.21 09:08:19.389,1.57581,1.57603,1.00,1.50
2015.09.21 09:08:19.441,1.57581,1.57599,1.00,1.00
2015.09.21 09:08:19.595,1.57578,1.57598,1.50,1.12
2015.09.21 09:08:19.646,1.57578,1.57596,1.00,1.00
2015.09.21 09:08:19.799,1.57574,1.57596,1.00,1.00
2015.09.21 09:08:20.082,1.57576,1.57598,1.00,1.50
2015.09.21 09:08:20.488,1.57585,1.57605,1.00,1.00
2015.09.21 09:08:20.742,1.57588,1.57613,1.00,1.57
2015.09.21 09:08:20.793,1.5759,1.57613,1.00,1.57
2015.09.21 09:08:21.047,1.57591,1.57614,1.50,1.37
2015.09.21 09:08:21.201,1.5759,1.57611,1.50,1.00
2015.09.21 09:08:21.793,1.57588,1.57611,1.50,1.12
2015.09.21 09:08:21.895,1.57588,1.57611,1.00,1.37
2015.09.21 09:08:22.047,1.57583,1.57606,1.20,1.87
2015.09.21 09:08:22.099,1.57581,1.57602,1.37,1.00
2015.09.21 09:08:22.252,1.5758,1.57602,1.00,1.00
2015.09.21 09:08:22.767,1.5758,1.57604,1.50,1.95
2015.09.21 09:08:24.455,1.5758,1.57599,1.50,1.00
2015.09.21 09:08:24.507,1.57577,1.57597,1.00,1.00
2015.09.21 09:08:24.559,1.57575,1.57597,1.50,1.00
2015.09.21 09:08:25.066,1.57575,1.5759,1.00,1.00
2015.09.21 09:08:25.168,1.57572,1.5759,1.00,1.00
2015.09.21 09:08:25.219,1.5757,1.5759,1.00,1.00
2015.09.21 09:08:25.540,1.57566,1.5759,1.50,1.00
2015.09.21 09:08:26.149,1.57565,1.57589,1.37,1.12
2015.09.21 09:08:26.555,1.57567,1.57592,1.37,1.57
2015.09.21 09:08:27.087,1.57567,1.57592,1.37,1.57
2015.09.21 09:08:27.594,1.57574,1.57591,1.00,1.00
2015.09.21 09:08:27.747,1.57571,1.57593,1.50,1.00
2015.09.21 09:08:27.939,1.57574,1.57595,1.00,1.87
2015.09.21 09:08:28.239,1.57575,1.57596,1.00,1.00
2015.09.21 09:08:28.290,1.57582,1.57602,1.50,1.00
2015.09.21 09:08:28.443,1.57583,1.57606,1.75,1.00
2015.09.21 09:08:28.748,1.57583,1.57604,1.75,1.00
2015.09.21 09:08:28.799,1.57583,1.57604,1.00,1.00
2015.09.21 09:08:28.850,1.57584,1.57606,1.00,1.00
2015.09.21 09:08:28.952,1.57582,1.57605,1.50,1.00
2015.09.21 09:08:29.479,1.57585,1.57607,1.00,1.87
2015.09.21 09:08:30.003,1.57584,1.57607,1.00,1.50
2015.09.21 09:08:30.308,1.57581,1.57604,2.25,1.00
2015.09.21 09:08:30.852,1.57582,1.57605,1.50,1.00
2015.09.21 09:08:31.397,1.57582,1.57605,1.00,1.00
2015.09.21 09:08:32.421,1.57582,1.57607,1.00,2.62
2015.09.21 09:08:32.727,1.57584,1.57606,1.00,1.00
2015.09.21 09:08:33.237,1.57583,1.57607,1.00,3.22
2015.09.21 09:08:33.670,1.57578,1.57602,1.12,1.87
2015.09.21 09:08:33.774,1.5758,1.57602,1.50,2.47
2015.09.21 09:08:34.079,1.5758,1.57597,1.50,1.00
2015.09.21 09:08:34.920,1.5758,1.576,2.62,1.00
2015.09.21 09:08:35.425,1.5758,1.57597,1.00,1.00
2015.09.21 09:08:35.858,1.57583,1.57597,1.00,1.00
2015.09.21 09:08:35.910,1.57583,1.576,1.00,1.00
2015.09.21 09:08:36.063,1.57583,1.57602,1.00,1.00
2015.09.21 09:08:36.370,1.57583,1.57605,1.00,1.00
2015.09.21 09:08:36.421,1.57583,1.57605,1.37,1.00
2015.09.21 09:08:36.928,1.57583,1.57606,1.87,1.50
2015.09.21 09:08:37.261,1.57583,1.57604,1.37,1.00
2015.09.21 09:08:39.031,1.57583,1.57604,1.37,1.00
2015.09.21 09:08:39.557,1.57583,1.57604,1.00,2.10
2015.09.21 09:08:40.677,1.57581,1.57602,1.00,1.12
2015.09.21 09:08:41.365,1.57579,1.57599,1.00,2.10
2015.09.21 09:08:41.418,1.57575,1.57595,1.37,1.12
2015.09.21 09:08:41.470,1.57575,1.57595,1.37,1.72
2015.09.21 09:08:41.879,1.57578,1.57593,1.00,1.12
2015.09.21 09:08:42.184,1.57578,1.57595,1.00,1.37
2015.09.21 09:08:42.508,1.57577,1.57594,1.00,1.00
2015.09.21 09:08:42.559,1.5758,1.576,1.00,1.12
2015.09.21 09:08:42.966,1.57582,1.57605,1.00,4.80
2015.09.21 09:08:43.272,1.57585,1.57605,1.00,1.95
2015.09.21 09:08:43.899,1.57585,1.57605,1.00,1.37
2015.09.21 09:08:44.102,1.57589,1.57603,1.00,1.00
2015.09.21 09:08:44.204,1.57586,1.57604,1.00,1.00
2015.09.21 09:08:44.306,1.57586,1.57602,1.00,1.00
2015.09.21 09:08:44.409,1.57588,1.57606,1.00,1.50
2015.09.21 09:08:44.511,1.5759,1.57607,1.00,1.37
2015.09.21 09:08:45.143,1.57586,1.57603,1.00,1.00
2015.09.21 09:08:45.220,1.57584,1.576,1.00,1.50
2015.09.21 09:08:45.424,1.57587,1.57604,1.00,1.37
2015.09.21 09:08:45.577,1.57587,1.57604,1.00,1.00
2015.09.21 09:08:45.679,1.57587,1.57602,1.00,1.00
2015.09.21 09:08:45.731,1.57583,1.57602,1.00,1.00
2015.09.21 09:08:45.834,1.57583,1.57602,1.00,1.75
2015.09.21 09:08:45.987,1.57581,1.57602,1.00,1.75
2015.09.21 09:08:46.328,1.57581,1.57602,1.00,1.75
2015.09.21 09:08:46.380,1.57578,1.57599,1.00,2.25
2015.09.21 09:08:46.432,1.57578,1.57599,1.00,2.25
2015.09.21 09:08:47.749,1.57578,1.57599,1.00,1.87
2015.09.21 09:08:48.257,1.57578,1.57599,1.00,1.87
2015.09.21 09:08:51.174,1.57576,1.57595,1.00,1.00
2015.09.21 09:08:51.225,1.57573,1.57595,1.50,1.75
2015.09.21 09:08:51.530,1.57573,1.5759,1.00,1.00
2015.09.21 09:08:51.835,1.57576,1.57593,1.00,1.12
2015.09.21 09:08:52.417,1.57573,1.57597,1.00,1.12
2015.09.21 09:08:52.520,1.57571,1.57595,1.50,1.87
2015.09.21 09:08:53.058,1.57571,1.57593,1.00,1.12
2015.09.21 09:08:53.110,1.57567,1.57592,1.00,2.62
2015.09.21 09:08:53.212,1.57564,1.57586,1.00,1.50
2015.09.21 09:08:53.466,1.57559,1.57581,1.00,1.00
2015.09.21 09:08:53.837,1.57556,1.57578,1.50,1.00
2015.09.21 09:08:54.141,1.57559,1.57578,1.00,1.00
2015.09.21 09:08:54.243,1.57559,1.5758,1.00,1.00
2015.09.21 09:08:54.294,1.57559,1.57583,1.50,1.12
2015.09.21 09:08:54.346,1.57559,1.57583,1.87,1.00
2015.09.21 09:08:54.549,1.57564,1.57587,1.00,1.00
2015.09.21 09:08:54.896,1.57566,1.57587,1.00,1.00
2015.09.21 09:08:55.201,1.57568,1.57587,1.12,1.00
2015.09.21 09:08:55.557,1.57568,1.5759,1.12,1.00
2015.09.21 09:08:55.953,1.57571,1.5759,1.00,1.00
2015.09.21 09:08:56.056,1.57571,1.57594,1.00,1.50
2015.09.21 09:08:56.209,1.57574,1.57594,1.00,1.12
2015.09.21 09:08:56.871,1.57574,1.57595,1.00,1.75
2015.09.21 09:08:57.504,1.57575,1.57597,1.50,1.37
2015.09.21 09:08:58.052,1.57575,1.57597,1.50,1.00
2015.09.21 09:08:58.955,1.57575,1.57599,1.50,1.75
2015.09.21 09:08:59.362,1.5757,1.57592,1.75,1.37
2015.09.21 09:08:59.413,1.57568,1.57592,1.37,1.50
2015.09.21 09:08:59.515,1.57568,1.57592,1.00,1.50
2015.09.21 09:08:59.617,1.57564,1.57586,1.12,1.00
2015.09.21 09:08:59.669,1.57561,1.57585,1.75,1.37
2015.09.21 09:08:59.771,1.57558,1.57582,1.75,1.37
2015.09.21 09:08:59.822,1.57558,1.5758,1.50,1.72
2015.09.21 09:08:59.874,1.57558,1.5758,1.50,1.97
2015.09.21 09:09:00.175,1.57545,1.57572,1.12,1.12
2015.09.21 09:09:00.582,1.57548,1.57572,1.60,1.12
2015.09.21 09:09:01.120,1.57553,1.57577,1.50,1.50
2015.09.21 09:09:01.568,1.57556,1.57577,1.50,1.00
2015.09.21 09:09:01.924,1.57554,1.57577,1.50,1.00
2015.09.21 09:09:02.127,1.57554,1.57574,1.00,1.00
2015.09.21 09:09:02.433,1.57545,1.57566,1.00,1.75
2015.09.21 09:09:02.798,1.57543,1.57565,2.25,1.00
2015.09.21 09:09:03.309,1.57543,1.57565,1.00,1.50
2015.09.21 09:09:03.361,1.57543,1.57565,1.00,1.87
2015.09.21 09:09:03.412,1.5754,1.57565,1.50,1.87
2015.09.21 09:09:03.615,1.57539,1.57564,1.50,1.00
2015.09.21 09:09:03.666,1.57539,1.57562,1.50,1.37
2015.09.21 09:09:03.982,1.57536,1.57561,1.50,1.00
2015.09.21 09:09:04.138,1.57536,1.57564,1.50,1.12
2015.09.21 09:09:04.356,1.57538,1.57564,1.00,1.12
2015.09.21 09:09:05.010,1.57538,1.57564,1.00,1.50
2015.09.21 09:09:06.243,1.57534,1.57557,2.62,1.00
2015.09.21 09:09:06.549,1.57531,1.57555,1.50,1.12
2015.09.21 09:09:07.102,1.57533,1.57555,1.12,1.00
2015.09.21 09:09:07.468,1.57536,1.57557,1.00,1.00
2015.09.21 09:09:08.101,1.57534,1.57557,1.00,1.00
2015.09.21 09:09:09.536,1.57534,1.57559,2.25,1.00
2015.09.21 09:09:10.074,1.57539,1.57561,1.37,1.00
2015.09.21 09:09:10.381,1.57539,1.57564,1.37,2.62
2015.09.21 09:09:10.889,1.57539,1.57563,1.50,1.00
2015.09.21 09:09:12.187,1.57539,1.57564,1.37,1.00
2015.09.21 09:09:14.296,1.57539,1.57563,1.37,1.00
2015.09.21 09:09:15.120,1.57541,1.57568,1.75,1.00
2015.09.21 09:09:15.172,1.57545,1.5757,1.35,1.50
2015.09.21 09:09:18.341,1.57545,1.57564,1.37,1.00
2015.09.21 09:09:18.659,1.57543,1.57564,1.37,1.75
2015.09.21 09:09:18.722,1.57533,1.57555,1.75,1.00
2015.09.21 09:09:18.774,1.57535,1.57555,1.50,1.00
2015.09.21 09:09:18.927,1.57535,1.57557,1.50,1.00
2015.09.21 09:09:19.083,1.57533,1.5756,3.37,1.00
2015.09.21 09:09:19.236,1.57534,1.5756,1.87,1.00
2015.09.21 09:09:19.655,1.57533,1.57546,1.00,1.50
2015.09.21 09:09:19.706,1.57524,1.57545,1.00,1.12
2015.09.21 09:09:19.758,1.57524,1.57546,1.00,1.50
2015.09.21 09:09:19.859,1.57524,1.57543,1.50,1.00
2015.09.21 09:09:20.113,1.57519,1.57543,1.00,1.35
2015.09.21 09:09:20.417,1.57522,1.57543,1.00,1.35
2015.09.21 09:09:20.908,1.5752,1.57545,1.60,1.12
2015.09.21 09:09:21.439,1.5752,1.57545,1.97,1.12
2015.09.21 09:09:21.790,1.5752,1.57545,1.97,1.12
2015.09.21 09:09:22.094,1.57524,1.57548,1.35,1.00
2015.09.21 09:09:22.724,1.57524,1.57548,1.00,1.00
2015.09.21 09:09:22.826,1.57524,1.57542,1.00,1.00
2015.09.21 09:09:22.979,1.5752,1.57539,1.00,1.00
2015.09.21 09:09:23.082,1.57518,1.57539,1.00,1.12
2015.09.21 09:09:23.184,1.57513,1.5754,1.00,2.25
2015.09.21 09:09:23.387,1.57512,1.57537,1.00,1.00
2015.09.21 09:09:23.877,1.5751,1.57537,1.00,1.12
2015.09.21 09:09:24.234,1.5751,1.57537,1.87,1.12
2015.09.21 09:09:24.488,1.57513,1.57539,1.37,1.12
2015.09.21 09:09:24.540,1.57514,1.57539,1.00,1.37
2015.09.21 09:09:24.990,1.57511,1.57536,1.12,1.50
2015.09.21 09:09:25.546,1.57515,1.57539,1.37,1.37
2015.09.21 09:09:25.906,1.57515,1.57537,1.00,1.12
2015.09.21 09:09:26.126,1.57519,1.57538,1.00,1.12
2015.09.21 09:09:26.438,1.57515,1.57539,1.12,1.12
2015.09.21 09:09:26.843,1.57515,1.57537,1.00,1.00
2015.09.21 09:09:27.198,1.57512,1.57538,1.50,1.12
2015.09.21 09:09:27.718,1.57512,1.57538,1.87,1.00
2015.09.21 09:09:29.329,1.57514,1.57539,1.50,1.50
2015.09.21 09:09:29.636,1.57528,1.57542,1.60,1.00
2015.09.21 09:09:29.688,1.57528,1.57546,1.60,1.50
2015.09.21 09:09:29.740,1.57537,1.57546,2.10,1.00
2015.09.21 09:09:29.791,1.57532,1.57556,1.00,1.07
2015.09.21 09:09:29.996,1.57529,1.57549,1.00,1.00
2015.09.21 09:09:30.150,1.57521,1.57543,1.00,1.72
2015.09.21 09:09:30.751,1.57515,1.57542,1.50,2.25
2015.09.21 09:09:31.375,1.57515,1.57542,1.00,2.25
2015.09.21 09:09:31.915,1.57513,1.57533,1.00,1.30
2015.09.21 09:09:32.221,1.57505,1.57528,1.50,1.97
2015.09.21 09:09:32.273,1.57505,1.57528,1.50,1.50
2015.09.21 09:09:32.375,1.57505,1.57525,1.00,1.00
2015.09.21 09:09:33.051,1.57505,1.57526,1.50,1.87
2015.09.21 09:09:33.358,1.57502,1.57519,1.50,1.00
2015.09.21 09:09:33.663,1.575,1.57515,1.00,1.00
2015.09.21 09:09:33.715,1.57496,1.57515,1.75,1.00
2015.09.21 09:09:33.767,1.57498,1.57516,1.00,1.50
2015.09.21 09:09:34.347,1.57494,1.57515,1.87,1.75
2015.09.21 09:09:34.399,1.57492,1.5751,1.00,1.30
2015.09.21 09:09:34.450,1.57492,1.5751,1.00,2.85
2015.09.21 09:09:34.552,1.57492,1.5751,1.00,1.12
2015.09.21 09:09:34.705,1.5749,1.57507,1.50,1.00
2015.09.21 09:09:34.807,1.5749,1.57506,1.87,1.00
2015.09.21 09:09:34.909,1.57489,1.57506,2.62,1.00
2015.09.21 09:09:34.960,1.57489,1.57505,2.62,2.10
2015.09.21 09:09:35.113,1.57489,1.57505,2.25,2.85
2015.09.21 09:09:35.634,1.5749,1.57504,1.50,1.97
2015.09.21 09:09:35.939,1.57488,1.57503,1.00,1.30
2015.09.21 09:09:36.243,1.57486,1.57506,1.00,1.00
2015.09.21 09:09:36.345,1.57484,1.57506,1.50,1.00
2015.09.21 09:09:36.396,1.57486,1.57506,1.00,1.00
2015.09.21 09:09:36.732,1.57486,1.57508,1.00,1.00
2015.09.21 09:09:36.986,1.57486,1.57508,1.00,1.37
2015.09.21 09:09:37.291,1.57483,1.575,1.50,1.12
2015.09.21 09:09:37.494,1.5748,1.575,1.50,1.12
2015.09.21 09:09:38.146,1.57488,1.57508,1.60,1.75
2015.09.21 09:09:38.351,1.5749,1.57516,1.50,2.25
2015.09.21 09:09:38.453,1.5749,1.57516,1.00,2.25
2015.09.21 09:09:38.504,1.5749,1.57516,1.00,2.85
2015.09.21 09:09:38.658,1.57487,1.57511,1.00,1.00
2015.09.21 09:09:38.710,1.57487,1.57511,1.00,2.25
2015.09.21 09:09:39.132,1.57493,1.57513,1.00,1.35
2015.09.21 09:09:39.439,1.5752,1.57532,1.00,1.00
2015.09.21 09:09:39.593,1.57518,1.57532,1.00,1.00
2015.09.21 09:09:39.645,1.5752,1.5753,1.00,1.00
2015.09.21 09:09:39.697,1.57516,1.5753,1.87,1.00
2015.09.21 09:09:39.799,1.5752,1.5753,1.00,1.00
2015.09.21 09:09:39.850,1.57517,1.5753,1.50,1.00
2015.09.21 09:09:39.902,1.57524,1.5753,1.00,1.00
2015.09.21 09:09:39.953,1.57524,1.57532,1.00,1.00
2015.09.21 09:09:40.004,1.57528,1.57532,1.00,1.00
2015.09.21 09:09:40.326,1.57537,1.57559,1.00,1.20
2015.09.21 09:09:40.783,1.57534,1.57558,1.00,1.35
2015.09.21 09:09:40.885,1.57534,1.57556,1.00,1.35
2015.09.21 09:09:41.089,1.5753,1.57555,1.00,2.10
2015.09.21 09:09:41.953,1.5753,1.57553,1.00,2.07
2015.09.21 09:09:42.106,1.57528,1.57551,1.00,1.35
2015.09.21 09:09:42.946,1.57528,1.57547,1.00,1.00
2015.09.21 09:09:44.610,1.57528,1.57552,1.50,1.60
2015.09.21 09:09:44.814,1.57528,1.5755,1.00,1.35
2015.09.21 09:09:45.733,1.57525,1.57548,1.00,1.75
2015.09.21 09:09:45.786,1.57523,1.57547,1.50,1.35
2015.09.21 09:09:46.518,1.57525,1.57547,1.00,1.35
2015.09.21 09:09:47.394,1.57523,1.57547,1.00,1.35
2015.09.21 09:09:48.679,1.57526,1.57548,1.00,1.60
2015.09.21 09:09:49.333,1.57523,1.57547,1.00,1.35
2015.09.21 09:09:49.385,1.57525,1.57545,1.00,1.00
2015.09.21 09:09:49.538,1.57522,1.57545,1.00,1.12
2015.09.21 09:09:50.054,1.57521,1.57543,1.00,1.50
2015.09.21 09:09:50.958,1.57524,1.57546,1.00,1.00
2015.09.21 09:09:51.725,1.57528,1.57546,1.00,1.00
2015.09.21 09:09:51.776,1.57528,1.57548,1.00,1.00
2015.09.21 09:09:51.827,1.57529,1.57551,1.00,1.50
2015.09.21 09:09:51.980,1.57533,1.57554,1.00,1.87
2015.09.21 09:09:52.133,1.57536,1.57558,1.00,1.12
2015.09.21 09:09:52.184,1.5754,1.57558,1.00,1.12
2015.09.21 09:09:52.388,1.57542,1.57563,1.00,1.00
2015.09.21 09:09:52.703,1.57547,1.57566,1.00,1.00
2015.09.21 09:09:52.856,1.5755,1.5757,1.00,1.00
2015.09.21 09:09:52.908,1.5755,1.57572,1.00,1.00
2015.09.21 09:09:53.010,1.5755,1.57576,1.00,1.12
2015.09.21 09:09:53.062,1.5755,1.57572,1.00,1.00
2015.09.21 09:09:53.469,1.57547,1.57572,1.00,1.00
2015.09.21 09:09:53.622,1.57551,1.57573,1.00,1.00
2015.09.21 09:09:53.933,1.57549,1.57572,1.00,1.00
2015.09.21 09:09:54.035,1.57557,1.57572,1.00,1.00
2015.09.21 09:09:54.897,1.57557,1.57578,1.00,1.37
2015.09.21 09:09:54.948,1.57557,1.57578,1.00,1.00
2015.09.21 09:09:55.494,1.5756,1.57578,1.00,1.00
2015.09.21 09:09:55.748,1.57562,1.57581,1.00,1.00
2015.09.21 09:09:56.358,1.57562,1.57584,1.00,1.00
2015.09.21 09:09:56.851,1.57567,1.57584,1.00,1.00
2015.09.21 09:09:57.105,1.57571,1.57589,1.00,1.00
2015.09.21 09:09:57.156,1.57566,1.57587,1.37,1.00
2015.09.21 09:09:57.258,1.57565,1.57587,1.12,1.00
2015.09.21 09:09:57.360,1.57563,1.57583,1.00,1.00
2015.09.21 09:09:57.564,1.57559,1.57583,1.50,1.00
2015.09.21 09:09:57.853,1.57559,1.57585,1.50,1.00
2015.09.21 09:09:58.160,1.57558,1.57583,1.00,1.50
2015.09.21 09:09:58.316,1.57552,1.57578,1.00,1.00
2015.09.21 09:09:58.367,1.5755,1.57577,1.00,1.60
2015.09.21 09:09:58.521,1.57546,1.57573,1.00,2.10
2015.09.21 09:09:58.946,1.57549,1.57573,1.00,1.60
2015.09.21 09:09:59.100,1.57551,1.57574,1.00,1.00
2015.09.21 09:09:59.522,1.57551,1.57575,1.00,1.37
2015.09.21 09:10:00.030,1.57551,1.57574,1.00,1.37
2015.09.21 09:10:00.302,1.57547,1.57573,1.00,1.12
2015.09.21 09:10:00.354,1.57544,1.5756,1.00,2.10
2015.09.21 09:10:00.674,1.57543,1.57558,1.00,2.10
2015.09.21 09:10:00.877,1.57543,1.57561,1.00,2.47
2015.09.21 09:10:01.478,1.57541,1.57561,1.00,2.10
2015.09.21 09:10:01.584,1.57538,1.57557,1.00,1.00
2015.09.21 09:10:01.787,1.57539,1.57561,1.00,1.12
2015.09.21 09:10:02.705,1.57539,1.57557,1.00,1.00
2015.09.21 09:10:02.759,1.57539,1.57561,1.00,1.00
2015.09.21 09:10:03.165,1.57543,1.57561,1.00,1.00
2015.09.21 09:10:04.902,1.57543,1.57563,1.00,1.12
2015.09.21 09:10:05.814,1.5755,1.57568,1.00,1.12
2015.09.21 09:10:05.917,1.57552,1.57573,1.00,1.12
2015.09.21 09:10:06.070,1.57555,1.57573,1.00,1.00
2015.09.21 09:10:06.324,1.57552,1.57573,1.00,1.60
2015.09.21 09:10:06.477,1.57549,1.57571,1.00,1.35
2015.09.21 09:10:06.529,1.57551,1.57572,1.00,1.60
2015.09.21 09:10:06.853,1.57549,1.57571,1.00,1.35
2015.09.21 09:10:07.160,1.57548,1.57567,1.00,1.00
2015.09.21 09:10:07.363,1.5754,1.57562,1.00,1.00
2015.09.21 09:10:07.414,1.57535,1.57559,1.00,1.00
2015.09.21 09:10:07.516,1.57535,1.57556,1.00,1.00
2015.09.21 09:10:08.220,1.57534,1.57556,1.00,1.00
2015.09.21 09:10:08.727,1.57533,1.57555,1.00,1.00
2015.09.21 09:10:09.443,1.57532,1.57554,1.00,1.12
2015.09.21 09:10:09.646,1.57527,1.5755,1.12,1.00
2015.09.21 09:10:09.697,1.57524,1.57547,1.50,1.00
2015.09.21 09:10:10.002,1.57524,1.57544,1.00,1.00
2015.09.21 09:10:10.053,1.57524,1.57546,1.00,1.12
2015.09.21 09:10:10.543,1.57523,1.57546,1.00,1.50
2015.09.21 09:10:10.797,1.57517,1.57541,1.00,1.60
2015.09.21 09:10:10.950,1.57514,1.57537,1.00,1.37
2015.09.21 09:10:12.611,1.57517,1.57536,1.00,1.00
2015.09.21 09:10:12.713,1.57517,1.57538,1.00,1.00
2015.09.21 09:10:12.764,1.5752,1.57542,1.00,1.37
2015.09.21 09:10:12.815,1.57521,1.57542,1.00,1.00
2015.09.21 09:10:13.475,1.57521,1.57545,1.00,1.50
2015.09.21 09:10:13.836,1.57522,1.57545,1.00,1.00
2015.09.21 09:10:14.343,1.57521,1.57545,1.00,1.50
2015.09.21 09:10:14.546,1.57524,1.57545,1.00,1.12
2015.09.21 09:10:14.948,1.57527,1.57549,1.00,1.12
2015.09.21 09:10:15.557,1.57527,1.57549,1.00,1.50
2015.09.21 09:10:16.643,1.57527,1.57549,1.00,1.00
2015.09.21 09:10:17.045,1.5753,1.57549,1.00,1.00
2015.09.21 09:10:17.250,1.5753,1.57551,1.00,1.00
2015.09.21 09:10:18.711,1.57529,1.57551,1.00,1.00
2015.09.21 09:10:19.521,1.57531,1.57551,1.00,1.00
2015.09.21 09:10:20.242,1.57531,1.57554,1.00,1.37
2015.09.21 09:10:20.924,1.5753,1.57552,1.00,1.12
2015.09.21 09:10:22.221,1.5753,1.57551,1.00,1.00
2015.09.21 09:10:22.273,1.57527,1.57551,1.12,1.00
2015.09.21 09:10:22.477,1.57527,1.57551,1.12,1.37
2015.09.21 09:10:23.266,1.57527,1.57551,1.00,1.50
2015.09.21 09:10:23.774,1.57527,1.57552,1.50,1.87
2015.09.21 09:10:25.486,1.57527,1.57551,1.50,1.50
2015.09.21 09:10:25.992,1.57527,1.57551,1.50,2.25
2015.09.21 09:10:26.538,1.57527,1.57551,1.50,2.25
2015.09.21 09:10:26.907,1.57527,1.57549,1.50,1.00
2015.09.21 09:10:31.788,1.57527,1.57549,1.00,2.62
2015.09.21 09:10:31.891,1.57524,1.57549,1.00,2.62
2015.09.21 09:10:36.233,1.57524,1.57549,1.00,1.87
2015.09.21 09:10:38.385,1.57523,1.57545,1.00,1.00
2015.09.21 09:10:40.138,1.57523,1.57548,1.50,1.37
2015.09.21 09:10:41.628,1.57529,1.57549,1.00,1.87
2015.09.21 09:10:41.679,1.57532,1.57554,1.00,1.12
2015.09.21 09:10:41.731,1.57535,1.57554,1.00,1.12
2015.09.21 09:10:41.884,1.57535,1.57557,1.00,1.00
2015.09.21 09:10:42.291,1.57535,1.5756,1.87,1.00
2015.09.21 09:10:42.343,1.57537,1.5756,1.00,1.00
2015.09.21 09:10:44.502,1.5754,1.5756,1.00,1.00
2015.09.21 09:10:44.829,1.57549,1.57561,1.00,1.12
2015.09.21 09:10:44.983,1.57549,1.57571,2.62,1.00
2015.09.21 09:10:45.085,1.5755,1.57566,1.00,1.00
2015.09.21 09:10:45.187,1.57542,1.57563,1.87,1.60
2015.09.21 09:10:45.290,1.57545,1.57559,1.60,1.00
2015.09.21 09:10:45.443,1.57551,1.57569,1.00,1.50
2015.09.21 09:10:45.595,1.57548,1.5757,1.60,1.00
2015.09.21 09:10:45.907,1.57555,1.57576,1.00,1.00
2015.09.21 09:10:46.009,1.57557,1.57576,1.00,1.00
2015.09.21 09:10:46.213,1.57555,1.57579,1.50,1.37
2015.09.21 09:10:46.872,1.57558,1.57583,1.00,2.62
2015.09.21 09:10:47.526,1.57561,1.57582,1.00,1.12
2015.09.21 09:10:47.985,1.57561,1.57582,1.00,1.50
2015.09.21 09:10:48.645,1.57564,1.57584,1.00,1.50
2015.09.21 09:10:49.299,1.57564,1.57587,1.37,1.00
2015.09.21 09:10:49.351,1.57564,1.57589,1.37,1.00
2015.09.21 09:10:49.707,1.57564,1.57589,1.37,1.00
2015.09.21 09:10:49.910,1.5757,1.57593,1.12,1.00
2015.09.21 09:10:50.012,1.5757,1.57593,1.00,1.75
2015.09.21 09:10:50.495,1.57572,1.57593,1.00,1.50
2015.09.21 09:10:50.804,1.57576,1.57597,1.00,1.12
2015.09.21 09:10:50.855,1.57576,1.57591,1.00,1.00
2015.09.21 09:10:50.907,1.57573,1.57591,1.00,1.12
2015.09.21 09:10:51.009,1.5757,1.57591,1.00,1.12
2015.09.21 09:10:51.705,1.57569,1.57594,1.00,2.32
2015.09.21 09:10:52.281,1.57567,1.57591,1.00,1.00
2015.09.21 09:10:52.852,1.57567,1.57594,1.37,1.57
2015.09.21 09:10:52.904,1.57567,1.57587,1.37,1.00
2015.09.21 09:10:53.626,1.57567,1.57587,1.75,1.00
2015.09.21 09:10:54.087,1.57569,1.57589,1.00,1.00
2015.09.21 09:10:55.702,1.57569,1.57593,1.00,1.00
2015.09.21 09:10:55.804,1.57572,1.57593,1.00,1.00
2015.09.21 09:10:56.108,1.57577,1.57597,1.75,1.00
2015.09.21 09:10:56.536,1.57577,1.576,1.37,1.50
2015.09.21 09:10:56.587,1.57576,1.576,1.75,3.60
2015.09.21 09:10:56.892,1.57569,1.57593,1.00,1.50
2015.09.21 09:10:57.400,1.57569,1.57596,1.12,1.37
2015.09.21 09:10:58.423,1.57569,1.57596,1.12,1.37
2015.09.21 09:10:59.405,1.57569,1.57597,1.50,3.00
2015.09.21 09:10:59.929,1.57569,1.57597,1.12,3.00
2015.09.21 09:11:01.360,1.57568,1.57592,1.87,1.00
2015.09.21 09:11:02.670,1.57571,1.57592,1.12,1.00
2015.09.21 09:11:02.772,1.57571,1.57595,1.12,1.00
2015.09.21 09:11:03.063,1.57571,1.57595,1.75,1.00
2015.09.21 09:11:03.368,1.57572,1.57598,1.75,1.50
2015.09.21 09:11:03.773,1.57576,1.57597,1.00,1.00
2015.09.21 09:11:04.280,1.57576,1.57596,1.00,1.00
2015.09.21 09:11:04.432,1.57573,1.57597,1.00,1.00
2015.09.21 09:11:04.636,1.57576,1.576,1.00,1.12
2015.09.21 09:11:04.940,1.57585,1.57605,1.00,1.00
2015.09.21 09:11:05.042,1.57582,1.57605,1.50,1.00
2015.09.21 09:11:05.093,1.57582,1.57609,2.25,1.00
2015.09.21 09:11:05.613,1.57583,1.57609,1.50,1.00
2015.09.21 09:11:05.664,1.57583,1.57609,1.87,1.00
2015.09.21 09:11:05.969,1.57586,1.57609,1.37,1.00
2015.09.21 09:11:07.080,1.57585,1.57611,1.12,2.25
2015.09.21 09:11:08.702,1.57584,1.57608,1.00,1.12
2015.09.21 09:11:09.007,1.57583,1.57605,1.00,1.50
2015.09.21 09:11:09.596,1.57583,1.57605,1.00,1.00
2015.09.21 09:11:12.124,1.57583,1.57605,1.00,1.50
2015.09.21 09:11:13.030,1.57583,1.57602,1.00,1.12
2015.09.21 09:11:13.082,1.57577,1.57601,1.00,1.30
2015.09.21 09:11:13.184,1.57574,1.57599,1.87,1.00
2015.09.21 09:11:13.641,1.57572,1.57598,1.75,1.97
2015.09.21 09:11:13.743,1.57572,1.57594,1.00,1.00
2015.09.21 09:11:13.794,1.5757,1.57594,1.12,1.00
2015.09.21 09:11:14.236,1.57566,1.5759,1.37,2.25
2015.09.21 09:11:14.338,1.57561,1.57588,1.12,1.37
2015.09.21 09:11:14.389,1.57559,1.57583,1.37,1.00
2015.09.21 09:11:14.440,1.57556,1.57583,1.75,1.12
2015.09.21 09:11:14.542,1.57552,1.57578,1.50,1.37
2015.09.21 09:11:14.594,1.57552,1.57578,1.00,1.50
2015.09.21 09:11:14.645,1.5755,1.57577,1.00,1.37
2015.09.21 09:11:14.799,1.57547,1.57575,1.50,1.00
2015.09.21 09:11:14.901,1.57547,1.57573,1.00,1.00
2015.09.21 09:11:15.684,1.57543,1.57568,1.12,1.00
2015.09.21 09:11:15.992,1.57547,1.57571,1.00,1.12
2015.09.21 09:11:16.196,1.57547,1.57572,1.00,1.50
2015.09.21 09:11:16.476,1.5755,1.57572,1.00,1.50
2015.09.21 09:11:16.960,1.57553,1.57572,1.00,1.00
2015.09.21 09:11:17.215,1.57555,1.57577,1.37,1.00
2015.09.21 09:11:17.266,1.57556,1.5758,1.00,1.00
2015.09.21 09:11:17.317,1.57558,1.5758,1.00,1.00
2015.09.21 09:11:17.622,1.57561,1.57584,1.00,1.12
2015.09.21 09:11:17.877,1.57566,1.57582,1.00,1.00
2015.09.21 09:11:17.979,1.57566,1.57586,1.00,2.25
2015.09.21 09:11:18.753,1.57566,1.57586,1.37,1.12
2015.09.21 09:11:19.259,1.57566,1.57587,1.37,1.12
2015.09.21 09:11:21.049,1.57566,1.57587,1.50,1.00
2015.09.21 09:11:21.784,1.57566,1.57587,1.12,1.80
2015.09.21 09:11:21.836,1.57564,1.57587,1.75,1.80
2015.09.21 09:11:21.887,1.57564,1.57584,1.87,1.75
2015.09.21 09:11:22.040,1.57561,1.57575,1.12,1.72
2015.09.21 09:11:22.091,1.5755,1.57575,1.37,1.72
2015.09.21 09:11:22.194,1.5755,1.57574,1.50,1.12
2015.09.21 09:11:22.398,1.57552,1.57577,1.00,1.37
2015.09.21 09:11:23.020,1.57553,1.57577,1.50,1.00
2015.09.21 09:11:23.833,1.57554,1.57577,1.50,1.00
2015.09.21 09:11:24.910,1.57554,1.57577,1.75,1.00
2015.09.21 09:11:25.440,1.57554,1.57577,1.75,1.00
2015.09.21 09:11:29.138,1.57555,1.57577,1.50,1.00
2015.09.21 09:11:29.446,1.57559,1.57579,1.50,1.00
2015.09.21 09:11:29.549,1.57559,1.5758,2.10,1.00
2015.09.21 09:11:29.979,1.57567,1.57588,1.00,1.00
2015.09.21 09:11:30.081,1.57567,1.5759,1.50,1.00
2015.09.21 09:11:30.589,1.57567,1.5759,1.00,1.00
2015.09.21 09:11:30.640,1.57565,1.57587,1.00,1.00
2015.09.21 09:11:30.944,1.57565,1.57587,1.37,1.00
2015.09.21 09:11:32.958,1.57565,1.57587,1.37,1.00
2015.09.21 09:11:33.538,1.57566,1.57589,1.50,1.00
2015.09.21 09:11:34.040,1.57572,1.57589,1.12,1.00
2015.09.21 09:11:34.192,1.57572,1.57592,1.12,1.00
2015.09.21 09:11:34.598,1.57574,1.57592,1.00,1.00
2015.09.21 09:11:35.111,1.57574,1.57593,1.00,1.00
2015.09.21 09:11:36.357,1.57571,1.57593,1.37,1.00
2015.09.21 09:11:36.743,1.57571,1.57588,1.37,1.00
2015.09.21 09:11:37.186,1.57571,1.57588,1.37,1.00
2015.09.21 09:11:37.237,1.57573,1.57593,1.37,1.00
2015.09.21 09:11:37.441,1.57573,1.57596,1.87,1.00
2015.09.21 09:11:37.492,1.57573,1.57594,1.87,1.00
2015.09.21 09:11:37.809,1.57573,1.57594,1.87,1.00
2015.09.21 09:11:38.408,1.57573,1.57593,1.87,1.00
2015.09.21 09:11:38.961,1.57573,1.57594,1.87,1.00
2015.09.21 09:11:39.417,1.57573,1.57594,1.87,1.00
2015.09.21 09:11:39.944,1.57573,1.57596,1.87,1.00
2015.09.21 09:11:40.507,1.57573,1.57597,1.87,1.00
2015.09.21 09:11:40.918,1.57575,1.57594,1.12,1.00
2015.09.21 09:11:41.020,1.57575,1.57598,1.12,1.00
2015.09.21 09:11:41.453,1.57579,1.57598,1.00,1.00
2015.09.21 09:11:43.485,1.57579,1.57595,1.00,1.00
2015.09.21 09:11:43.802,1.57579,1.57598,1.00,1.00
2015.09.21 09:11:44.936,1.57579,1.57598,1.37,1.00
2015.09.21 09:11:45.445,1.57579,1.57599,1.37,1.00
2015.09.21 09:11:46.063,1.57579,1.57599,1.37,1.00
2015.09.21 09:11:47.134,1.57581,1.57599,1.37,1.00
2015.09.21 09:11:47.337,1.57591,1.57607,1.00,1.00
2015.09.21 09:11:47.667,1.57598,1.57621,1.00,1.00
2015.09.21 09:11:47.768,1.57598,1.57614,1.00,1.00
2015.09.21 09:11:47.870,1.57598,1.57622,1.00,1.00
2015.09.21 09:11:47.923,1.576,1.57625,1.00,1.50
2015.09.21 09:11:48.229,1.57604,1.5762,1.00,1.00
2015.09.21 09:11:48.432,1.57604,1.57623,1.00,1.00
2015.09.21 09:11:48.484,1.57604,1.57626,1.00,1.00
2015.09.21 09:11:48.585,1.576,1.57622,1.00,1.00
2015.09.21 09:11:48.923,1.576,1.57621,1.37,1.00
2015.09.21 09:11:49.229,1.57599,1.57621,1.37,2.10
2015.09.21 09:11:49.536,1.57598,1.57621,1.50,1.00
2015.09.21 09:11:50.104,1.57598,1.57614,1.00,1.00
2015.09.21 09:11:50.156,1.57598,1.57616,1.00,1.00
2015.09.21 09:11:50.359,1.57598,1.57617,1.50,1.00
2015.09.21 09:11:50.462,1.57594,1.57617,1.75,1.00
2015.09.21 09:11:50.564,1.57595,1.5762,1.75,1.00
2015.09.21 09:11:50.885,1.57595,1.57618,1.75,1.00
2015.09.21 09:11:51.227,1.57598,1.57618,1.12,1.00
2015.09.21 09:11:51.764,1.57598,1.57615,2.25,1.00
2015.09.21 09:11:52.120,1.57593,1.57615,1.50,1.00
2015.09.21 09:11:52.277,1.57593,1.57611,1.50,1.60
2015.09.21 09:11:52.328,1.57593,1.57607,1.00,1.00
2015.09.21 09:11:52.379,1.57589,1.57603,1.87,1.00
2015.09.21 09:11:52.430,1.57583,1.57603,1.87,1.00
2015.09.21 09:11:53.110,1.57582,1.57603,1.12,1.50
2015.09.21 09:11:53.415,1.57583,1.57601,2.25,1.00
2015.09.21 09:11:53.467,1.57583,1.57601,1.12,1.00
2015.09.21 09:11:56.614,1.5758,1.57599,1.75,1.00
2015.09.21 09:11:56.665,1.5758,1.57599,1.37,1.00
2015.09.21 09:11:57.171,1.5758,1.57599,1.37,1.00
2015.09.21 09:11:57.531,1.57578,1.57599,1.75,1.00
2015.09.21 09:11:58.731,1.57578,1.57599,1.75,1.00
2015.09.21 09:11:59.378,1.57576,1.57599,1.75,1.50
2015.09.21 09:11:59.430,1.57576,1.57596,1.75,1.00
2015.09.21 09:11:59.532,1.57571,1.57592,1.12,1.00
2015.09.21 09:11:59.584,1.5757,1.57587,1.50,1.00
2015.09.21 09:11:59.788,1.57565,1.57588,1.37,1.00
2015.09.21 09:11:59.891,1.57568,1.57589,1.00,1.00
2015.09.21 09:11:59.944,1.57568,1.57592,1.00,1.12
2015.09.21 09:12:00.097,1.57566,1.57591,1.12,1.00
2015.09.21 09:12:00.643,1.57566,1.5759,1.12,1.00
2015.09.21 09:12:01.313,1.57566,1.57591,1.00,1.00
2015.09.21 09:12:01.480,1.57566,1.57591,1.50,1.00
2015.09.21 09:12:01.964,1.57565,1.5758,1.37,1.00
2015.09.21 09:12:02.066,1.57563,1.5758,1.50,1.00
2015.09.21 09:12:02.271,1.57563,1.5758,1.00,1.00
2015.09.21 09:12:02.322,1.57563,1.57578,1.00,1.00
2015.09.21 09:12:02.428,1.5756,1.57578,1.00,1.00
2015.09.21 09:12:02.632,1.5756,1.57574,1.00,1.00
2015.09.21 09:12:03.153,1.57554,1.57571,1.37,1.00
2015.09.21 09:12:03.458,1.57555,1.57575,2.25,1.00
2015.09.21 09:12:03.560,1.57558,1.57575,1.87,1.00
2015.09.21 09:12:03.865,1.57555,1.57574,1.50,1.00
2015.09.21 09:12:04.257,1.57553,1.57569,1.12,1.00
2015.09.21 09:12:04.569,1.57551,1.57563,1.00,1.00
2015.09.21 09:12:04.621,1.57545,1.57563,1.50,1.00
2015.09.21 09:12:05.927,1.57545,1.57563,1.75,1.00
2015.09.21 09:12:06.283,1.57548,1.57563,1.37,1.00
2015.09.21 09:12:07.059,1.57546,1.57563,1.87,1.00
2015.09.21 09:12:07.323,1.57546,1.57559,1.37,1.00
2015.09.21 09:12:07.479,1.57536,1.57551,1.87,1.00
2015.09.21 09:12:07.632,1.57532,1.57555,1.87,1.00
2015.09.21 09:12:07.734,1.57539,1.57555,1.00,1.00
2015.09.21 09:12:08.041,1.57538,1.57552,1.00,1.00
2015.09.21 09:12:08.823,1.57534,1.57552,1.87,1.00
2015.09.21 09:12:09.616,1.57534,1.57552,1.75,1.00
2015.09.21 09:12:10.110,1.57534,1.57554,1.75,1.00
2015.09.21 09:12:10.162,1.57539,1.57558,1.12,1.00
2015.09.21 09:12:10.264,1.57539,1.57555,1.12,1.00
2015.09.21 09:12:10.417,1.57535,1.5755,1.00,1.00
2015.09.21 09:12:10.468,1.57529,1.5755,2.62,1.00
2015.09.21 09:12:10.723,1.57529,1.57546,1.37,1.00
2015.09.21 09:12:11.273,1.57524,1.57543,2.25,1.00
2015.09.21 09:12:11.543,1.57524,1.57546,2.25,1.00
2015.09.21 09:12:11.595,1.57524,1.57543,2.25,1.00
2015.09.21 09:12:11.901,1.57529,1.57545,1.12,1.00
2015.09.21 09:12:12.320,1.57528,1.57545,1.12,1.00
2015.09.21 09:12:12.774,1.57526,1.57543,1.12,1.00
2015.09.21 09:12:12.876,1.57529,1.57546,1.12,1.00
2015.09.21 09:12:13.560,1.57528,1.57546,1.12,1.00
2015.09.21 09:12:14.241,1.57528,1.57546,1.12,1.00
2015.09.21 09:12:14.294,1.57528,1.57543,1.12,1.00
2015.09.21 09:12:15.038,1.57525,1.57543,1.75,1.00
2015.09.21 09:12:15.089,1.57525,1.57546,1.75,1.00
2015.09.21 09:12:15.140,1.57525,1.57546,1.75,1.00
2015.09.21 09:12:15.569,1.57531,1.57549,1.75,1.00
2015.09.21 09:12:15.772,1.57531,1.57549,1.50,1.00
2015.09.21 09:12:17.320,1.57521,1.57542,1.87,1.00
2015.09.21 09:12:17.899,1.57521,1.57539,1.87,1.00
2015.09.21 09:12:19.302,1.57523,1.57539,1.00,1.00
2015.09.21 09:12:19.903,1.57519,1.57546,1.50,1.00
2015.09.21 09:12:20.367,1.57518,1.57542,2.25,1.00
2015.09.21 09:12:20.687,1.57524,1.57542,1.37,1.00
2015.09.21 09:12:20.739,1.57524,1.57547,1.37,1.50
2015.09.21 09:12:20.993,1.57522,1.57541,1.37,1.00
2015.09.21 09:12:21.095,1.57516,1.5754,1.75,1.50
2015.09.21 09:12:21.197,1.57516,1.57539,1.00,1.50
2015.09.21 09:12:21.858,1.57515,1.5754,1.12,1.50
2015.09.21 09:12:22.214,1.57515,1.57539,1.87,1.00
2015.09.21 09:12:22.316,1.57515,1.5754,1.50,2.25
2015.09.21 09:12:22.621,1.57515,1.57537,1.50,1.00
2015.09.21 09:12:23.219,1.57514,1.57537,1.12,1.00
2015.09.21 09:12:24.693,1.57508,1.5753,1.50,1.00
2015.09.21 09:12:24.998,1.57511,1.57532,1.00,1.00
2015.09.21 09:12:25.507,1.57511,1.57533,1.00,1.00
2015.09.21 09:12:26.272,1.57508,1.57528,1.00,1.37
2015.09.21 09:12:26.577,1.57505,1.57528,1.12,1.97
2015.09.21 09:12:27.930,1.57504,1.57529,1.87,1.97
2015.09.21 09:12:29.324,1.57504,1.57528,1.87,1.72
2015.09.21 09:12:29.948,1.57504,1.57528,1.87,1.60
2015.09.21 09:12:30.049,1.57506,1.57529,1.37,1.00
2015.09.21 09:12:30.151,1.57512,1.57531,1.37,1.00
2015.09.21 09:12:30.542,1.57513,1.57537,1.00,1.12
2015.09.21 09:12:30.644,1.57516,1.57537,1.00,1.00
2015.09.21 09:12:31.170,1.57516,1.5754,1.00,1.60
2015.09.21 09:12:31.853,1.57516,1.5754,1.37,1.60
2015.09.21 09:12:32.938,1.57516,1.57539,1.12,1.97
2015.09.21 09:12:33.560,1.57516,1.57538,1.12,1.30
2015.09.21 09:12:35.270,1.57519,1.57543,1.00,1.87
2015.09.21 09:12:35.323,1.57519,1.57543,1.37,1.50
2015.09.21 09:12:35.375,1.57519,1.57541,1.37,1.00
2015.09.21 09:12:35.885,1.57519,1.57541,1.00,1.00
2015.09.21 09:12:35.987,1.57519,1.57543,1.00,1.12
2015.09.21 09:12:36.191,1.57522,1.57543,1.00,1.12
2015.09.21 09:12:36.621,1.57522,1.57545,1.37,1.00
2015.09.21 09:12:36.673,1.57525,1.57545,1.12,1.00
2015.09.21 09:12:36.978,1.57528,1.57549,1.00,1.37
2015.09.21 09:12:37.233,1.57528,1.57551,1.00,1.50
2015.09.21 09:12:37.936,1.57528,1.5755,1.00,1.12
2015.09.21 09:12:38.310,1.57525,1.5755,1.00,1.12
2015.09.21 09:12:38.361,1.57521,1.57545,1.50,1.12
2015.09.21 09:12:38.683,1.57513,1.57531,1.00,1.00
2015.09.21 09:12:38.735,1.57513,1.57533,1.00,1.30
2015.09.21 09:12:39.307,1.57513,1.57532,1.00,1.12
2015.09.21 09:12:39.816,1.57513,1.57533,1.00,1.00
2015.09.21 09:12:39.919,1.57516,1.57536,1.00,1.37
2015.09.21 09:12:39.970,1.57516,1.57536,1.00,1.12
2015.09.21 09:12:40.021,1.57516,1.57536,1.00,1.37
2015.09.21 09:12:40.401,1.57516,1.57537,1.00,1.87
2015.09.21 09:12:40.452,1.57516,1.57539,1.12,1.75
2015.09.21 09:12:44.069,1.57516,1.57539,1.12,1.50
2015.09.21 09:12:46.089,1.57519,1.5754,1.37,1.50
2015.09.21 09:12:46.141,1.57519,1.5754,1.37,1.00
2015.09.21 09:12:46.294,1.57521,1.57545,1.00,1.12
2015.09.21 09:12:46.346,1.57521,1.57543,1.00,1.00
2015.09.21 09:12:46.651,1.57518,1.57535,1.00,1.30
2015.09.21 09:12:46.702,1.57512,1.57535,1.00,1.72
2015.09.21 09:12:46.754,1.5751,1.57534,1.00,1.72
2015.09.21 09:12:49.883,1.5751,1.57533,1.12,1.87
2015.09.21 09:12:49.934,1.5751,1.57533,1.00,2.62
2015.09.21 09:12:50.346,1.5751,1.5753,1.00,1.37
2015.09.21 09:12:50.397,1.57507,1.5753,1.00,1.37
2015.09.21 09:12:50.549,1.57507,1.5753,1.12,1.00
2015.09.21 09:12:51.635,1.57507,1.5753,1.50,1.00
2015.09.21 09:12:52.224,1.57507,1.5753,1.87,1.00
2015.09.21 09:12:53.154,1.5751,1.57531,1.37,1.00
2015.09.21 09:12:54.998,1.5751,1.57531,1.37,1.00
2015.09.21 09:12:55.202,1.57513,1.57533,1.12,1.00
2015.09.21 09:12:55.253,1.57513,1.57533,1.37,1.00
2015.09.21 09:12:55.762,1.57511,1.57533,1.37,1.00
2015.09.21 09:12:56.650,1.5751,1.57532,1.87,1.00
2015.09.21 09:12:57.180,1.5751,1.57533,1.87,1.00
2015.09.21 09:12:57.799,1.57513,1.57533,1.50,1.00
2015.09.21 09:12:58.406,1.5751,1.57529,1.37,1.00
2015.09.21 09:12:58.915,1.5751,1.57529,1.37,1.00
2015.09.21 09:13:00.806,1.5751,1.57529,1.00,1.00
2015.09.21 09:13:01.760,1.5751,1.5753,1.12,1.00
2015.09.21 09:13:02.107,1.5751,1.57531,1.37,1.00
2015.09.21 09:13:02.730,1.5751,1.57531,1.37,1.00
2015.09.21 09:13:03.386,1.57512,1.57531,1.00,1.00
2015.09.21 09:13:03.895,1.5751,1.57531,1.37,1.00
2015.09.21 09:13:04.415,1.5751,1.57531,1.37,1.50
2015.09.21 09:13:05.302,1.57512,1.57533,1.37,1.00
2015.09.21 09:13:06.174,1.57518,1.57533,1.00,1.00
2015.09.21 09:13:06.329,1.5752,1.57538,1.00,2.85
2015.09.21 09:13:06.653,1.57523,1.57542,1.00,1.87
2015.09.21 09:13:06.755,1.57523,1.57543,1.00,1.00
2015.09.21 09:13:06.857,1.57525,1.57545,1.00,1.00
2015.09.21 09:13:07.161,1.57531,1.57548,1.00,1.00
2015.09.21 09:13:07.212,1.57531,1.57551,1.00,1.00
2015.09.21 09:13:07.415,1.57534,1.57551,1.00,1.00
2015.09.21 09:13:08.535,1.57534,1.57551,1.37,1.00
2015.09.21 09:13:09.426,1.57536,1.57555,1.12,1.00
2015.09.21 09:13:11.011,1.57536,1.57557,1.12,1.00
2015.09.21 09:13:11.069,1.57539,1.57558,1.00,1.00
2015.09.21 09:13:11.580,1.57539,1.57556,1.00,1.00
2015.09.21 09:13:12.170,1.57539,1.57558,1.12,1.00
2015.09.21 09:13:13.502,1.57539,1.57558,1.37,1.00
2015.09.21 09:13:13.553,1.57542,1.57562,1.12,1.37
2015.09.21 09:13:13.605,1.57542,1.57562,1.37,1.00
2015.09.21 09:13:14.163,1.57545,1.57564,1.12,1.00
2015.09.21 09:13:14.725,1.57545,1.57564,1.00,1.37
2015.09.21 09:13:14.776,1.57542,1.57564,1.00,1.37
2015.09.21 09:13:15.182,1.57542,1.5756,1.00,1.00
2015.09.21 09:13:16.263,1.57539,1.5756,1.00,1.00
2015.09.21 09:13:16.415,1.57541,1.57563,1.00,1.50
2015.09.21 09:13:19.724,1.57541,1.57563,1.00,1.37
2015.09.21 09:13:23.108,1.57541,1.57563,1.00,1.50
2015.09.21 09:13:23.210,1.57541,1.57563,1.00,1.12
2015.09.21 09:13:24.681,1.57541,1.57562,1.00,1.00
2015.09.21 09:13:24.784,1.57536,1.57559,1.12,1.00
2015.09.21 09:13:25.038,1.57536,1.57558,1.00,2.62
2015.09.21 09:13:25.089,1.57531,1.57554,1.12,1.37
2015.09.21 09:13:25.141,1.57531,1.57552,1.00,1.37
2015.09.21 09:13:25.293,1.57529,1.5755,1.00,1.00
2015.09.21 09:13:25.685,1.57529,1.57552,1.75,1.87
2015.09.21 09:13:25.838,1.57529,1.57552,1.50,1.50
2015.09.21 09:13:26.351,1.57529,1.57552,1.50,1.00
2015.09.21 09:13:27.794,1.57531,1.57552,1.00,1.00
2015.09.21 09:13:28.834,1.57531,1.57552,1.00,1.37
2015.09.21 09:13:29.318,1.57525,1.57546,1.00,1.12
2015.09.21 09:13:29.986,1.57523,1.57546,1.00,1.12
2015.09.21 09:13:30.091,1.57523,1.57543,1.00,1.00
2015.09.21 09:13:30.143,1.57518,1.57541,1.75,1.00
2015.09.21 09:13:30.245,1.57516,1.5754,1.00,1.50
2015.09.21 09:13:30.607,1.57515,1.57539,1.00,1.57
2015.09.21 09:13:30.660,1.57509,1.5753,1.00,1.00
2015.09.21 09:13:31.147,1.57509,1.57533,1.00,1.50
2015.09.21 09:13:31.755,1.57511,1.57534,1.00,1.75
2015.09.21 09:13:32.201,1.57522,1.57544,1.50,1.00
2015.09.21 09:13:32.253,1.57527,1.57547,1.00,1.00
2015.09.21 09:13:32.355,1.57529,1.5755,1.00,1.00
2015.09.21 09:13:32.508,1.57529,1.57551,1.37,1.00
2015.09.21 09:13:32.559,1.57533,1.57556,1.00,1.00
2015.09.21 09:13:32.915,1.57535,1.57553,1.00,1.37
2015.09.21 09:13:32.967,1.57533,1.57551,1.00,1.12
2015.09.21 09:13:33.019,1.57527,1.57551,1.87,1.12
2015.09.21 09:13:33.070,1.5753,1.57551,1.00,1.00
2015.09.21 09:13:33.385,1.57536,1.57551,1.12,1.00
2015.09.21 09:13:33.440,1.57539,1.57561,1.00,1.00
2015.09.21 09:13:35.885,1.57539,1.57562,1.00,1.50
2015.09.21 09:13:38.292,1.57538,1.57561,1.00,1.00
2015.09.21 09:13:40.277,1.57536,1.57559,1.00,1.00
2015.09.21 09:13:40.945,1.57536,1.57559,1.37,1.00
2015.09.21 09:13:41.249,1.57538,1.57559,1.37,1.00
2015.09.21 09:13:42.376,1.57539,1.57559,1.12,1.00
2015.09.21 09:13:42.427,1.5754,1.57563,1.50,1.50
2015.09.21 09:13:42.580,1.57544,1.57565,1.37,1.00
2015.09.21 09:13:42.631,1.57547,1.57572,1.37,1.37
2015.09.21 09:13:42.892,1.57549,1.57573,1.00,1.00
2015.09.21 09:13:42.943,1.57551,1.5757,1.00,1.00
2015.09.21 09:13:43.147,1.57549,1.5757,1.00,1.00
2015.09.21 09:13:43.781,1.57551,1.57574,1.00,1.50
2015.09.21 09:13:43.934,1.57551,1.57572,1.00,1.00
2015.09.21 09:13:44.137,1.57551,1.57574,1.00,1.87
2015.09.21 09:13:44.442,1.57551,1.57574,1.87,1.50
2015.09.21 09:13:45.042,1.57552,1.57576,1.75,1.00
2015.09.21 09:13:45.559,1.57552,1.57575,1.50,1.00
2015.09.21 09:13:49.661,1.57552,1.57574,1.50,1.00
2015.09.21 09:13:49.763,1.57552,1.57572,1.50,1.00
2015.09.21 09:13:50.523,1.57551,1.57571,1.00,1.00
2015.09.21 09:13:51.285,1.57551,1.57569,1.00,1.00
2015.09.21 09:13:52.284,1.57551,1.57573,1.00,1.00
2015.09.21 09:13:52.335,1.57551,1.57573,1.00,1.60
2015.09.21 09:13:52.540,1.57546,1.57571,1.50,1.50
2015.09.21 09:13:52.591,1.57546,1.57569,1.00,1.00
2015.09.21 09:13:53.480,1.57546,1.57565,1.00,1.00
2015.09.21 09:13:53.914,1.57546,1.57568,1.00,1.00
2015.09.21 09:13:54.751,1.57544,1.57568,1.00,1.00
2015.09.21 09:13:56.275,1.57544,1.57569,1.00,1.50
2015.09.21 09:13:56.703,1.57546,1.57569,1.00,1.00
2015.09.21 09:13:58.358,1.57546,1.5757,1.00,2.25
2015.09.21 09:13:59.729,1.57546,1.5757,2.25,1.00
2015.09.21 09:14:00.245,1.57549,1.57571,1.37,1.00
2015.09.21 09:14:01.326,1.57549,1.57571,1.75,1.00
2015.09.21 09:14:01.942,1.57555,1.57571,1.75,1.00
2015.09.21 09:14:01.997,1.57559,1.57582,1.00,1.00
2015.09.21 09:14:02.734,1.57559,1.57584,1.00,2.10
2015.09.21 09:14:03.188,1.57559,1.57584,1.75,2.10
2015.09.21 09:14:03.495,1.57562,1.57584,1.12,1.00
2015.09.21 09:14:04.365,1.57562,1.57585,1.87,1.00
2015.09.21 09:14:05.155,1.57562,1.57587,1.87,1.50
2015.09.21 09:14:05.490,1.57562,1.57584,1.75,1.00
2015.09.21 09:14:05.845,1.57559,1.57583,1.00,1.00
2015.09.21 09:14:06.454,1.57557,1.5758,1.87,1.00
2015.09.21 09:14:06.758,1.57558,1.5758,1.12,1.00
2015.09.21 09:14:07.260,1.57559,1.57583,1.75,1.00
2015.09.21 09:14:07.972,1.57559,1.57582,1.75,1.00
2015.09.21 09:14:08.074,1.57561,1.57581,1.37,1.97
2015.09.21 09:14:08.177,1.57556,1.57578,1.75,1.60
2015.09.21 09:14:08.279,1.57556,1.57578,1.37,1.00
2015.09.21 09:14:08.577,1.57561,1.57581,1.00,1.00
2015.09.21 09:14:08.982,1.57561,1.57581,1.50,1.60
2015.09.21 09:14:10.206,1.57561,1.57581,1.12,2.47
2015.09.21 09:14:10.259,1.57555,1.57578,1.12,1.60
2015.09.21 09:14:10.921,1.57555,1.57578,1.50,1.60
2015.09.21 09:14:10.973,1.57558,1.57581,1.00,2.47
2015.09.21 09:14:11.497,1.57556,1.57579,1.00,1.60
2015.09.21 09:14:12.939,1.57556,1.57579,1.37,1.00
2015.09.21 09:14:13.042,1.5756,1.57581,1.50,1.30
2015.09.21 09:14:13.145,1.57561,1.57585,1.37,1.60
2015.09.21 09:14:13.584,1.57563,1.57586,1.00,1.60
2015.09.21 09:14:15.233,1.57563,1.57586,2.25,1.60
2015.09.21 09:14:15.906,1.57563,1.57586,1.00,1.60
2015.09.21 09:14:16.210,1.57564,1.57588,2.25,1.60
2015.09.21 09:14:19.849,1.57563,1.57586,1.00,1.60
2015.09.21 09:14:19.951,1.57559,1.57584,1.37,1.97
2015.09.21 09:14:20.053,1.57559,1.57581,1.12,2.10
2015.09.21 09:14:21.202,1.57559,1.5758,1.00,1.60
2015.09.21 09:14:21.355,1.57561,1.57584,1.00,1.00
2015.09.21 09:14:22.262,1.57561,1.57584,1.37,1.00
2015.09.21 09:14:22.314,1.57564,1.57587,1.12,1.00
2015.09.21 09:14:22.653,1.57564,1.57584,1.12,1.00
2015.09.21 09:14:22.755,1.57564,1.57588,1.75,1.00
2015.09.21 09:14:23.292,1.57566,1.57588,1.50,1.00
2015.09.21 09:14:24.875,1.57567,1.57592,1.12,1.87
2015.09.21 09:14:25.116,1.57566,1.57589,2.25,1.00
2015.09.21 09:14:26.375,1.57569,1.57589,1.00,1.00
2015.09.21 09:14:28.832,1.57566,1.57589,1.00,1.12
2015.09.21 09:14:29.140,1.57564,1.57588,1.00,1.00
2015.09.21 09:14:30.952,1.57564,1.57588,1.00,1.37
2015.09.21 09:14:31.105,1.57562,1.57585,1.00,1.50
2015.09.21 09:14:31.461,1.57559,1.57584,2.25,1.00
2015.09.21 09:14:32.094,1.57559,1.57584,1.50,1.75
2015.09.21 09:14:33.625,1.57557,1.57581,1.00,1.00
2015.09.21 09:14:33.778,1.57557,1.57581,1.00,1.12
2015.09.21 09:14:34.313,1.57556,1.57578,1.50,1.12
2015.09.21 09:14:35.919,1.57554,1.57578,1.00,1.87
2015.09.21 09:14:36.886,1.57553,1.57576,1.00,1.50
2015.09.21 09:14:36.937,1.57551,1.57575,1.00,1.12
2015.09.21 09:14:37.515,1.57551,1.57575,1.00,1.87
2015.09.21 09:14:38.037,1.57552,1.57573,1.00,1.50
2015.09.21 09:14:38.407,1.57547,1.57571,1.00,2.47
2015.09.21 09:14:38.561,1.57547,1.57559,1.00,2.10
2015.09.21 09:14:38.612,1.57545,1.57559,1.00,2.10
2015.09.21 09:14:38.982,1.57533,1.57556,1.50,1.50
2015.09.21 09:14:43.754,1.57535,1.5756,1.00,2.25
2015.09.21 09:14:44.659,1.57539,1.5756,1.00,2.25
2015.09.21 09:14:44.761,1.57539,1.5756,1.00,1.12
2015.09.21 09:14:44.863,1.57536,1.5756,1.37,1.00
2015.09.21 09:14:44.914,1.57541,1.5756,1.00,1.00
2015.09.21 09:14:45.418,1.57547,1.57566,1.37,1.00
2015.09.21 09:14:45.470,1.57547,1.57572,2.25,1.00
2015.09.21 09:14:45.724,1.5755,1.57574,1.00,1.00
2015.09.21 09:14:45.826,1.57552,1.57574,1.00,1.00
2015.09.21 09:14:46.131,1.57562,1.57586,1.00,1.37
2015.09.21 09:14:46.183,1.57562,1.5759,1.00,1.20
2015.09.21 09:14:46.234,1.57562,1.57591,1.75,1.95
2015.09.21 09:14:46.285,1.57563,1.57591,1.12,1.20
2015.09.21 09:14:46.388,1.57562,1.57593,1.75,1.87
2015.09.21 09:14:46.969,1.57562,1.57583,1.75,1.00
2015.09.21 09:14:50.805,1.57564,1.57587,1.87,1.00
2015.09.21 09:14:52.470,1.57565,1.5759,1.50,1.00
2015.09.21 09:14:52.572,1.57565,1.5759,1.00,2.62
2015.09.21 09:14:52.827,1.57561,1.57586,2.25,1.00
2015.09.21 09:14:56.786,1.57561,1.57583,1.50,1.00
2015.09.21 09:14:57.091,1.57563,1.57585,1.00,1.00
2015.09.21 09:14:57.657,1.57564,1.57587,1.00,1.00
2015.09.21 09:14:58.441,1.57564,1.57587,1.37,1.00
2015.09.21 09:14:58.943,1.57565,1.57588,1.12,1.00
2015.09.21 09:15:01.488,1.57563,1.57585,1.00,1.00
2015.09.21 09:15:03.734,1.57563,1.57585,1.37,1.00
2015.09.21 09:15:03.836,1.57565,1.57587,1.00,1.00
2015.09.21 09:15:05.656,1.57564,1.57587,1.12,1.00
2015.09.21 09:15:05.758,1.57567,1.57591,1.50,1.00
2015.09.21 09:15:05.810,1.5757,1.57593,1.37,1.00
2015.09.21 09:15:05.861,1.57573,1.57596,1.12,1.37
2015.09.21 09:15:06.419,1.57577,1.576,1.37,1.00
2015.09.21 09:15:06.724,1.5758,1.576,1.00,1.00
2015.09.21 09:15:09.745,1.57578,1.576,1.75,1.00
2015.09.21 09:15:09.897,1.57578,1.576,1.00,1.00
2015.09.21 09:15:10.478,1.57575,1.57597,1.87,1.00
2015.09.21 09:15:10.970,1.57576,1.576,2.25,1.37
2015.09.21 09:15:11.174,1.57578,1.57599,1.00,1.12
2015.09.21 09:15:11.479,1.57578,1.57599,1.75,1.00
2015.09.21 09:15:11.530,1.57578,1.57602,1.75,1.00
2015.09.21 09:15:16.569,1.57579,1.576,1.87,1.00
2015.09.21 09:15:24.791,1.5758,1.576,1.87,1.00
2015.09.21 09:15:24.844,1.5758,1.576,1.87,1.00
2015.09.21 09:15:25.217,1.5758,1.57598,1.87,1.00
2015.09.21 09:15:25.268,1.57579,1.57598,1.37,1.00
2015.09.21 09:15:25.472,1.57577,1.57598,1.12,1.00
2015.09.21 09:15:30.272,1.57577,1.57599,1.00,1.50
2015.09.21 09:15:35.776,1.57577,1.57595,1.00,1.00
2015.09.21 09:15:36.194,1.5757,1.57593,1.00,1.12
2015.09.21 09:15:36.296,1.5757,1.57591,1.00,1.00
2015.09.21 09:15:38.565,1.5757,1.57591,1.00,1.60
2015.09.21 09:15:38.819,1.57561,1.57582,1.00,1.00
2015.09.21 09:15:38.871,1.57561,1.5758,1.00,1.37
2015.09.21 09:15:39.182,1.57556,1.57578,1.50,1.00
2015.09.21 09:15:39.233,1.57557,1.5758,1.00,1.00
2015.09.21 09:15:39.284,1.57557,1.57576,1.00,1.00
2015.09.21 09:15:39.640,1.57553,1.57576,1.12,1.00
2015.09.21 09:15:41.433,1.57553,1.57576,1.50,1.00
2015.09.21 09:15:41.821,1.57554,1.57576,1.87,1.00
2015.09.21 09:15:41.928,1.57559,1.57581,1.12,1.12
2015.09.21 09:15:42.233,1.57556,1.5758,1.00,1.50
2015.09.21 09:15:42.489,1.57556,1.5758,1.00,1.87
2015.09.21 09:15:43.380,1.57555,1.57577,1.00,1.12
2015.09.21 09:15:52.972,1.57555,1.57577,1.00,1.50
2015.09.21 09:15:53.645,1.57555,1.57577,1.00,1.75
2015.09.21 09:15:57.547,1.57555,1.57577,1.00,1.12
2015.09.21 09:16:01.067,1.57555,1.57576,1.00,1.00
2015.09.21 09:16:01.169,1.57553,1.57576,1.00,1.50
2015.09.21 09:16:01.426,1.57553,1.57569,1.00,1.00
2015.09.21 09:16:02.168,1.57551,1.57564,1.00,1.50
2015.09.21 09:16:02.234,1.57542,1.57564,1.00,1.50
2015.09.21 09:16:03.772,1.57542,1.57561,1.00,1.00
2015.09.21 09:16:04.435,1.57542,1.57555,1.00,1.00
2015.09.21 09:16:04.765,1.57533,1.57553,1.67,1.37
2015.09.21 09:16:04.817,1.57522,1.57543,1.37,1.00
2015.09.21 09:16:04.919,1.57517,1.57543,1.50,1.00
2015.09.21 09:16:05.021,1.57523,1.57543,1.00,1.00
2015.09.21 09:16:05.123,1.57517,1.57543,2.47,1.00
2015.09.21 09:16:05.226,1.57523,1.57543,1.00,1.00
2015.09.21 09:16:05.573,1.57525,1.57543,1.00,1.00
2015.09.21 09:16:05.625,1.57525,1.57546,1.00,1.00
2015.09.21 09:16:06.337,1.57525,1.57546,1.00,1.37
2015.09.21 09:16:07.351,1.57525,1.57546,1.00,1.00
2015.09.21 09:16:10.446,1.57525,1.57547,1.00,1.00
2015.09.21 09:16:10.548,1.57528,1.57547,1.00,1.00
2015.09.21 09:16:10.853,1.5753,1.5755,1.00,1.00
2015.09.21 09:16:11.006,1.5753,1.57553,1.00,1.50
2015.09.21 09:16:11.108,1.57534,1.57553,1.00,1.12
2015.09.21 09:16:11.260,1.57533,1.57555,1.00,1.00
2015.09.21 09:16:12.039,1.57533,1.57553,1.00,1.00
2015.09.21 09:16:12.344,1.57533,1.5755,1.00,1.00
2015.09.21 09:16:16.739,1.57529,1.5755,1.12,1.00
2015.09.21 09:16:16.795,1.57529,1.57543,1.00,1.00
2015.09.21 09:16:16.847,1.57525,1.57543,1.12,1.00
2015.09.21 09:16:16.950,1.57525,1.57536,1.12,1.00
2015.09.21 09:16:17.052,1.5752,1.57533,1.00,1.00
2015.09.21 09:16:17.154,1.57513,1.57533,1.00,1.00
2015.09.21 09:16:17.459,1.57512,1.57537,1.50,1.50
2015.09.21 09:16:17.784,1.57524,1.57546,2.10,1.75
2015.09.21 09:16:17.835,1.57526,1.57546,1.30,1.00
2015.09.21 09:16:18.342,1.57527,1.57546,1.00,1.00
2015.09.21 09:16:19.260,1.5753,1.57546,1.12,1.00
2015.09.21 09:16:19.316,1.5753,1.57549,1.50,1.00
2015.09.21 09:16:19.368,1.57532,1.5755,1.75,1.00
2015.09.21 09:16:19.623,1.57534,1.57553,1.35,1.00
2015.09.21 09:16:19.776,1.57533,1.57553,1.12,1.00
2015.09.21 09:16:19.828,1.57534,1.57551,1.37,1.00
2015.09.21 09:16:20.083,1.57527,1.57545,1.50,1.00
2015.09.21 09:16:20.781,1.57527,1.57542,1.00,1.00
2015.09.21 09:16:21.137,1.57525,1.5754,1.37,1.00
2015.09.21 09:16:21.290,1.57524,1.5754,1.00,1.00
2015.09.21 09:16:22.233,1.57521,1.5754,1.50,1.00
2015.09.21 09:16:23.441,1.57524,1.5754,1.00,1.50
2015.09.21 09:16:23.543,1.57531,1.57542,2.10,1.00
2015.09.21 09:16:23.696,1.57534,1.57554,1.67,1.00
2015.09.21 09:16:23.849,1.57537,1.57555,1.37,1.00
2015.09.21 09:16:24.003,1.57532,1.57549,1.00,1.00
2015.09.21 09:16:24.059,1.57531,1.57544,1.37,1.00
2015.09.21 09:16:24.161,1.57527,1.57544,1.00,1.00
2015.09.21 09:16:24.469,1.57524,1.57544,1.12,1.00
2015.09.21 09:16:24.520,1.57524,1.57547,1.12,1.00
2015.09.21 09:16:24.672,1.57524,1.57549,1.12,1.50
2015.09.21 09:16:24.774,1.57524,1.57549,1.72,1.00
2015.09.21 09:16:24.979,1.5753,1.57553,1.50,1.50
2015.09.21 09:16:25.030,1.57534,1.57556,1.00,1.87
2015.09.21 09:16:25.081,1.57532,1.57557,1.75,1.00
2015.09.21 09:16:25.662,1.57538,1.57557,1.72,1.50
2015.09.21 09:16:25.713,1.57539,1.57562,1.00,1.00
2015.09.21 09:16:25.764,1.57541,1.57563,1.00,1.00
2015.09.21 09:16:26.070,1.57539,1.57562,1.00,1.60
2015.09.21 09:16:26.376,1.57541,1.57562,1.00,1.00
2015.09.21 09:16:27.813,1.57541,1.57563,1.00,1.50
2015.09.21 09:16:28.127,1.57537,1.57558,1.30,1.00
2015.09.21 09:16:28.476,1.57539,1.5756,1.87,1.50
2015.09.21 09:16:28.782,1.57535,1.57557,1.12,1.50
2015.09.21 09:16:28.834,1.57532,1.57555,1.75,1.00
2015.09.21 09:16:28.886,1.57532,1.57555,1.00,1.50
2015.09.21 09:16:28.990,1.57535,1.57553,1.00,1.00
2015.09.21 09:16:29.197,1.57535,1.57557,1.12,1.00
2015.09.21 09:16:29.520,1.5754,1.57558,1.00,1.00
2015.09.21 09:16:29.577,1.5754,1.5756,1.00,1.00
2015.09.21 09:16:29.680,1.57543,1.57561,1.00,1.00
2015.09.21 09:16:29.834,1.57543,1.57564,1.00,1.50
2015.09.21 09:16:29.886,1.57545,1.57564,1.00,1.50
2015.09.21 09:16:29.990,1.57545,1.57568,1.00,1.00
2015.09.21 09:16:30.093,1.57546,1.57569,1.50,1.00
2015.09.21 09:16:30.399,1.5755,1.57573,1.00,1.87
2015.09.21 09:16:30.675,1.57553,1.57573,1.37,1.00
2015.09.21 09:16:30.727,1.57553,1.57578,1.87,1.12
2015.09.21 09:16:30.779,1.57553,1.57574,1.37,1.00
2015.09.21 09:16:31.202,1.57554,1.57579,1.87,1.00
2015.09.21 09:16:31.456,1.57559,1.57581,1.12,1.00
2015.09.21 09:16:31.508,1.57559,1.57583,1.12,1.12
2015.09.21 09:16:31.610,1.57558,1.5758,2.25,1.00
2015.09.21 09:16:32.125,1.57551,1.57574,1.00,1.37
2015.09.21 09:16:32.562,1.57549,1.57572,1.50,1.00
2015.09.21 09:16:32.792,1.5755,1.57575,1.37,1.00
2015.09.21 09:16:32.843,1.5755,1.57575,1.37,1.37
2015.09.21 09:16:33.317,1.57553,1.57575,1.00,1.37
2015.09.21 09:16:33.368,1.57555,1.57575,1.00,1.00
2015.09.21 09:16:33.728,1.57555,1.57568,1.00,1.00
2015.09.21 09:16:33.780,1.5755,1.57568,1.00,1.00
2015.09.21 09:16:33.831,1.5755,1.57565,1.00,1.60
2015.09.21 09:16:33.883,1.57546,1.57565,1.00,1.60
2015.09.21 09:16:34.573,1.57546,1.57565,1.00,1.00
2015.09.21 09:16:34.877,1.57547,1.57565,1.37,1.00
2015.09.21 09:16:34.928,1.5755,1.57572,1.50,1.00
2015.09.21 09:16:34.979,1.5755,1.57572,1.75,1.00
2015.09.21 09:16:35.281,1.5756,1.57581,1.00,1.37
2015.09.21 09:16:35.332,1.57565,1.57587,1.00,1.12
2015.09.21 09:16:35.383,1.57569,1.5759,1.00,1.37
2015.09.21 09:16:35.485,1.57566,1.57588,1.67,1.00
2015.09.21 09:16:35.587,1.57562,1.57586,1.75,1.00
2015.09.21 09:16:35.638,1.57562,1.57586,1.12,1.00
2015.09.21 09:16:35.690,1.57561,1.57584,1.37,1.00
2015.09.21 09:16:36.198,1.57561,1.57583,1.00,1.00
2015.09.21 09:16:36.849,1.57565,1.57587,1.50,1.50
2015.09.21 09:16:37.307,1.57565,1.57583,1.37,1.00
2015.09.21 09:16:37.512,1.57565,1.57585,1.12,1.00
2015.09.21 09:16:38.169,1.57563,1.57584,1.37,1.37
2015.09.21 09:16:38.220,1.57563,1.57584,1.12,1.87
2015.09.21 09:16:38.323,1.57559,1.57584,1.50,2.62
2015.09.21 09:16:38.827,1.57559,1.57581,1.50,1.00
2015.09.21 09:16:40.124,1.57559,1.57581,1.50,1.00
2015.09.21 09:16:41.921,1.57559,1.5758,1.50,1.00
2015.09.21 09:16:42.460,1.57559,1.57583,1.50,1.37
2015.09.21 09:16:43.037,1.57577,1.57589,1.00,1.37
2015.09.21 09:16:43.089,1.57577,1.57591,1.12,1.00
2015.09.21 09:16:43.140,1.57576,1.57601,1.75,1.00
2015.09.21 09:16:43.293,1.57576,1.57599,2.25,1.00
2015.09.21 09:16:43.548,1.57572,1.57594,1.87,1.00
2015.09.21 09:16:43.599,1.57574,1.57594,1.00,1.00
2015.09.21 09:16:43.802,1.57577,1.576,1.00,1.12
2015.09.21 09:16:44.325,1.57577,1.57601,1.00,1.12
2015.09.21 09:16:44.528,1.57576,1.57599,1.50,1.00
2015.09.21 09:16:44.834,1.57569,1.57593,1.00,1.37
2015.09.21 09:16:44.935,1.57567,1.5759,1.00,1.12
2015.09.21 09:16:45.037,1.57565,1.5759,1.00,1.50
2015.09.21 09:16:45.088,1.57564,1.57588,1.12,1.00
2015.09.21 09:16:45.666,1.57588,1.57595,1.12,1.50
2015.09.21 09:16:45.723,1.57588,1.57607,1.50,1.00
2015.09.21 09:16:47.303,1.57588,1.57607,1.35,1.00
2015.09.21 09:16:47.507,1.57593,1.5761,1.00,1.00
2015.09.21 09:16:47.863,1.57587,1.57609,1.12,1.00
2015.09.21 09:16:51.497,1.5759,1.5761,1.00,1.00
2015.09.21 09:16:51.827,1.57596,1.5761,1.00,1.00
2015.09.21 09:16:52.033,1.57591,1.5761,1.87,1.00
2015.09.21 09:16:55.300,1.57591,1.57607,1.00,1.00
