2015.01.29 01:00:00.566,1.42945,1.42966,2.87,1.00
2015.01.29 01:00:00.971,1.42945,1.42968,2.87,1.50
2015.01.29 01:00:01.479,1.42945,1.42969,3.24,1.50
2015.01.29 01:00:01.936,1.42945,1.42968,3.24,1.00
2015.01.29 01:00:02.242,1.42945,1.42967,1.12,1.00
2015.01.29 01:00:02.751,1.42945,1.42966,1.12,1.00
2015.01.29 01:00:02.954,1.42945,1.42963,1.37,1.00
2015.01.29 01:00:03.005,1.42945,1.42963,1.00,1.00
2015.01.29 01:00:03.208,1.42945,1.42966,1.37,1.00
2015.01.29 01:00:03.715,1.42945,1.42966,1.37,1.00
2015.01.29 01:00:05.128,1.42945,1.42966,1.37,1.10
2015.01.29 01:00:05.540,1.42941,1.42967,2.25,1.00
2015.01.29 01:00:05.853,1.42941,1.42969,1.50,2.25
2015.01.29 01:00:07.847,1.42942,1.42969,1.50,1.95
2015.01.29 01:00:07.898,1.42939,1.42964,1.37,1.00
2015.01.29 01:00:08.050,1.42935,1.42961,1.57,1.87
2015.01.29 01:00:08.202,1.42935,1.42961,1.37,2.25
2015.01.29 01:00:08.505,1.42934,1.42961,1.75,3.00
2015.01.29 01:00:08.607,1.42934,1.42961,1.75,3.00
2015.01.29 01:00:09.113,1.42934,1.4296,1.37,1.00
2015.01.29 01:00:10.213,1.42934,1.42959,1.37,1.00
2015.01.29 01:00:10.736,1.42934,1.42959,2.25,1.00
2015.01.29 01:00:11.283,1.42934,1.42959,2.25,1.00
2015.01.29 01:00:11.385,1.42934,1.4296,2.25,1.50
2015.01.29 01:00:12.584,1.42935,1.4296,1.12,1.00
2015.01.29 01:00:13.117,1.42936,1.42961,1.87,1.00
2015.01.29 01:00:13.787,1.42936,1.42962,3.25,1.50
2015.01.29 01:00:13.838,1.42936,1.4296,2.25,1.00
2015.01.29 01:00:14.658,1.42936,1.4296,3.00,1.00
2015.01.29 01:00:16.035,1.42939,1.42961,1.12,1.00
2015.01.29 01:00:16.340,1.4295,1.42967,2.25,1.15
2015.01.29 01:00:16.645,1.42955,1.42974,2.25,1.01
2015.01.29 01:00:16.696,1.42955,1.42976,3.25,2.06
2015.01.29 01:00:16.999,1.42955,1.42978,3.25,1.12
2015.01.29 01:00:17.101,1.42955,1.42979,3.37,2.40
2015.01.29 01:00:17.632,1.42956,1.42979,1.50,2.25
2015.01.29 01:00:19.830,1.42962,1.42979,1.12,1.00
2015.01.29 01:00:20.034,1.42964,1.42985,1.12,1.95
2015.01.29 01:00:20.085,1.42964,1.42985,2.12,1.10
2015.01.29 01:00:20.597,1.42965,1.42985,1.50,1.00
2015.01.29 01:00:20.900,1.42965,1.42987,2.50,1.00
2015.01.29 01:00:22.617,1.42963,1.42987,1.50,1.10
2015.01.29 01:00:22.770,1.42963,1.42987,1.50,1.07
2015.01.29 01:00:23.276,1.42962,1.42984,1.00,1.00
2015.01.29 01:00:23.428,1.42958,1.42982,1.50,1.00
2015.01.29 01:00:23.479,1.42957,1.42981,1.37,1.37
2015.01.29 01:00:23.783,1.42954,1.42977,1.37,1.00
2015.01.29 01:00:24.289,1.42952,1.42978,1.87,1.12
2015.01.29 01:00:25.097,1.42952,1.42977,1.87,1.00
2015.01.29 01:00:25.148,1.42951,1.42976,1.87,1.50
2015.01.29 01:00:25.350,1.42951,1.42976,3.00,1.00
2015.01.29 01:00:25.452,1.42951,1.42976,1.37,1.00
2015.01.29 01:00:25.655,1.42951,1.42974,1.37,1.00
2015.01.29 01:00:25.909,1.42949,1.42976,1.37,1.50
2015.01.29 01:00:28.078,1.42949,1.42976,1.37,1.00
2015.01.29 01:00:29.286,1.42949,1.42974,1.37,1.37
2015.01.29 01:00:29.641,1.42948,1.42971,1.37,1.00
2015.01.29 01:00:29.995,1.42948,1.42974,1.87,2.25
2015.01.29 01:00:30.452,1.42952,1.42977,1.87,1.00
2015.01.29 01:00:30.604,1.42954,1.42979,1.87,1.20
2015.01.29 01:00:33.413,1.42954,1.42978,3.24,1.00
2015.01.29 01:00:33.717,1.42955,1.4298,2.62,1.65
2015.01.29 01:00:34.192,1.42955,1.4298,3.74,1.57
2015.01.29 01:00:34.839,1.42955,1.42978,1.00,1.00
2015.01.29 01:00:35.170,1.42955,1.42974,1.50,1.00
2015.01.29 01:00:35.680,1.42953,1.42974,1.37,1.00
2015.01.29 01:00:36.242,1.42952,1.42973,1.37,1.00
2015.01.29 01:00:37.138,1.4295,1.4297,1.37,1.00
2015.01.29 01:00:37.469,1.4295,1.4297,1.87,1.00
2015.01.29 01:00:38.536,1.4295,1.4297,1.87,1.19
2015.01.29 01:00:39.239,1.4295,1.4297,1.87,1.00
2015.01.29 01:00:40.623,1.4295,1.4297,1.37,2.25
2015.01.29 01:00:40.775,1.42947,1.42965,1.37,1.00
2015.01.29 01:00:40.877,1.42946,1.42965,1.87,1.00
2015.01.29 01:00:41.492,1.42944,1.42964,1.37,1.00
2015.01.29 01:00:45.729,1.42944,1.42966,3.37,1.25
2015.01.29 01:00:47.215,1.42947,1.42966,1.50,1.00
2015.01.29 01:00:59.240,1.42946,1.42964,1.37,1.37
2015.01.29 01:00:59.393,1.42942,1.42961,1.00,1.66
2015.01.29 01:00:59.495,1.42939,1.42958,1.00,1.31
2015.01.29 01:00:59.546,1.42939,1.42958,1.00,1.62
2015.01.29 01:00:59.597,1.42937,1.42957,1.00,1.37
2015.01.29 01:01:00.154,1.42936,1.42955,1.00,1.12
2015.01.29 01:01:00.594,1.42934,1.42954,1.00,1.12
2015.01.29 01:01:02.223,1.42933,1.42953,1.12,1.00
2015.01.29 01:01:03.405,1.42933,1.42951,1.12,1.00
2015.01.29 01:01:06.787,1.42933,1.42951,1.37,1.00
2015.01.29 01:01:07.572,1.42933,1.42951,1.37,1.00
2015.01.29 01:01:08.114,1.42933,1.42951,1.37,1.00
2015.01.29 01:01:08.165,1.42933,1.42953,1.37,1.00
2015.01.29 01:01:08.266,1.42936,1.42957,1.31,1.00
2015.01.29 01:01:08.368,1.4294,1.42962,1.12,1.50
2015.01.29 01:01:10.115,1.42941,1.42963,1.50,1.00
2015.01.29 01:01:14.069,1.42941,1.42963,1.37,1.12
2015.01.29 01:01:14.608,1.42941,1.42963,1.37,1.00
2015.01.29 01:01:16.396,1.42941,1.42963,1.00,1.37
2015.01.29 01:01:16.497,1.42941,1.42961,1.12,1.37
2015.01.29 01:01:16.700,1.42939,1.42958,1.37,1.00
2015.01.29 01:01:19.552,1.42939,1.42958,1.00,1.00
2015.01.29 01:01:19.704,1.42938,1.42956,1.37,1.00
2015.01.29 01:01:19.906,1.42936,1.42955,1.37,1.00
2015.01.29 01:01:20.210,1.42936,1.42955,1.87,1.00
2015.01.29 01:01:20.772,1.42936,1.42955,1.87,1.00
2015.01.29 01:01:21.636,1.42936,1.42955,1.87,1.00
2015.01.29 01:01:21.967,1.42936,1.42955,1.50,1.00
2015.01.29 01:01:23.319,1.42936,1.42956,2.50,1.00
2015.01.29 01:01:28.676,1.42936,1.42956,2.87,1.00
2015.01.29 01:01:29.319,1.42936,1.42956,2.87,1.00
2015.01.29 01:01:31.255,1.42936,1.42959,2.87,1.20
2015.01.29 01:01:31.458,1.42936,1.42956,2.87,1.00
2015.01.29 01:01:32.223,1.42936,1.42956,2.87,1.00
2015.01.29 01:01:37.919,1.42936,1.42956,2.87,1.10
2015.01.29 01:01:38.173,1.42936,1.42956,2.87,1.10
2015.01.29 01:01:39.567,1.42936,1.42956,1.87,1.10
2015.01.29 01:01:42.899,1.42936,1.42956,1.50,1.00
2015.01.29 01:01:52.139,1.42936,1.42955,2.50,1.00
2015.01.29 01:01:59.611,1.42936,1.42955,1.00,1.12
2015.01.29 01:02:03.016,1.42936,1.42955,1.00,1.12
2015.01.29 01:02:07.322,1.42936,1.42955,1.00,1.00
2015.01.29 01:02:17.121,1.42936,1.42955,1.00,1.00
2015.01.29 01:02:17.324,1.42936,1.42954,2.62,1.00
2015.01.29 01:02:17.630,1.42937,1.42954,1.12,1.00
2015.01.29 01:02:17.782,1.42938,1.42956,1.50,1.00
2015.01.29 01:02:18.188,1.42941,1.42959,1.87,1.00
2015.01.29 01:02:22.027,1.42941,1.42959,1.37,1.00
2015.01.29 01:02:22.280,1.42944,1.42963,1.12,1.00
2015.01.29 01:02:22.382,1.42944,1.42963,1.00,1.00
2015.01.29 01:02:22.432,1.42944,1.42961,1.00,1.00
2015.01.29 01:02:22.483,1.42943,1.42961,1.00,1.50
2015.01.29 01:02:22.635,1.42941,1.42959,1.37,1.00
2015.01.29 01:02:25.341,1.42941,1.42959,1.37,1.00
2015.01.29 01:02:25.494,1.42945,1.42962,1.50,1.00
2015.01.29 01:02:25.545,1.42945,1.42962,2.50,1.00
2015.01.29 01:02:25.799,1.42942,1.42958,1.00,1.00
2015.01.29 01:02:25.900,1.42942,1.42958,1.37,1.00
2015.01.29 01:02:30.292,1.42942,1.42962,1.00,1.17
2015.01.29 01:02:30.394,1.42942,1.42962,2.50,1.10
2015.01.29 01:02:30.548,1.42942,1.4296,1.12,1.00
2015.01.29 01:02:30.853,1.42944,1.42962,1.12,1.00
2015.01.29 01:02:33.513,1.42943,1.42961,1.87,1.00
2015.01.29 01:02:34.661,1.42943,1.42961,1.87,1.07
2015.01.29 01:02:35.162,1.42943,1.42961,1.50,1.07
2015.01.29 01:02:36.344,1.42943,1.42961,1.87,1.07
2015.01.29 01:02:41.106,1.42943,1.42961,1.00,1.95
2015.01.29 01:02:41.673,1.42942,1.42958,1.00,1.00
2015.01.29 01:02:47.340,1.42938,1.42956,1.00,1.00
2015.01.29 01:02:51.657,1.42937,1.42953,1.00,1.00
2015.01.29 01:02:51.960,1.42927,1.42943,1.00,1.12
2015.01.29 01:02:52.214,1.42925,1.42943,1.00,1.00
2015.01.29 01:02:52.739,1.42925,1.42943,1.00,1.37
2015.01.29 01:02:53.296,1.42924,1.42942,1.00,1.12
2015.01.29 01:03:04.791,1.42924,1.42942,1.00,1.31
2015.01.29 01:03:05.395,1.42924,1.42942,1.00,2.06
2015.01.29 01:03:05.701,1.4291,1.42916,1.00,1.80
2015.01.29 01:03:05.753,1.42896,1.42913,1.00,1.00
2015.01.29 01:03:05.855,1.42893,1.42912,1.00,1.25
2015.01.29 01:03:06.365,1.42892,1.42912,1.00,1.00
2015.01.29 01:03:06.622,1.42892,1.42912,1.00,1.00
2015.01.29 01:03:07.618,1.42892,1.42912,1.00,1.80
2015.01.29 01:03:07.719,1.42892,1.42909,1.00,1.00
2015.01.29 01:03:07.988,1.42892,1.42911,1.00,1.80
2015.01.29 01:03:09.445,1.42892,1.42911,1.00,1.29
2015.01.29 01:03:09.597,1.42892,1.42911,1.00,1.29
2015.01.29 01:03:09.993,1.42892,1.42906,1.00,1.05
2015.01.29 01:03:10.095,1.42892,1.4291,1.00,3.11
2015.01.29 01:03:10.146,1.42889,1.42905,1.00,1.00
2015.01.29 01:03:10.247,1.42889,1.42907,1.00,1.00
2015.01.29 01:03:10.349,1.42889,1.42908,1.00,1.50
2015.01.29 01:03:10.857,1.42889,1.42908,1.00,1.50
2015.01.29 01:03:11.197,1.42889,1.4291,1.00,1.87
2015.01.29 01:03:14.625,1.42889,1.4291,1.00,3.11
2015.01.29 01:03:15.142,1.42889,1.42907,1.00,1.00
2015.01.29 01:03:17.171,1.4289,1.42907,1.00,1.00
2015.01.29 01:03:21.583,1.4289,1.42907,1.00,1.00
2015.01.29 01:03:21.685,1.4289,1.42912,1.00,1.17
2015.01.29 01:03:21.787,1.42897,1.42913,1.00,1.00
2015.01.29 01:03:22.145,1.42897,1.42917,2.12,1.00
2015.01.29 01:03:22.348,1.42897,1.42918,3.37,1.00
2015.01.29 01:03:22.449,1.42897,1.4292,2.62,1.00
2015.01.29 01:03:22.501,1.429,1.4292,1.20,1.00
2015.01.29 01:03:22.804,1.42903,1.4292,1.00,1.00
2015.01.29 01:03:24.522,1.42903,1.42924,1.00,1.00
2015.01.29 01:03:26.079,1.42905,1.42924,1.00,1.00
2015.01.29 01:03:27.186,1.42903,1.42923,1.00,1.00
2015.01.29 01:03:27.339,1.42903,1.42921,1.00,1.00
2015.01.29 01:03:27.492,1.42898,1.42917,1.00,1.00
2015.01.29 01:03:27.644,1.42898,1.42914,1.00,1.00
2015.01.29 01:03:27.848,1.42895,1.42913,1.00,1.00
2015.01.29 01:03:28.167,1.42895,1.42915,1.00,1.50
2015.01.29 01:03:28.268,1.42895,1.42918,1.00,2.44
2015.01.29 01:03:28.572,1.42895,1.42916,1.00,1.00
2015.01.29 01:03:28.623,1.42895,1.42915,1.00,1.00
2015.01.29 01:03:28.725,1.42895,1.42914,1.00,1.19
2015.01.29 01:03:29.972,1.42895,1.42914,1.00,1.25
2015.01.29 01:03:30.767,1.42895,1.42914,1.00,1.19
2015.01.29 01:03:31.885,1.42895,1.42914,1.00,1.25
2015.01.29 01:03:33.912,1.42895,1.42914,1.00,1.27
2015.01.29 01:03:34.622,1.42895,1.42915,1.12,1.50
2015.01.29 01:03:34.673,1.42895,1.42915,1.00,1.00
2015.01.29 01:03:34.775,1.42896,1.42918,1.50,1.87
2015.01.29 01:03:35.335,1.42898,1.42918,1.20,1.37
2015.01.29 01:03:35.487,1.42898,1.42918,3.37,1.00
2015.01.29 01:03:35.538,1.42898,1.42923,2.62,1.50
2015.01.29 01:03:35.639,1.42906,1.42923,1.00,1.50
2015.01.29 01:03:35.893,1.42906,1.42923,1.00,1.00
2015.01.29 01:03:36.097,1.42907,1.42924,1.00,1.00
2015.01.29 01:03:36.604,1.42907,1.42923,1.00,1.00
2015.01.29 01:03:37.717,1.42907,1.42922,1.00,1.00
2015.01.29 01:03:38.305,1.42907,1.42922,1.00,1.00
2015.01.29 01:03:38.407,1.42907,1.4292,1.00,1.00
2015.01.29 01:03:38.610,1.42899,1.42914,1.00,1.00
2015.01.29 01:03:38.660,1.42895,1.42909,1.00,1.00
2015.01.29 01:03:38.965,1.42895,1.42905,1.00,1.00
2015.01.29 01:03:39.471,1.42895,1.42906,1.00,1.00
2015.01.29 01:03:40.709,1.42891,1.42906,1.00,1.00
2015.01.29 01:03:46.076,1.42889,1.42906,1.50,1.80
2015.01.29 01:03:46.178,1.42889,1.42898,1.00,1.00
2015.01.29 01:03:46.330,1.42886,1.42898,1.00,1.50
2015.01.29 01:03:46.432,1.42886,1.42898,1.00,1.00
2015.01.29 01:03:46.584,1.42886,1.42902,1.00,1.05
2015.01.29 01:03:46.635,1.42884,1.42902,1.00,1.05
2015.01.29 01:03:46.687,1.42884,1.42898,1.50,1.00
2015.01.29 01:03:46.839,1.42887,1.42904,1.50,1.50
2015.01.29 01:03:46.890,1.42888,1.42904,1.50,1.00
2015.01.29 01:03:46.941,1.42888,1.42907,2.50,1.50
2015.01.29 01:03:47.043,1.42888,1.42904,2.50,1.00
2015.01.29 01:03:47.348,1.42895,1.42907,1.00,1.00
2015.01.29 01:03:47.654,1.42895,1.42907,1.00,1.00
2015.01.29 01:03:47.856,1.42895,1.42907,1.00,1.00
2015.01.29 01:03:48.873,1.42894,1.42907,1.00,1.00
2015.01.29 01:03:49.025,1.42894,1.4291,1.00,1.10
2015.01.29 01:03:50.402,1.42894,1.4291,1.00,1.10
2015.01.29 01:03:53.354,1.42892,1.42911,1.00,1.07
2015.01.29 01:03:53.455,1.42892,1.42914,1.00,1.10
2015.01.29 01:03:53.557,1.42892,1.42916,2.50,1.00
2015.01.29 01:03:53.860,1.42893,1.42912,2.50,1.00
2015.01.29 01:03:53.911,1.42893,1.42912,1.00,1.00
2015.01.29 01:03:54.436,1.42893,1.42912,1.00,1.39
2015.01.29 01:03:56.339,1.42893,1.42912,1.00,1.09
2015.01.29 01:03:57.112,1.42893,1.42912,1.00,1.25
2015.01.29 01:04:00.182,1.42894,1.42915,1.12,1.24
2015.01.29 01:04:00.283,1.42894,1.42916,2.57,1.31
2015.01.29 01:04:00.587,1.42899,1.42916,1.12,1.00
2015.01.29 01:04:00.638,1.42899,1.42918,2.50,1.00
2015.01.29 01:04:00.740,1.42902,1.42918,1.00,1.00
2015.01.29 01:04:03.487,1.42902,1.42918,1.00,1.00
2015.01.29 01:04:03.589,1.429,1.42917,1.00,1.00
2015.01.29 01:04:03.691,1.429,1.42915,1.00,1.00
2015.01.29 01:04:03.945,1.42895,1.42915,1.50,1.31
2015.01.29 01:04:04.148,1.42895,1.42915,1.00,3.86
2015.01.29 01:04:04.658,1.42895,1.42917,1.00,1.19
2015.01.29 01:04:04.963,1.42895,1.42917,2.40,1.25
2015.01.29 01:04:05.216,1.42895,1.42915,3.44,1.00
2015.01.29 01:04:05.368,1.42897,1.42918,1.57,1.19
2015.01.29 01:04:05.883,1.42897,1.42918,2.57,1.19
2015.01.29 01:04:07.785,1.42897,1.42918,2.57,1.25
2015.01.29 01:04:09.285,1.42897,1.42919,2.20,1.69
2015.01.29 01:04:09.793,1.42901,1.42922,2.62,1.69
2015.01.29 01:04:10.148,1.42901,1.42922,3.75,1.69
2015.01.29 01:04:10.475,1.42901,1.42922,3.45,1.69
2015.01.29 01:04:10.627,1.42901,1.42922,3.00,1.50
2015.01.29 01:04:10.677,1.42903,1.42922,2.65,1.00
2015.01.29 01:04:10.728,1.42904,1.42928,1.20,1.00
2015.01.29 01:04:10.881,1.42909,1.42928,1.00,1.00
2015.01.29 01:04:10.982,1.42911,1.42932,3.15,1.00
2015.01.29 01:04:11.493,1.42912,1.42933,3.00,1.00
2015.01.29 01:04:11.697,1.42912,1.42933,4.87,1.00
2015.01.29 01:04:11.950,1.42914,1.42935,1.72,1.00
2015.01.29 01:04:14.684,1.42915,1.42935,1.27,1.00
2015.01.29 01:04:14.786,1.42916,1.42937,1.27,1.00
2015.01.29 01:04:14.989,1.42918,1.42937,1.00,1.00
2015.01.29 01:04:15.040,1.42918,1.42939,1.00,1.50
2015.01.29 01:04:15.892,1.42918,1.4294,2.50,1.00
2015.01.29 01:04:18.752,1.42921,1.42941,1.50,1.50
2015.01.29 01:04:19.260,1.42921,1.42942,2.50,1.00
2015.01.29 01:04:21.375,1.42921,1.42942,2.50,1.00
2015.01.29 01:04:21.426,1.42921,1.4294,1.00,1.69
2015.01.29 01:04:23.778,1.42921,1.4294,1.00,1.19
2015.01.29 01:04:23.880,1.42921,1.4294,1.00,1.00
2015.01.29 01:04:23.931,1.42924,1.42942,1.50,1.00
2015.01.29 01:04:24.135,1.42924,1.42944,1.50,1.00
2015.01.29 01:04:24.186,1.42926,1.42944,1.50,1.00
2015.01.29 01:04:24.288,1.42926,1.42944,1.50,1.60
2015.01.29 01:04:24.390,1.42923,1.42941,1.00,1.00
2015.01.29 01:04:24.492,1.4292,1.42938,1.50,1.00
2015.01.29 01:04:25.164,1.4292,1.4294,1.00,1.00
2015.01.29 01:04:26.583,1.42922,1.42943,1.12,2.06
2015.01.29 01:04:28.889,1.42922,1.42942,1.00,1.00
2015.01.29 01:04:30.738,1.42922,1.42944,1.00,1.37
2015.01.29 01:04:35.023,1.42924,1.42944,1.00,1.37
2015.01.29 01:04:35.126,1.42928,1.42948,1.00,1.00
2015.01.29 01:04:35.645,1.42928,1.42949,1.00,1.00
2015.01.29 01:04:36.151,1.42928,1.4295,2.12,1.00
2015.01.29 01:04:39.209,1.42928,1.42949,1.00,1.00
2015.01.29 01:04:39.719,1.4293,1.42952,1.00,1.00
2015.01.29 01:04:40.043,1.4293,1.4295,1.00,1.61
2015.01.29 01:04:40.348,1.4293,1.42946,1.00,1.00
2015.01.29 01:04:40.450,1.4293,1.42948,1.00,1.00
2015.01.29 01:04:40.553,1.4293,1.4295,1.00,1.50
2015.01.29 01:04:40.757,1.4293,1.42953,1.00,1.10
2015.01.29 01:04:40.961,1.4293,1.42953,1.00,1.29
2015.01.29 01:04:41.165,1.42925,1.42941,1.00,1.00
2015.01.29 01:04:41.216,1.42921,1.4294,1.00,1.50
2015.01.29 01:04:41.267,1.42921,1.42937,1.00,1.05
2015.01.29 01:04:41.368,1.42915,1.42936,1.10,1.00
2015.01.29 01:04:41.419,1.42915,1.42934,1.00,1.00
2015.01.29 01:04:41.723,1.42915,1.42934,1.00,1.00
2015.01.29 01:04:44.174,1.42915,1.42937,1.00,1.00
2015.01.29 01:04:45.440,1.42919,1.42937,1.12,1.00
2015.01.29 01:04:45.491,1.42919,1.42939,2.62,1.50
2015.01.29 01:04:45.542,1.42921,1.42939,1.12,1.50
2015.01.29 01:04:45.593,1.42921,1.42942,2.87,1.37
2015.01.29 01:04:45.746,1.42923,1.42942,1.00,1.12
2015.01.29 01:04:46.050,1.42927,1.42943,1.50,1.37
2015.01.29 01:04:46.774,1.42927,1.42943,2.50,1.00
2015.01.29 01:04:47.279,1.42927,1.42944,2.50,1.00
2015.01.29 01:04:48.054,1.42927,1.42944,2.50,1.00
2015.01.29 01:04:48.564,1.42927,1.42944,2.50,1.00
2015.01.29 01:04:50.876,1.42927,1.42947,3.25,1.04
2015.01.29 01:04:51.404,1.42927,1.42947,3.25,1.04
2015.01.29 01:04:54.153,1.42927,1.42947,3.25,1.03
2015.01.29 01:04:57.984,1.42927,1.42947,2.50,1.04
2015.01.29 01:04:58.086,1.42927,1.42946,1.50,1.00
2015.01.29 01:05:02.108,1.42927,1.42943,1.00,1.00
2015.01.29 01:05:03.364,1.42925,1.42943,1.00,1.00
2015.01.29 01:05:04.887,1.42925,1.42943,1.00,1.00
2015.01.29 01:05:05.311,1.42925,1.42941,1.00,1.00
2015.01.29 01:05:05.413,1.42923,1.4294,1.50,1.00
2015.01.29 01:05:05.666,1.42923,1.42941,1.00,1.00
2015.01.29 01:05:05.869,1.42923,1.42943,3.25,1.00
2015.01.29 01:05:06.326,1.42927,1.42944,1.50,1.00
2015.01.29 01:05:06.377,1.42928,1.42946,1.50,1.00
2015.01.29 01:05:08.801,1.42928,1.42948,3.25,1.12
2015.01.29 01:05:10.811,1.42928,1.42948,2.50,1.50
2015.01.29 01:05:11.217,1.4293,1.42948,1.00,1.37
2015.01.29 01:05:12.097,1.4293,1.42949,1.00,2.55
2015.01.29 01:05:12.148,1.42928,1.42949,2.25,2.55
2015.01.29 01:05:12.656,1.42928,1.42947,1.00,1.00
2015.01.29 01:05:13.177,1.42928,1.42947,1.50,1.00
2015.01.29 01:05:14.646,1.42928,1.42947,1.00,1.00
2015.01.29 01:05:16.444,1.42928,1.42947,1.00,1.00
2015.01.29 01:05:16.954,1.42928,1.42946,1.00,1.00
2015.01.29 01:05:19.386,1.42928,1.42946,1.00,1.00
2015.01.29 01:05:19.844,1.42928,1.42946,1.00,1.00
2015.01.29 01:05:20.148,1.42929,1.4295,3.25,1.19
2015.01.29 01:05:20.656,1.42929,1.4295,3.25,1.00
2015.01.29 01:05:21.946,1.42929,1.4295,3.25,1.00
2015.01.29 01:05:22.148,1.42929,1.42948,1.00,1.00
2015.01.29 01:05:22.663,1.42928,1.42948,1.50,1.00
2015.01.29 01:05:23.679,1.42928,1.42948,1.00,1.00
2015.01.29 01:05:23.896,1.42928,1.42948,1.00,1.00
2015.01.29 01:05:24.104,1.42928,1.42948,1.00,1.00
2015.01.29 01:05:24.358,1.42928,1.42948,1.00,1.00
2015.01.29 01:05:24.673,1.42927,1.42945,2.25,1.00
2015.01.29 01:05:24.983,1.42927,1.42945,2.50,1.00
2015.01.29 01:05:25.993,1.42927,1.42945,2.50,1.00
2015.01.29 01:05:26.145,1.42927,1.42945,1.50,1.80
2015.01.29 01:05:26.196,1.42925,1.42942,1.00,1.00
2015.01.29 01:05:26.450,1.42922,1.42941,1.50,1.00
2015.01.29 01:05:26.956,1.42922,1.42941,1.00,1.00
2015.01.29 01:05:27.462,1.42922,1.42941,2.50,1.00
2015.01.29 01:05:27.767,1.42924,1.42942,1.12,1.00
2015.01.29 01:05:28.780,1.42926,1.42942,1.12,1.00
2015.01.29 01:05:28.831,1.42927,1.42945,1.12,1.10
2015.01.29 01:05:29.407,1.42927,1.42946,1.50,1.00
2015.01.29 01:05:40.834,1.42927,1.42945,2.50,1.00
2015.01.29 01:05:42.490,1.42928,1.42945,1.00,1.00
2015.01.29 01:05:44.207,1.42928,1.42945,1.00,1.00
2015.01.29 01:05:44.258,1.42928,1.42947,1.00,1.00
2015.01.29 01:05:44.764,1.42928,1.42946,1.00,1.61
2015.01.29 01:05:44.815,1.42927,1.42944,1.00,1.19
2015.01.29 01:05:45.069,1.42927,1.42938,1.00,1.05
2015.01.29 01:05:45.120,1.42923,1.42938,1.00,1.05
2015.01.29 01:05:45.171,1.42922,1.4294,1.00,1.00
2015.01.29 01:05:45.222,1.4292,1.42936,1.50,1.00
2015.01.29 01:05:45.728,1.4292,1.42936,2.50,1.25
2015.01.29 01:05:52.940,1.4292,1.42938,3.25,1.00
2015.01.29 01:05:54.809,1.42921,1.42938,1.50,1.00
2015.01.29 01:05:57.762,1.42921,1.42935,1.00,1.00
2015.01.29 01:05:58.516,1.42921,1.42937,1.00,1.00
2015.01.29 01:05:59.024,1.42921,1.42937,1.00,1.00
2015.01.29 01:06:00.748,1.42921,1.42938,1.00,1.00
2015.01.29 01:06:02.376,1.42921,1.42938,1.00,1.00
2015.01.29 01:06:03.737,1.42921,1.42938,1.00,1.00
2015.01.29 01:06:08.539,1.42921,1.42941,1.50,1.00
2015.01.29 01:06:08.894,1.42924,1.42941,1.50,1.00
2015.01.29 01:06:09.651,1.42924,1.42942,3.25,1.00
2015.01.29 01:06:12.753,1.42926,1.42943,1.50,1.00
2015.01.29 01:06:13.523,1.42926,1.42943,3.25,1.00
2015.01.29 01:06:13.726,1.42926,1.42943,1.50,1.00
2015.01.29 01:06:14.589,1.42926,1.42942,2.50,1.00
2015.01.29 01:06:15.102,1.42926,1.42942,1.50,1.00
2015.01.29 01:06:19.223,1.42924,1.4294,1.00,1.00
2015.01.29 01:06:19.639,1.42924,1.42937,1.00,1.00
2015.01.29 01:06:23.619,1.42924,1.42936,1.00,1.00
2015.01.29 01:06:23.872,1.42921,1.42936,1.37,1.00
2015.01.29 01:06:23.974,1.42923,1.42939,1.87,1.00
2015.01.29 01:06:24.176,1.42925,1.42943,1.50,1.00
2015.01.29 01:06:24.632,1.42924,1.42942,1.50,1.00
2015.01.29 01:06:24.835,1.42922,1.4294,1.00,1.00
2015.01.29 01:06:25.138,1.42922,1.42938,1.00,1.00
2015.01.29 01:06:25.493,1.4292,1.42936,1.50,1.00
2015.01.29 01:06:27.149,1.4292,1.42938,3.37,1.00
2015.01.29 01:06:27.452,1.42922,1.42941,1.50,1.00
2015.01.29 01:06:27.554,1.42924,1.42941,1.12,1.00
2015.01.29 01:06:27.605,1.42925,1.42943,1.87,1.00
2015.01.29 01:06:27.707,1.42925,1.42945,1.00,1.00
2015.01.29 01:06:28.328,1.42925,1.42942,1.00,1.00
2015.01.29 01:06:28.581,1.42922,1.4294,1.00,1.00
2015.01.29 01:06:29.460,1.42921,1.42938,1.00,1.00
2015.01.29 01:06:30.808,1.4292,1.42938,1.00,1.00
2015.01.29 01:06:32.528,1.4292,1.42936,1.00,1.00
2015.01.29 01:06:36.077,1.42917,1.42935,1.50,1.00
2015.01.29 01:06:36.179,1.42917,1.42934,1.00,1.00
2015.01.29 01:06:36.382,1.42916,1.42932,1.00,1.00
2015.01.29 01:06:36.433,1.42916,1.42932,1.00,1.00
2015.01.29 01:06:36.737,1.42915,1.42931,1.00,1.00
2015.01.29 01:06:37.245,1.42914,1.4293,1.00,1.01
2015.01.29 01:06:37.823,1.42913,1.4293,1.00,1.01
2015.01.29 01:06:42.227,1.42913,1.42931,1.50,1.00
2015.01.29 01:06:42.683,1.42915,1.42931,1.50,1.00
2015.01.29 01:06:43.197,1.42915,1.42931,2.50,1.00
2015.01.29 01:06:44.275,1.42915,1.42931,1.00,1.37
2015.01.29 01:06:44.427,1.42911,1.42929,1.00,1.10
2015.01.29 01:06:45.187,1.42911,1.42927,1.00,1.00
2015.01.29 01:06:45.492,1.42913,1.42927,1.00,1.00
2015.01.29 01:06:45.997,1.42913,1.42926,1.00,1.00
2015.01.29 01:06:47.603,1.42913,1.42926,1.00,1.00
2015.01.29 01:06:48.593,1.4291,1.42926,1.00,1.00
2015.01.29 01:06:49.786,1.4291,1.42926,1.00,1.00
2015.01.29 01:06:50.292,1.4291,1.42926,1.00,1.00
2015.01.29 01:06:50.596,1.4291,1.42929,1.00,1.00
2015.01.29 01:06:51.113,1.42911,1.42929,1.00,1.00
2015.01.29 01:06:51.656,1.42911,1.42929,1.00,1.00
2015.01.29 01:06:54.407,1.42911,1.42929,1.00,1.12
2015.01.29 01:06:55.286,1.42911,1.42929,1.00,1.37
2015.01.29 01:06:59.809,1.42911,1.42926,1.00,3.00
2015.01.29 01:06:59.911,1.42908,1.42922,1.00,1.12
2015.01.29 01:06:59.962,1.42908,1.42919,1.00,1.00
2015.01.29 01:07:00.114,1.42908,1.42921,1.00,2.25
2015.01.29 01:07:00.569,1.42907,1.42919,1.00,1.00
2015.01.29 01:07:01.156,1.42906,1.42919,1.00,1.00
2015.01.29 01:07:01.754,1.42906,1.42919,1.00,1.19
2015.01.29 01:07:02.369,1.42906,1.42919,1.00,1.19
2015.01.29 01:07:04.351,1.42906,1.42919,1.00,1.00
2015.01.29 01:07:08.515,1.42906,1.42919,1.00,1.00
2015.01.29 01:07:10.015,1.42906,1.42919,1.00,1.37
2015.01.29 01:07:10.066,1.42903,1.42918,1.00,1.12
2015.01.29 01:07:10.269,1.42903,1.42918,1.00,1.37
2015.01.29 01:07:10.370,1.429,1.42918,1.00,1.37
2015.01.29 01:07:12.445,1.429,1.42918,1.00,1.37
2015.01.29 01:07:12.597,1.429,1.42918,1.00,1.37
2015.01.29 01:07:12.648,1.429,1.42918,1.00,1.12
2015.01.29 01:07:16.089,1.42898,1.42918,1.50,1.00
2015.01.29 01:07:18.122,1.42898,1.42916,1.50,1.00
2015.01.29 01:07:18.735,1.42897,1.42916,1.00,1.00
2015.01.29 01:07:26.784,1.42897,1.4291,1.00,1.00
2015.01.29 01:07:27.089,1.42877,1.42894,1.00,1.00
2015.01.29 01:07:27.192,1.42877,1.42888,1.00,1.00
2015.01.29 01:07:27.446,1.42866,1.42883,1.00,1.50
2015.01.29 01:07:27.953,1.42866,1.4288,1.00,1.05
2015.01.29 01:07:28.483,1.42865,1.4288,1.00,1.05
2015.01.29 01:07:28.923,1.42865,1.42877,1.00,1.42
2015.01.29 01:07:29.076,1.4286,1.42872,1.00,1.80
2015.01.29 01:07:29.228,1.4286,1.42874,1.00,1.25
2015.01.29 01:07:30.189,1.4286,1.42877,1.00,1.50
2015.01.29 01:07:31.139,1.4286,1.42876,1.00,1.00
2015.01.29 01:07:31.392,1.4286,1.42877,1.00,1.00
2015.01.29 01:07:32.594,1.42858,1.42877,1.00,1.00
2015.01.29 01:07:32.797,1.42857,1.42879,1.27,1.00
2015.01.29 01:07:32.949,1.42858,1.42881,1.00,1.00
2015.01.29 01:07:33.460,1.42858,1.42881,3.77,1.00
2015.01.29 01:07:33.612,1.42858,1.42881,2.27,1.00
2015.01.29 01:07:33.714,1.42857,1.42881,1.52,1.00
2015.01.29 01:07:34.422,1.42857,1.42881,1.95,2.55
2015.01.29 01:07:34.727,1.42857,1.42881,2.20,1.00
2015.01.29 01:07:35.031,1.42858,1.42881,1.20,1.00
2015.01.29 01:07:35.336,1.42859,1.42881,1.00,1.00
2015.01.29 01:07:35.589,1.42859,1.42881,1.00,1.00
2015.01.29 01:07:36.363,1.42859,1.42884,2.27,1.00
2015.01.29 01:07:37.836,1.42861,1.42884,2.44,1.00
2015.01.29 01:07:37.887,1.42864,1.42889,1.31,1.00
2015.01.29 01:07:37.988,1.42864,1.42891,4.46,2.55
2015.01.29 01:07:38.444,1.42864,1.42889,3.56,1.00
2015.01.29 01:07:38.597,1.42865,1.42891,3.00,1.00
2015.01.29 01:07:38.648,1.42867,1.42893,2.69,1.50
2015.01.29 01:07:38.749,1.42871,1.42896,2.25,1.10
2015.01.29 01:07:38.850,1.42871,1.42896,3.25,1.47
2015.01.29 01:07:39.155,1.4287,1.42896,1.50,2.36
2015.01.29 01:07:39.408,1.4287,1.42896,3.99,1.12
2015.01.29 01:07:42.663,1.42872,1.42896,1.12,1.00
2015.01.29 01:07:43.870,1.42872,1.42896,1.87,1.00
2015.01.29 01:07:47.911,1.42872,1.42896,2.62,1.00
2015.01.29 01:07:48.954,1.42872,1.42896,1.87,1.00
2015.01.29 01:07:49.471,1.42872,1.42895,1.87,1.05
2015.01.29 01:07:49.574,1.42872,1.42896,3.19,1.00
2015.01.29 01:07:49.625,1.42873,1.42899,3.56,1.00
2015.01.29 01:07:49.676,1.42874,1.42901,2.17,1.50
2015.01.29 01:07:49.727,1.42875,1.42903,1.27,1.00
2015.01.29 01:07:49.778,1.42877,1.42903,1.87,1.00
2015.01.29 01:07:50.083,1.42884,1.42908,1.65,1.00
2015.01.29 01:07:50.393,1.42887,1.4291,1.00,1.50
2015.01.29 01:07:51.563,1.42887,1.4291,1.00,1.50
2015.01.29 01:07:52.597,1.42888,1.4291,2.12,1.00
2015.01.29 01:07:52.699,1.42893,1.42914,1.12,1.00
2015.01.29 01:07:52.750,1.42893,1.42916,2.95,1.50
2015.01.29 01:07:52.902,1.42894,1.42916,2.64,1.00
2015.01.29 01:07:52.954,1.42898,1.42921,3.56,1.00
2015.01.29 01:07:53.006,1.42901,1.42921,1.35,1.00
2015.01.29 01:07:53.057,1.42905,1.42925,2.95,1.00
2015.01.29 01:07:53.108,1.42905,1.42931,2.95,1.12
2015.01.29 01:07:53.209,1.42908,1.42933,2.17,1.00
2015.01.29 01:07:53.361,1.42909,1.42933,1.00,1.00
2015.01.29 01:07:53.564,1.42909,1.42935,1.00,1.00
2015.01.29 01:07:54.070,1.42911,1.42934,1.12,1.00
2015.01.29 01:07:54.172,1.42911,1.42932,2.12,1.00
2015.01.29 01:07:54.676,1.42911,1.42932,1.12,1.00
2015.01.29 01:07:55.089,1.42911,1.42932,2.12,1.00
2015.01.29 01:07:55.343,1.42911,1.42936,3.99,1.00
2015.01.29 01:07:55.754,1.42911,1.42928,3.99,1.05
2015.01.29 01:07:55.907,1.42911,1.42924,1.00,1.62
2015.01.29 01:07:56.008,1.42907,1.42923,1.00,1.42
2015.01.29 01:07:56.059,1.42899,1.42922,1.00,1.00
2015.01.29 01:07:56.161,1.42897,1.42921,1.50,1.00
2015.01.29 01:07:56.262,1.42897,1.42919,1.50,1.00
2015.01.29 01:07:56.566,1.42904,1.42926,1.20,1.12
2015.01.29 01:07:56.668,1.42906,1.42928,1.50,1.00
2015.01.29 01:07:57.214,1.4291,1.42929,1.37,1.00
2015.01.29 01:07:57.467,1.42911,1.42932,1.37,1.00
2015.01.29 01:07:57.954,1.42912,1.42934,1.37,1.87
2015.01.29 01:07:58.564,1.42912,1.42933,1.37,1.00
2015.01.29 01:07:58.666,1.42908,1.42932,1.47,1.00
2015.01.29 01:07:58.768,1.42907,1.4293,1.37,1.00
2015.01.29 01:08:03.130,1.42907,1.42926,1.37,1.12
2015.01.29 01:08:03.384,1.42905,1.42924,1.00,1.12
2015.01.29 01:08:03.436,1.429,1.42921,1.31,1.42
2015.01.29 01:08:03.841,1.42898,1.42923,1.75,1.87
2015.01.29 01:08:03.993,1.42898,1.42924,3.00,1.00
2015.01.29 01:08:04.044,1.42898,1.42924,3.00,1.00
2015.01.29 01:08:04.146,1.42903,1.42927,1.50,1.00
2015.01.29 01:08:04.335,1.42903,1.42927,4.12,1.00
2015.01.29 01:08:04.385,1.42904,1.42929,1.50,1.00
2015.01.29 01:08:04.893,1.42905,1.4293,3.00,1.00
2015.01.29 01:08:07.550,1.42907,1.4293,2.62,1.00
2015.01.29 01:08:07.805,1.42908,1.42932,1.87,1.00
2015.01.29 01:08:07.907,1.42908,1.42932,3.74,1.00
2015.01.29 01:08:08.312,1.42908,1.42932,2.20,1.00
2015.01.29 01:08:08.826,1.42909,1.42932,1.00,1.00
2015.01.29 01:08:09.029,1.42914,1.42936,1.20,1.00
2015.01.29 01:08:09.080,1.42914,1.42936,3.15,1.00
2015.01.29 01:08:09.131,1.42914,1.42938,3.90,1.00
2015.01.29 01:08:09.232,1.42918,1.42941,1.12,1.00
2015.01.29 01:08:09.385,1.42919,1.42943,1.50,1.00
2015.01.29 01:08:09.486,1.42921,1.42945,1.95,1.00
2015.01.29 01:08:10.482,1.42921,1.42945,2.87,1.00
2015.01.29 01:08:13.842,1.42921,1.42945,3.24,1.00
2015.01.29 01:08:14.150,1.42922,1.42946,1.00,1.00
2015.01.29 01:08:20.085,1.42923,1.42946,1.00,1.00
2015.01.29 01:08:20.288,1.42923,1.42946,1.00,1.12
2015.01.29 01:08:20.390,1.42922,1.42944,1.00,1.00
2015.01.29 01:08:20.492,1.42919,1.42943,1.12,1.00
2015.01.29 01:08:20.748,1.42919,1.42943,1.50,1.00
2015.01.29 01:08:21.273,1.4292,1.42943,1.50,1.00
2015.01.29 01:08:26.056,1.4292,1.42945,2.50,1.00
2015.01.29 01:08:31.254,1.4292,1.42945,1.00,1.37
2015.01.29 01:08:31.758,1.4292,1.42945,1.00,2.62
2015.01.29 01:08:31.860,1.42918,1.42942,1.00,1.37
2015.01.29 01:08:32.417,1.42917,1.42941,1.00,2.25
2015.01.29 01:08:32.928,1.42916,1.42935,1.50,1.00
2015.01.29 01:08:33.233,1.42906,1.42926,1.75,1.00
2015.01.29 01:08:33.284,1.42906,1.42926,1.00,1.00
2015.01.29 01:08:33.335,1.42906,1.42926,1.00,1.00
2015.01.29 01:08:33.436,1.42906,1.42926,1.00,1.50
2015.01.29 01:08:33.487,1.42906,1.42924,1.00,1.00
2015.01.29 01:08:33.994,1.42905,1.42924,1.10,1.00
2015.01.29 01:08:38.463,1.42905,1.42924,1.37,1.00
2015.01.29 01:08:38.939,1.42905,1.42925,1.37,1.00
2015.01.29 01:08:39.391,1.42905,1.42925,2.25,1.00
2015.01.29 01:08:40.753,1.42905,1.42925,1.00,1.00
2015.01.29 01:08:43.116,1.42905,1.42921,1.00,1.00
2015.01.29 01:08:43.319,1.429,1.42918,1.65,1.00
2015.01.29 01:08:43.421,1.429,1.42921,1.20,1.00
2015.01.29 01:08:43.472,1.429,1.42921,2.64,1.00
2015.01.29 01:08:43.979,1.429,1.42921,1.00,1.00
2015.01.29 01:08:46.432,1.429,1.42917,1.00,1.00
2015.01.29 01:08:46.635,1.429,1.42917,1.00,1.00
2015.01.29 01:08:47.700,1.42899,1.42917,1.20,1.00
2015.01.29 01:08:47.852,1.42899,1.42914,1.20,1.00
2015.01.29 01:08:48.055,1.42894,1.42911,1.07,1.00
2015.01.29 01:08:48.157,1.42892,1.42909,1.17,1.00
2015.01.29 01:08:48.208,1.42892,1.42909,1.10,1.00
2015.01.29 01:08:48.726,1.42892,1.42912,1.50,1.00
2015.01.29 01:08:51.362,1.42892,1.42912,1.12,1.00
2015.01.29 01:08:53.763,1.42891,1.42911,1.00,1.00
2015.01.29 01:08:53.814,1.42891,1.42911,1.00,2.17
2015.01.29 01:08:54.119,1.42883,1.42901,1.00,1.00
2015.01.29 01:08:54.625,1.42883,1.42901,1.00,1.00
2015.01.29 01:08:55.404,1.42883,1.42901,1.00,1.00
2015.01.29 01:08:55.962,1.42883,1.42901,1.00,1.00
2015.01.29 01:08:56.823,1.42883,1.42901,2.25,1.00
2015.01.29 01:08:56.975,1.42883,1.42905,2.99,1.50
2015.01.29 01:08:57.127,1.42888,1.42905,1.00,1.50
2015.01.29 01:08:57.496,1.42888,1.42908,2.50,1.00
2015.01.29 01:08:57.800,1.42892,1.4291,1.00,1.00
2015.01.29 01:08:58.156,1.42894,1.4291,1.00,1.00
2015.01.29 01:08:59.134,1.42894,1.4291,1.00,1.00
2015.01.29 01:08:59.222,1.42894,1.42912,1.00,1.00
2015.01.29 01:09:00.076,1.42894,1.42912,1.00,1.00
2015.01.29 01:09:00.127,1.42894,1.42912,1.56,1.00
2015.01.29 01:09:00.178,1.42894,1.42914,2.06,1.00
2015.01.29 01:09:00.229,1.42897,1.42916,1.87,1.00
2015.01.29 01:09:00.280,1.42903,1.42923,1.00,1.50
2015.01.29 01:09:00.331,1.42908,1.42923,1.00,1.00
2015.01.29 01:09:00.483,1.42908,1.42927,2.12,1.50
2015.01.29 01:09:00.888,1.4291,1.42927,1.00,1.50
2015.01.29 01:09:01.397,1.4291,1.42926,1.00,1.00
2015.01.29 01:09:01.961,1.42911,1.42926,1.00,1.00
2015.01.29 01:09:02.550,1.42912,1.42928,1.50,1.00
2015.01.29 01:09:02.652,1.42915,1.42928,1.00,1.00
2015.01.29 01:09:02.854,1.42914,1.42928,1.12,1.00
2015.01.29 01:09:02.905,1.42916,1.42931,1.00,1.00
2015.01.29 01:09:03.007,1.42916,1.42933,2.50,1.00
2015.01.29 01:09:03.108,1.42922,1.42933,1.00,1.00
2015.01.29 01:09:03.614,1.42922,1.42933,2.12,1.00
2015.01.29 01:09:03.716,1.42925,1.42934,1.50,1.00
2015.01.29 01:09:03.918,1.42923,1.42934,2.32,1.00
2015.01.29 01:09:04.324,1.42923,1.42932,1.20,1.00
2015.01.29 01:09:04.375,1.42923,1.42932,1.00,1.00
2015.01.29 01:09:04.425,1.42923,1.42932,1.00,1.00
2015.01.29 01:09:04.679,1.42922,1.4293,1.00,1.00
2015.01.29 01:09:04.831,1.42922,1.4293,1.00,1.00
2015.01.29 01:09:05.135,1.42922,1.4293,1.00,1.00
2015.01.29 01:09:05.812,1.42921,1.4293,1.37,1.00
2015.01.29 01:09:05.863,1.42921,1.4293,1.37,1.00
2015.01.29 01:09:06.410,1.42921,1.42933,1.95,1.00
2015.01.29 01:09:06.866,1.42921,1.42933,1.37,1.00
2015.01.29 01:09:07.068,1.42921,1.42933,1.20,1.00
2015.01.29 01:09:07.732,1.42921,1.42932,1.00,1.00
2015.01.29 01:09:08.138,1.42921,1.42932,1.00,1.00
2015.01.29 01:09:10.008,1.42913,1.42932,1.50,1.00
2015.01.29 01:09:10.060,1.42913,1.4293,1.00,1.00
2015.01.29 01:09:10.364,1.42913,1.42935,1.00,4.12
2015.01.29 01:09:10.617,1.42913,1.42935,1.00,3.37
2015.01.29 01:09:10.920,1.42909,1.42924,1.87,1.00
2015.01.29 01:09:11.123,1.42909,1.42924,1.00,1.00
2015.01.29 01:09:11.898,1.42906,1.42924,1.37,1.00
2015.01.29 01:09:12.151,1.42904,1.42924,1.00,1.00
2015.01.29 01:09:12.202,1.42904,1.42921,1.00,1.00
2015.01.29 01:09:12.506,1.42899,1.42916,1.00,1.00
2015.01.29 01:09:12.810,1.42895,1.42909,1.00,1.00
2015.01.29 01:09:13.013,1.42892,1.42909,1.00,1.00
2015.01.29 01:09:13.622,1.42892,1.42907,1.00,1.00
2015.01.29 01:09:13.875,1.4289,1.42907,1.00,1.00
2015.01.29 01:09:14.027,1.42888,1.42904,1.00,1.00
2015.01.29 01:09:14.534,1.42888,1.42904,1.00,1.00
2015.01.29 01:09:16.256,1.42888,1.42904,1.37,1.00
2015.01.29 01:09:16.408,1.42897,1.42916,2.62,1.50
2015.01.29 01:09:16.460,1.429,1.42918,2.06,1.00
2015.01.29 01:09:16.563,1.42902,1.42921,2.50,1.00
2015.01.29 01:09:16.868,1.42906,1.42927,2.50,1.00
2015.01.29 01:09:16.970,1.42909,1.42931,1.00,1.00
2015.01.29 01:09:17.071,1.42911,1.42931,1.00,1.00
2015.01.29 01:09:17.841,1.42911,1.42931,1.50,1.00
2015.01.29 01:09:17.942,1.42911,1.42932,2.44,1.00
2015.01.29 01:09:17.993,1.42912,1.42934,1.87,1.50
2015.01.29 01:09:18.197,1.42913,1.42934,2.14,1.00
2015.01.29 01:09:18.412,1.42915,1.4294,1.46,1.50
2015.01.29 01:09:18.464,1.42918,1.4294,1.00,1.50
2015.01.29 01:09:18.819,1.42921,1.4294,1.20,1.00
2015.01.29 01:09:18.920,1.42921,1.42942,2.39,1.00
2015.01.29 01:09:19.174,1.42922,1.42944,1.39,1.50
2015.01.29 01:09:19.276,1.42922,1.42946,4.64,1.00
2015.01.29 01:09:19.329,1.42925,1.42949,1.12,1.00
2015.01.29 01:09:19.734,1.42926,1.42949,2.95,1.00
2015.01.29 01:09:20.088,1.42929,1.42949,1.20,1.00
2015.01.29 01:09:20.240,1.42931,1.42951,1.20,1.00
2015.01.29 01:09:20.342,1.42932,1.42952,2.50,1.00
2015.01.29 01:09:21.001,1.42932,1.42952,1.50,1.00
2015.01.29 01:09:21.360,1.42932,1.42952,2.87,1.00
2015.01.29 01:09:23.889,1.42932,1.42952,1.37,1.00
2015.01.29 01:09:24.091,1.42932,1.42952,1.12,1.00
2015.01.29 01:09:24.243,1.42932,1.4295,1.12,1.00
2015.01.29 01:09:26.334,1.4293,1.42947,1.37,1.00
2015.01.29 01:09:26.840,1.42928,1.42946,1.50,1.00
2015.01.29 01:09:27.345,1.42928,1.42946,1.37,1.00
2015.01.29 01:09:29.040,1.42928,1.42946,1.37,1.00
2015.01.29 01:09:29.243,1.42928,1.42941,1.37,1.00
2015.01.29 01:09:29.395,1.42921,1.42941,2.25,1.50
2015.01.29 01:09:29.446,1.42921,1.42938,1.50,1.00
2015.01.29 01:09:29.497,1.42921,1.42938,1.00,1.00
2015.01.29 01:09:29.649,1.42919,1.4294,1.37,1.00
2015.01.29 01:09:29.701,1.42919,1.4294,1.87,1.00
2015.01.29 01:09:29.752,1.42919,1.42943,2.87,1.50
2015.01.29 01:09:29.803,1.42923,1.42943,2.12,1.00
2015.01.29 01:09:30.056,1.42923,1.42943,1.00,1.00
2015.01.29 01:09:30.979,1.42923,1.42947,1.50,1.00
2015.01.29 01:09:31.932,1.42923,1.42947,1.00,1.00
2015.01.29 01:09:32.451,1.42923,1.42947,1.50,1.00
2015.01.29 01:09:35.777,1.42926,1.42951,2.12,1.50
2015.01.29 01:09:35.929,1.42929,1.42953,1.12,1.00
2015.01.29 01:09:36.690,1.42929,1.42952,2.12,1.00
2015.01.29 01:09:36.792,1.42929,1.42952,1.87,1.50
2015.01.29 01:09:36.893,1.42929,1.42954,2.27,1.00
2015.01.29 01:09:37.495,1.42929,1.42953,2.12,1.00
2015.01.29 01:09:37.647,1.42929,1.42952,2.12,1.00
2015.01.29 01:09:38.608,1.42929,1.42951,1.00,1.00
2015.01.29 01:09:38.709,1.42929,1.4295,1.50,1.00
2015.01.29 01:09:43.662,1.42929,1.4295,1.00,1.37
2015.01.29 01:09:43.968,1.42924,1.42941,1.00,1.50
2015.01.29 01:09:44.723,1.42924,1.42938,1.00,1.00
2015.01.29 01:09:45.232,1.42923,1.42937,1.00,1.00
2015.01.29 01:09:46.010,1.4292,1.42937,1.10,1.00
2015.01.29 01:09:46.888,1.42924,1.42945,1.12,1.50
2015.01.29 01:09:47.205,1.42924,1.42943,1.12,1.50
2015.01.29 01:09:47.357,1.42924,1.42943,1.00,1.00
2015.01.29 01:09:47.408,1.42924,1.42941,1.00,1.00
2015.01.29 01:09:47.460,1.42921,1.4294,1.00,1.00
2015.01.29 01:09:47.563,1.4292,1.42938,1.50,1.00
2015.01.29 01:09:48.070,1.4292,1.42937,2.50,1.00
2015.01.29 01:09:48.172,1.4292,1.42937,3.00,1.00
2015.01.29 01:09:48.223,1.42921,1.42942,1.50,1.00
2015.01.29 01:09:48.274,1.42923,1.42942,1.42,1.00
2015.01.29 01:09:48.325,1.42927,1.4295,1.12,1.00
2015.01.29 01:09:48.427,1.42929,1.42952,2.31,1.00
2015.01.29 01:09:48.783,1.42933,1.42954,1.00,1.00
2015.01.29 01:09:48.885,1.42933,1.42954,1.00,1.50
2015.01.29 01:09:50.113,1.42933,1.42953,1.00,1.25
2015.01.29 01:09:50.215,1.42929,1.42948,1.00,1.00
2015.01.29 01:09:50.417,1.42929,1.4295,1.00,1.00
2015.01.29 01:09:50.468,1.4293,1.42952,1.12,1.00
2015.01.29 01:09:50.672,1.4293,1.42951,1.10,1.00
2015.01.29 01:09:53.922,1.4293,1.42951,1.00,1.00
2015.01.29 01:09:59.730,1.4293,1.42953,1.00,1.87
2015.01.29 01:10:04.051,1.4293,1.42953,1.00,1.50
2015.01.29 01:10:04.557,1.42932,1.42953,3.22,1.00
2015.01.29 01:10:04.709,1.42933,1.42956,1.72,1.00
2015.01.29 01:10:05.215,1.42934,1.42955,1.35,1.00
2015.01.29 01:10:10.865,1.42934,1.42951,1.27,1.00
2015.01.29 01:10:11.120,1.42934,1.42954,1.00,1.50
2015.01.29 01:10:11.221,1.42934,1.42954,1.00,1.00
2015.01.29 01:10:11.323,1.42934,1.42954,1.10,1.00
2015.01.29 01:10:12.356,1.42934,1.42953,1.17,1.00
2015.01.29 01:10:12.880,1.42934,1.42952,1.00,1.00
2015.01.29 01:10:13.729,1.42934,1.42952,1.00,1.00
2015.01.29 01:10:14.847,1.42934,1.42951,1.00,1.00
2015.01.29 01:10:15.269,1.42933,1.42951,1.10,1.00
2015.01.29 01:10:16.591,1.42933,1.42951,1.00,1.12
2015.01.29 01:10:16.895,1.42933,1.42953,2.65,1.00
2015.01.29 01:10:17.149,1.42939,1.4296,2.25,1.00
2015.01.29 01:10:17.301,1.42942,1.42961,1.72,1.00
2015.01.29 01:10:17.662,1.42949,1.42965,1.00,1.00
2015.01.29 01:10:18.031,1.42949,1.42968,2.20,1.00
2015.01.29 01:10:18.486,1.42951,1.42972,1.20,1.00
2015.01.29 01:10:18.741,1.42954,1.42973,1.12,1.00
2015.01.29 01:10:18.792,1.42955,1.42977,1.42,1.00
2015.01.29 01:10:18.843,1.42955,1.42977,3.00,1.00
2015.01.29 01:10:19.097,1.42955,1.42977,2.20,1.00
2015.01.29 01:10:19.553,1.42955,1.42975,2.22,1.00
2015.01.29 01:10:19.857,1.42953,1.42975,1.50,1.12
2015.01.29 01:10:20.377,1.42951,1.42974,1.95,1.00
2015.01.29 01:10:20.479,1.42951,1.42972,1.20,1.00
2015.01.29 01:10:21.446,1.42949,1.4297,1.57,1.00
2015.01.29 01:10:21.598,1.42949,1.4297,1.10,1.00
2015.01.29 01:10:21.871,1.42949,1.4297,1.00,1.00
2015.01.29 01:10:22.873,1.42949,1.4297,1.00,1.87
2015.01.29 01:10:22.974,1.42948,1.42968,1.00,1.37
2015.01.29 01:10:23.076,1.42947,1.42964,1.00,1.00
2015.01.29 01:10:23.127,1.42942,1.42964,1.57,1.00
2015.01.29 01:10:23.660,1.42942,1.42964,1.57,1.00
2015.01.29 01:10:24.270,1.42942,1.42964,2.20,1.00
2015.01.29 01:10:24.784,1.42942,1.42964,2.20,1.00
2015.01.29 01:10:25.700,1.42942,1.42964,2.20,1.00
2015.01.29 01:10:26.362,1.42942,1.42964,1.10,1.00
2015.01.29 01:10:26.565,1.42942,1.42964,1.50,1.00
2015.01.29 01:10:26.894,1.42942,1.42964,3.00,1.00
2015.01.29 01:10:28.052,1.42943,1.42965,1.50,1.00
2015.01.29 01:10:28.395,1.42945,1.42965,2.02,1.00
2015.01.29 01:10:28.496,1.42945,1.42967,3.21,1.00
2015.01.29 01:10:28.547,1.42947,1.42967,1.42,1.00
2015.01.29 01:10:28.851,1.42951,1.42967,1.00,1.00
2015.01.29 01:10:28.903,1.42949,1.42967,1.20,1.00
2015.01.29 01:10:29.359,1.42949,1.42969,1.00,1.00
2015.01.29 01:10:29.713,1.42949,1.42969,1.00,1.50
2015.01.29 01:10:30.017,1.42954,1.42975,1.20,1.00
2015.01.29 01:10:30.068,1.42954,1.42975,1.07,1.00
2015.01.29 01:10:30.119,1.42952,1.42973,1.57,1.00
2015.01.29 01:10:30.170,1.42952,1.42973,2.49,1.00
2015.01.29 01:10:30.423,1.42954,1.42973,1.12,1.00
2015.01.29 01:10:30.474,1.42954,1.42975,2.19,1.00
2015.01.29 01:10:31.950,1.42954,1.42975,2.57,1.00
2015.01.29 01:10:32.432,1.42954,1.42976,1.20,1.12
2015.01.29 01:10:35.179,1.42954,1.42974,1.20,1.00
2015.01.29 01:10:36.764,1.42954,1.42974,1.12,1.00
2015.01.29 01:10:37.044,1.42954,1.42977,1.95,1.37
2015.01.29 01:10:37.550,1.42954,1.42977,1.95,1.37
2015.01.29 01:10:37.601,1.42954,1.42977,1.95,1.12
2015.01.29 01:10:38.143,1.42955,1.42978,1.12,1.12
2015.01.29 01:10:39.905,1.42955,1.42979,2.39,1.00
2015.01.29 01:10:40.210,1.42958,1.42979,1.42,1.00
2015.01.29 01:10:40.261,1.42959,1.42982,1.12,1.00
2015.01.29 01:10:40.568,1.42959,1.42984,2.57,1.00
2015.01.29 01:10:40.720,1.42961,1.42984,1.80,1.00
2015.01.29 01:10:41.025,1.42963,1.42987,2.76,1.00
2015.01.29 01:10:41.329,1.42966,1.42987,1.50,1.00
2015.01.29 01:10:41.481,1.42966,1.42989,3.37,1.00
2015.01.29 01:10:41.533,1.4297,1.42989,1.12,1.00
2015.01.29 01:10:41.584,1.42971,1.42995,2.14,1.00
2015.01.29 01:10:41.736,1.42972,1.42996,1.01,1.12
2015.01.29 01:10:42.040,1.42971,1.42989,1.69,1.00
2015.01.29 01:10:42.755,1.42971,1.42989,1.50,1.00
2015.01.29 01:10:43.261,1.42971,1.4299,1.00,1.00
2015.01.29 01:10:45.379,1.42971,1.4299,1.37,1.00
2015.01.29 01:10:45.430,1.42971,1.42992,1.37,1.00
2015.01.29 01:10:45.943,1.42971,1.42992,1.46,1.00
2015.01.29 01:10:46.448,1.42971,1.42992,2.38,1.00
2015.01.29 01:10:46.962,1.42974,1.42992,1.20,1.00
2015.01.29 01:10:48.172,1.42974,1.42992,1.10,1.00
2015.01.29 01:10:48.790,1.42974,1.42992,2.20,1.00
2015.01.29 01:10:53.582,1.42974,1.42996,1.00,1.00
2015.01.29 01:10:54.083,1.42974,1.42996,2.20,1.00
2015.01.29 01:10:54.842,1.42974,1.42996,1.20,1.00
2015.01.29 01:10:54.893,1.42974,1.42996,1.00,1.00
2015.01.29 01:10:55.204,1.42979,1.42997,1.00,1.00
2015.01.29 01:10:55.307,1.42979,1.42997,1.00,1.00
2015.01.29 01:10:55.845,1.4298,1.42997,1.50,1.00
2015.01.29 01:10:55.898,1.42982,1.43005,1.50,1.00
2015.01.29 01:10:56.055,1.42986,1.43012,1.12,1.50
2015.01.29 01:10:56.105,1.42989,1.43012,1.12,1.50
2015.01.29 01:10:56.410,1.42992,1.43012,1.05,1.00
2015.01.29 01:10:57.391,1.42993,1.43012,1.39,1.00
2015.01.29 01:10:57.696,1.42993,1.43012,2.43,1.50
2015.01.29 01:10:58.000,1.43,1.43016,1.12,1.00
2015.01.29 01:10:58.203,1.43008,1.4303,1.00,1.00
2015.01.29 01:10:58.304,1.43008,1.43033,2.12,1.00
2015.01.29 01:10:58.405,1.43011,1.43034,1.00,1.50
2015.01.29 01:10:58.709,1.43015,1.43036,1.20,1.00
2015.01.29 01:10:59.013,1.43015,1.43034,1.00,1.00
2015.01.29 01:10:59.317,1.4302,1.43035,1.50,1.00
2015.01.29 01:10:59.418,1.43021,1.43045,2.06,1.00
2015.01.29 01:10:59.469,1.43022,1.43047,2.31,1.00
2015.01.29 01:10:59.723,1.43028,1.43055,1.12,1.00
2015.01.29 01:10:59.824,1.43031,1.43057,1.00,1.50
2015.01.29 01:11:00.037,1.43031,1.43057,1.50,1.00
2015.01.29 01:11:00.139,1.43031,1.43063,1.00,2.62
2015.01.29 01:11:00.393,1.43031,1.43063,1.50,1.57
2015.01.29 01:11:00.444,1.43031,1.43064,3.26,1.17
2015.01.29 01:11:00.748,1.43031,1.43055,1.00,1.00
2015.01.29 01:11:00.799,1.43031,1.43055,1.50,1.00
2015.01.29 01:11:00.951,1.43031,1.43049,1.00,1.00
2015.01.29 01:11:01.002,1.43028,1.43049,1.00,1.00
2015.01.29 01:11:01.053,1.43028,1.43046,1.00,1.00
2015.01.29 01:11:01.210,1.43026,1.43046,1.50,1.00
2015.01.29 01:11:01.261,1.43026,1.43044,1.00,1.00
2015.01.29 01:11:01.464,1.43026,1.43046,1.00,1.00
2015.01.29 01:11:01.919,1.43026,1.43043,1.00,1.00
2015.01.29 01:11:02.274,1.43026,1.43039,1.00,1.00
2015.01.29 01:11:02.376,1.43022,1.43038,1.00,1.00
2015.01.29 01:11:02.427,1.43019,1.43038,1.00,1.50
2015.01.29 01:11:02.478,1.43019,1.43032,1.00,1.00
2015.01.29 01:11:02.579,1.43008,1.4303,1.15,1.00
2015.01.29 01:11:02.681,1.43006,1.43033,2.40,1.00
2015.01.29 01:11:02.732,1.43006,1.43033,3.07,1.00
2015.01.29 01:11:03.036,1.43006,1.43032,1.00,1.00
2015.01.29 01:11:03.088,1.43002,1.43031,1.00,1.00
2015.01.29 01:11:03.139,1.43002,1.43023,1.00,1.00
2015.01.29 01:11:03.344,1.42994,1.43024,1.75,1.00
2015.01.29 01:11:03.396,1.42993,1.43021,1.75,1.00
2015.01.29 01:11:03.447,1.42993,1.43021,1.50,1.00
2015.01.29 01:11:03.701,1.42993,1.43016,1.15,1.00
2015.01.29 01:11:04.692,1.42993,1.4302,1.09,1.00
2015.01.29 01:11:04.743,1.42993,1.4302,3.45,1.00
2015.01.29 01:11:05.047,1.43002,1.4302,1.00,1.00
2015.01.29 01:11:05.250,1.43003,1.43022,1.00,1.00
2015.01.29 01:11:05.553,1.43003,1.43022,1.00,1.00
2015.01.29 01:11:06.788,1.43003,1.43019,1.00,1.00
2015.01.29 01:11:07.092,1.43002,1.43017,1.00,1.00
2015.01.29 01:11:07.194,1.43002,1.43014,1.00,1.00
2015.01.29 01:11:07.711,1.43002,1.43013,1.00,1.00
2015.01.29 01:11:12.726,1.43002,1.43014,1.00,1.00
2015.01.29 01:11:13.132,1.42995,1.43013,1.00,1.00
2015.01.29 01:11:13.234,1.42995,1.43009,1.00,1.00
2015.01.29 01:11:13.735,1.42994,1.43009,1.00,1.00
2015.01.29 01:11:14.070,1.42994,1.43009,1.00,1.00
2015.01.29 01:11:14.577,1.42994,1.43009,1.00,1.00
2015.01.29 01:11:14.678,1.42994,1.43012,1.00,1.00
2015.01.29 01:11:16.558,1.42994,1.43012,1.00,1.00
2015.01.29 01:11:16.912,1.42993,1.43012,1.00,1.00
2015.01.29 01:11:17.115,1.42991,1.43011,1.00,1.00
2015.01.29 01:11:17.546,1.42991,1.43011,1.37,1.00
2015.01.29 01:11:18.053,1.42991,1.43011,1.00,1.00
2015.01.29 01:11:20.629,1.42991,1.43011,1.37,1.00
2015.01.29 01:11:24.569,1.42991,1.43011,1.00,1.00
2015.01.29 01:11:25.339,1.42991,1.43011,1.00,1.00
2015.01.29 01:11:25.854,1.42991,1.43012,1.00,1.87
2015.01.29 01:11:26.553,1.42994,1.43013,1.00,1.87
2015.01.29 01:11:26.969,1.42998,1.43012,1.12,1.00
2015.01.29 01:11:27.020,1.42998,1.43017,3.93,1.00
2015.01.29 01:11:27.324,1.42998,1.43019,1.27,1.00
2015.01.29 01:11:27.527,1.42998,1.43019,3.00,1.00
2015.01.29 01:11:27.831,1.43002,1.4302,2.15,1.00
2015.01.29 01:11:29.338,1.43002,1.4302,1.00,1.00
2015.01.29 01:11:29.642,1.43002,1.43018,1.10,1.00
2015.01.29 01:11:30.198,1.43002,1.43021,1.37,1.00
2015.01.29 01:11:30.300,1.43002,1.43024,1.15,1.50
2015.01.29 01:11:30.401,1.43002,1.43023,1.00,1.37
2015.01.29 01:11:30.604,1.43001,1.43019,1.00,1.00
2015.01.29 01:11:30.655,1.42996,1.43018,1.76,1.00
2015.01.29 01:11:30.808,1.42996,1.43018,2.89,1.00
2015.01.29 01:11:31.398,1.42999,1.43018,1.27,1.00
2015.01.29 01:11:33.635,1.43,1.43018,1.00,1.50
2015.01.29 01:11:36.210,1.43,1.43018,1.00,1.87
2015.01.29 01:11:36.362,1.43,1.43017,1.00,1.12
2015.01.29 01:11:37.216,1.43,1.43014,1.00,1.37
2015.01.29 01:11:37.369,1.43,1.43013,1.45,1.37
2015.01.29 01:11:37.874,1.43,1.43013,1.37,1.00
2015.01.29 01:11:43.614,1.42999,1.43013,1.00,1.00
2015.01.29 01:11:43.771,1.42999,1.43013,1.00,1.37
2015.01.29 01:11:44.179,1.42994,1.43012,1.20,1.50
2015.01.29 01:11:44.331,1.42987,1.43006,1.50,1.00
2015.01.29 01:11:44.433,1.42986,1.43,1.00,1.00
2015.01.29 01:11:44.840,1.42978,1.42998,1.57,1.00
2015.01.29 01:11:44.943,1.42976,1.42994,1.50,1.00
2015.01.29 01:11:45.096,1.42975,1.42994,1.10,1.50
2015.01.29 01:11:45.350,1.42972,1.42992,1.87,1.00
2015.01.29 01:11:45.452,1.42971,1.42992,1.12,1.00
2015.01.29 01:11:45.604,1.42971,1.42992,2.50,1.00
2015.01.29 01:11:46.466,1.42971,1.42992,1.00,1.00
2015.01.29 01:11:46.720,1.42971,1.42994,2.65,1.00
2015.01.29 01:11:46.822,1.42976,1.42996,1.12,1.50
2015.01.29 01:11:46.974,1.42978,1.43001,2.62,1.00
2015.01.29 01:11:47.025,1.42983,1.43003,1.00,1.00
2015.01.29 01:11:47.127,1.42983,1.43004,1.20,1.12
2015.01.29 01:11:47.585,1.42986,1.43009,1.50,1.00
2015.01.29 01:11:47.688,1.42987,1.43009,3.37,1.00
2015.01.29 01:11:47.790,1.4299,1.43012,1.57,1.00
2015.01.29 01:11:48.050,1.4299,1.43012,1.50,1.00
2015.01.29 01:11:48.361,1.4299,1.43016,1.00,1.57
2015.01.29 01:11:49.020,1.42992,1.43017,1.50,1.12
2015.01.29 01:11:50.722,1.42992,1.43017,2.50,1.37
2015.01.29 01:11:51.085,1.42992,1.43017,2.12,1.00
2015.01.29 01:11:51.136,1.42997,1.43017,1.50,1.00
2015.01.29 01:11:51.440,1.43002,1.43021,1.00,1.00
2015.01.29 01:11:51.653,1.43002,1.43024,2.50,1.12
2015.01.29 01:11:51.755,1.43007,1.43029,1.12,1.12
2015.01.29 01:11:51.806,1.43007,1.4303,2.20,1.37
2015.01.29 01:11:51.857,1.43007,1.43031,2.20,1.37
2015.01.29 01:11:52.092,1.43007,1.43031,1.12,1.00
2015.01.29 01:11:52.194,1.43009,1.43031,1.50,1.00
2015.01.29 01:11:52.531,1.43013,1.43033,1.00,1.87
2015.01.29 01:11:53.046,1.43015,1.43034,1.20,1.00
2015.01.29 01:11:53.352,1.4302,1.43037,1.00,1.12
2015.01.29 01:11:53.513,1.4302,1.43037,1.00,1.50
2015.01.29 01:11:53.871,1.4302,1.43037,1.00,1.12
2015.01.29 01:11:55.334,1.43026,1.43047,1.50,1.62
2015.01.29 01:11:55.385,1.43026,1.43049,4.12,1.56
2015.01.29 01:11:55.588,1.43028,1.43053,1.20,1.87
2015.01.29 01:11:55.851,1.4303,1.43053,1.00,1.00
2015.01.29 01:11:56.069,1.4303,1.43053,1.00,1.37
2015.01.29 01:11:56.221,1.4303,1.43048,1.00,1.00
2015.01.29 01:11:56.373,1.43028,1.43046,1.07,1.50
2015.01.29 01:11:56.424,1.43028,1.43042,1.00,1.50
2015.01.29 01:11:56.475,1.43023,1.43042,1.00,2.25
2015.01.29 01:11:56.982,1.43023,1.43042,1.00,1.00
2015.01.29 01:11:57.235,1.43024,1.43044,1.12,1.12
2015.01.29 01:11:57.337,1.43027,1.43048,1.57,1.85
2015.01.29 01:11:57.388,1.43028,1.43051,1.50,1.12
2015.01.29 01:11:57.439,1.43028,1.43051,2.65,1.00
2015.01.29 01:11:57.591,1.4303,1.43056,2.95,1.12
2015.01.29 01:11:58.108,1.4303,1.43057,2.65,1.50
2015.01.29 01:11:59.119,1.4303,1.43056,2.65,1.37
2015.01.29 01:11:59.425,1.43024,1.43048,1.12,3.00
2015.01.29 01:11:59.527,1.43021,1.43044,1.12,1.37
2015.01.29 01:11:59.629,1.43021,1.43041,1.00,1.12
2015.01.29 01:11:59.883,1.43021,1.43041,1.00,1.12
2015.01.29 01:12:00.212,1.43021,1.43041,1.00,1.37
2015.01.29 01:12:00.571,1.43017,1.43041,1.17,1.00
2015.01.29 01:12:00.673,1.43018,1.43044,1.65,1.00
2015.01.29 01:12:00.991,1.43023,1.43048,1.50,1.75
2015.01.29 01:12:01.346,1.43023,1.43046,1.00,1.00
2015.01.29 01:12:01.905,1.43024,1.43049,1.12,1.50
2015.01.29 01:12:03.752,1.43024,1.4305,2.70,1.75
2015.01.29 01:12:04.281,1.43024,1.43048,1.20,1.50
2015.01.29 01:12:05.348,1.43024,1.43042,1.00,1.37
2015.01.29 01:12:05.399,1.43023,1.43042,1.00,1.00
2015.01.29 01:12:05.450,1.43022,1.4304,1.20,1.37
2015.01.29 01:12:05.551,1.43018,1.4304,1.00,1.87
2015.01.29 01:12:05.602,1.43013,1.4304,2.32,3.00
2015.01.29 01:12:05.906,1.43017,1.43038,1.12,1.37
2015.01.29 01:12:06.226,1.43017,1.4304,2.62,1.50
2015.01.29 01:12:06.277,1.43017,1.4304,2.62,1.50
2015.01.29 01:12:06.379,1.4302,1.43039,2.40,1.37
2015.01.29 01:12:06.683,1.43028,1.43045,2.25,1.87
2015.01.29 01:12:06.836,1.43029,1.43052,3.00,1.47
2015.01.29 01:12:07.190,1.43029,1.43053,1.00,2.25
2015.01.29 01:12:08.078,1.43027,1.4305,1.00,1.12
2015.01.29 01:12:08.130,1.43027,1.43045,1.00,1.50
2015.01.29 01:12:08.232,1.43026,1.43045,1.50,1.50
2015.01.29 01:12:08.587,1.43026,1.43045,1.00,1.00
2015.01.29 01:12:08.790,1.43026,1.43045,1.50,1.00
2015.01.29 01:12:08.943,1.43026,1.43048,1.50,1.87
2015.01.29 01:12:09.595,1.43026,1.43048,1.50,1.87
2015.01.29 01:12:10.698,1.43026,1.43048,3.37,1.37
2015.01.29 01:12:10.749,1.43031,1.43048,2.25,1.37
2015.01.29 01:12:11.263,1.43031,1.43055,1.50,1.37
2015.01.29 01:12:11.571,1.43033,1.43055,3.00,1.37
2015.01.29 01:12:12.082,1.43034,1.43055,2.25,1.37
2015.01.29 01:12:12.798,1.43034,1.43057,1.50,2.06
2015.01.29 01:12:13.052,1.43032,1.43056,1.00,1.75
2015.01.29 01:12:13.306,1.43032,1.43053,1.00,1.00
2015.01.29 01:12:13.407,1.4303,1.43052,1.50,1.00
2015.01.29 01:12:13.458,1.4303,1.43052,3.94,1.00
2015.01.29 01:12:13.762,1.43043,1.43064,2.25,1.07
2015.01.29 01:12:13.864,1.43045,1.43068,1.50,1.37
2015.01.29 01:12:13.966,1.43044,1.43068,1.50,1.37
2015.01.29 01:12:14.068,1.43044,1.43068,1.00,1.12
2015.01.29 01:12:14.171,1.43044,1.43068,2.50,1.12
2015.01.29 01:12:14.478,1.4305,1.4307,1.50,1.37
2015.01.29 01:12:16.068,1.4305,1.4307,2.50,1.37
2015.01.29 01:12:16.169,1.43046,1.43069,1.10,1.62
2015.01.29 01:12:16.372,1.43044,1.43063,1.50,1.37
2015.01.29 01:12:16.423,1.43044,1.43063,2.12,1.00
2015.01.29 01:12:16.474,1.43047,1.43068,1.50,1.00
2015.01.29 01:12:16.627,1.43048,1.4307,1.50,1.37
2015.01.29 01:12:16.932,1.4305,1.43075,1.50,1.55
2015.01.29 01:12:19.170,1.43049,1.43073,1.00,1.47
2015.01.29 01:12:19.272,1.43045,1.43071,1.00,2.25
2015.01.29 01:12:19.374,1.43045,1.4307,1.50,1.37
2015.01.29 01:12:19.880,1.43045,1.43071,3.25,1.37
2015.01.29 01:12:19.981,1.43045,1.4307,1.00,1.37
2015.01.29 01:12:21.074,1.43045,1.43068,2.50,1.37
2015.01.29 01:12:22.316,1.43045,1.4307,2.50,1.37
2015.01.29 01:12:24.100,1.43051,1.4307,2.25,1.37
2015.01.29 01:12:24.303,1.43051,1.43074,5.12,1.95
2015.01.29 01:12:24.404,1.43052,1.43074,4.12,1.87
2015.01.29 01:12:24.710,1.43058,1.43074,2.62,1.37
2015.01.29 01:12:24.863,1.43061,1.43075,1.50,1.00
2015.01.29 01:12:24.965,1.43062,1.43074,1.50,1.00
2015.01.29 01:12:25.016,1.43067,1.43087,3.00,3.07
2015.01.29 01:12:25.068,1.43067,1.43088,5.32,1.12
2015.01.29 01:12:25.119,1.43071,1.43091,1.50,1.37
2015.01.29 01:12:25.423,1.43075,1.43092,2.25,1.00
2015.01.29 01:12:25.474,1.4308,1.43092,2.25,1.00
2015.01.29 01:12:25.525,1.4308,1.43099,3.25,1.47
2015.01.29 01:12:25.576,1.43085,1.43105,2.25,1.57
2015.01.29 01:12:25.627,1.43085,1.43105,3.25,1.12
2015.01.29 01:12:25.678,1.43085,1.43108,1.00,1.50
2015.01.29 01:12:25.881,1.43087,1.43108,2.25,1.37
2015.01.29 01:12:25.982,1.43086,1.43108,1.57,1.37
2015.01.29 01:12:26.084,1.43084,1.43108,1.87,1.00
2015.01.29 01:12:26.135,1.43084,1.43108,1.50,1.00
2015.01.29 01:12:26.186,1.43078,1.43102,1.50,1.00
2015.01.29 01:12:26.491,1.43078,1.43096,1.00,1.37
2015.01.29 01:12:26.643,1.43072,1.43095,1.47,1.00
2015.01.29 01:12:26.695,1.43072,1.43095,3.14,1.00
2015.01.29 01:12:26.797,1.43072,1.43095,3.40,1.00
2015.01.29 01:12:26.847,1.43073,1.43097,1.57,1.00
2015.01.29 01:12:26.898,1.43079,1.43097,1.50,1.00
2015.01.29 01:12:27.202,1.43078,1.43097,1.00,1.00
2015.01.29 01:12:28.220,1.43075,1.43097,1.00,1.00
2015.01.29 01:12:28.423,1.43073,1.43097,1.00,1.00
2015.01.29 01:12:28.474,1.43073,1.43092,1.00,1.00
2015.01.29 01:12:28.626,1.4307,1.43092,1.50,1.00
2015.01.29 01:12:29.750,1.4307,1.43092,1.00,1.37
2015.01.29 01:12:30.462,1.4307,1.43092,1.00,1.87
2015.01.29 01:12:30.615,1.4307,1.43092,1.00,1.87
2015.01.29 01:12:34.049,1.4307,1.43092,1.00,1.87
2015.01.29 01:12:34.782,1.4307,1.43093,1.00,1.12
2015.01.29 01:12:34.884,1.4307,1.43093,1.00,1.12
2015.01.29 01:12:37.070,1.4307,1.43093,1.00,1.12
2015.01.29 01:12:37.482,1.4307,1.43095,1.00,2.62
2015.01.29 01:12:38.805,1.4307,1.43095,1.00,2.62
2015.01.29 01:12:44.537,1.43069,1.43095,1.65,1.87
2015.01.29 01:12:47.177,1.43069,1.43095,1.65,2.62
2015.01.29 01:12:47.617,1.43069,1.43095,1.00,2.62
2015.01.29 01:12:48.906,1.4307,1.43095,2.40,1.87
2015.01.29 01:12:49.216,1.43073,1.43095,3.00,1.12
2015.01.29 01:12:49.708,1.43073,1.43097,4.00,1.00
2015.01.29 01:12:55.456,1.43078,1.431,2.25,1.37
2015.01.29 01:12:55.558,1.43081,1.43103,1.50,1.45
2015.01.29 01:12:55.762,1.43087,1.43104,3.00,1.37
2015.01.29 01:12:56.066,1.43087,1.43108,2.50,1.56
2015.01.29 01:12:56.168,1.43087,1.43107,1.00,1.62
2015.01.29 01:12:56.724,1.43087,1.4311,1.00,1.89
2015.01.29 01:12:57.859,1.43087,1.43109,1.50,1.01
2015.01.29 01:12:58.333,1.43084,1.43109,1.50,1.01
2015.01.29 01:12:58.839,1.43083,1.43107,1.00,1.94
2015.01.29 01:12:59.173,1.4309,1.43108,1.00,1.37
2015.01.29 01:12:59.479,1.43116,1.43125,1.05,1.00
2015.01.29 01:12:59.530,1.43116,1.43128,2.12,1.00
2015.01.29 01:12:59.581,1.43117,1.43138,1.05,1.37
2015.01.29 01:12:59.632,1.43118,1.43143,4.09,1.00
2015.01.29 01:12:59.734,1.43122,1.43143,1.12,1.37
2015.01.29 01:13:00.039,1.4313,1.4315,1.12,1.00
2015.01.29 01:13:00.091,1.4313,1.4315,2.99,1.00
2015.01.29 01:13:00.243,1.4313,1.43158,1.75,1.00
2015.01.29 01:13:00.294,1.43131,1.43158,1.12,1.00
2015.01.29 01:13:00.548,1.43131,1.43155,1.00,1.37
2015.01.29 01:13:00.599,1.4313,1.43155,1.87,1.00
2015.01.29 01:13:00.650,1.4313,1.43152,1.87,1.00
2015.01.29 01:13:01.169,1.4313,1.43152,1.17,1.00
2015.01.29 01:13:01.220,1.4313,1.43155,1.17,1.12
2015.01.29 01:13:01.272,1.4313,1.43155,2.19,3.37
2015.01.29 01:13:01.576,1.4313,1.43152,1.00,1.75
2015.01.29 01:13:01.627,1.43126,1.4315,1.57,1.75
2015.01.29 01:13:01.678,1.43126,1.4315,1.47,1.00
2015.01.29 01:13:01.881,1.43124,1.43151,1.10,1.50
2015.01.29 01:13:01.932,1.43124,1.43149,1.10,1.00
2015.01.29 01:13:02.236,1.43124,1.43147,1.20,1.00
2015.01.29 01:13:02.551,1.43122,1.43142,1.15,1.00
2015.01.29 01:13:02.856,1.4311,1.43134,1.21,1.00
2015.01.29 01:13:03.059,1.4311,1.4313,1.00,1.00
2015.01.29 01:13:03.160,1.43104,1.4313,1.95,1.50
2015.01.29 01:13:03.363,1.43104,1.43128,1.00,1.00
2015.01.29 01:13:03.464,1.43101,1.43125,1.00,1.00
2015.01.29 01:13:03.566,1.43096,1.43121,1.75,1.50
2015.01.29 01:13:03.617,1.43094,1.43121,1.00,1.57
2015.01.29 01:13:03.871,1.4309,1.43118,1.20,1.00
2015.01.29 01:13:04.377,1.4309,1.43116,1.20,1.00
2015.01.29 01:13:04.886,1.43089,1.43116,1.15,1.87
2015.01.29 01:13:05.212,1.43086,1.43111,1.45,1.12
2015.01.29 01:13:05.415,1.43086,1.43111,1.87,1.12
2015.01.29 01:13:05.465,1.43086,1.43111,2.12,1.12
2015.01.29 01:13:05.768,1.43086,1.43108,1.00,1.00
2015.01.29 01:13:06.021,1.4309,1.43116,1.87,1.10
2015.01.29 01:13:06.072,1.43094,1.43116,1.12,1.00
2015.01.29 01:13:06.326,1.43098,1.43125,1.87,1.50
2015.01.29 01:13:06.376,1.43098,1.43125,3.37,1.37
2015.01.29 01:13:06.631,1.43096,1.43124,2.62,1.87
2015.01.29 01:13:06.884,1.43096,1.43122,1.50,1.00
2015.01.29 01:13:07.188,1.43093,1.43117,1.00,1.00
2015.01.29 01:13:07.239,1.43093,1.43119,1.00,2.32
2015.01.29 01:13:07.441,1.43093,1.43121,1.00,1.00
2015.01.29 01:13:07.767,1.43093,1.4312,1.07,2.25
2015.01.29 01:13:07.869,1.43092,1.43111,1.20,1.12
2015.01.29 01:13:08.023,1.4309,1.43111,1.10,1.12
2015.01.29 01:13:08.277,1.43088,1.43113,1.17,1.00
2015.01.29 01:13:08.429,1.43088,1.43117,1.39,1.00
2015.01.29 01:13:08.530,1.43091,1.43119,1.05,1.50
2015.01.29 01:13:08.733,1.43096,1.43123,1.20,1.50
2015.01.29 01:13:08.986,1.43096,1.43126,3.25,2.25
2015.01.29 01:13:09.088,1.43099,1.43126,1.20,2.25
2015.01.29 01:13:09.401,1.43101,1.43129,3.11,1.00
2015.01.29 01:13:09.453,1.43101,1.43129,4.94,1.00
2015.01.29 01:13:09.505,1.43103,1.43131,1.95,1.00
2015.01.29 01:13:10.015,1.43104,1.43132,1.42,1.50
2015.01.29 01:13:10.168,1.43106,1.43134,2.10,1.50
2015.01.29 01:13:10.421,1.43107,1.43134,1.20,1.00
2015.01.29 01:13:10.731,1.43109,1.43137,1.35,1.12
2015.01.29 01:13:11.625,1.4311,1.43137,1.20,1.00
2015.01.29 01:13:11.882,1.4311,1.43137,1.10,1.50
2015.01.29 01:13:12.399,1.4311,1.43135,1.95,1.00
2015.01.29 01:13:12.501,1.43111,1.4314,1.50,1.50
2015.01.29 01:13:12.704,1.43113,1.4314,1.12,1.00
2015.01.29 01:13:12.957,1.43114,1.43142,1.35,1.50
2015.01.29 01:13:13.886,1.43114,1.43142,2.55,2.47
2015.01.29 01:13:14.290,1.43113,1.4314,1.15,1.60
2015.01.29 01:13:14.839,1.43112,1.43139,1.17,1.72
2015.01.29 01:13:14.991,1.43111,1.43139,1.00,1.72
2015.01.29 01:13:15.090,1.43111,1.43139,1.00,1.72
2015.01.29 01:13:15.410,1.43111,1.43139,1.00,1.72
2015.01.29 01:13:15.714,1.43111,1.43137,1.00,1.37
2015.01.29 01:13:16.220,1.43111,1.43137,1.00,1.37
2015.01.29 01:13:16.751,1.43111,1.43137,1.00,1.37
2015.01.29 01:13:18.416,1.43111,1.43137,1.50,1.00
2015.01.29 01:13:18.737,1.43112,1.43137,1.20,1.00
2015.01.29 01:13:18.788,1.43112,1.43139,2.95,1.30
2015.01.29 01:13:19.658,1.43112,1.43139,3.35,1.30
2015.01.29 01:13:20.178,1.43112,1.43139,3.32,1.30
2015.01.29 01:13:20.988,1.43112,1.4314,2.94,1.72
2015.01.29 01:13:23.948,1.43112,1.4314,2.94,1.00
2015.01.29 01:13:24.353,1.43112,1.4314,2.89,1.60
2015.01.29 01:13:24.711,1.43113,1.4314,1.20,1.60
2015.01.29 01:13:24.914,1.43113,1.4314,1.10,1.00
2015.01.29 01:13:25.016,1.43113,1.43138,1.07,1.37
2015.01.29 01:13:25.168,1.43113,1.4314,1.00,1.00
2015.01.29 01:13:25.695,1.43114,1.4314,1.95,1.00
2015.01.29 01:13:25.948,1.43114,1.4314,1.00,1.00
2015.01.29 01:13:26.469,1.43114,1.4314,1.00,1.87
2015.01.29 01:13:26.808,1.43114,1.4314,1.00,2.25
2015.01.29 01:13:27.316,1.43112,1.43136,1.07,1.00
2015.01.29 01:13:27.857,1.43112,1.43139,1.07,2.25
2015.01.29 01:13:28.381,1.43112,1.43139,1.07,1.50
2015.01.29 01:13:28.583,1.43112,1.43139,1.07,1.12
2015.01.29 01:13:29.355,1.43112,1.43139,2.19,1.12
2015.01.29 01:13:30.807,1.43112,1.43139,2.20,1.00
2015.01.29 01:13:31.318,1.43115,1.4314,1.35,1.00
2015.01.29 01:13:31.642,1.43115,1.43143,2.52,1.37
2015.01.29 01:13:32.050,1.43117,1.43144,1.50,1.37
2015.01.29 01:13:32.101,1.43117,1.43144,2.57,1.00
2015.01.29 01:13:32.511,1.43118,1.43144,1.42,1.50
2015.01.29 01:13:32.612,1.43118,1.43144,3.37,1.00
2015.01.29 01:13:32.815,1.43118,1.43144,3.74,1.00
2015.01.29 01:13:33.329,1.43121,1.43148,1.42,2.25
2015.01.29 01:13:34.036,1.43122,1.43148,1.05,1.87
2015.01.29 01:13:34.575,1.43122,1.43148,2.25,1.87
2015.01.29 01:13:35.538,1.43122,1.43148,2.99,1.87
2015.01.29 01:13:35.589,1.43122,1.43148,1.57,1.87
2015.01.29 01:13:36.120,1.43126,1.43149,1.12,1.12
2015.01.29 01:13:36.596,1.43126,1.43149,2.57,1.12
2015.01.29 01:13:36.900,1.43127,1.43153,1.12,1.37
2015.01.29 01:13:37.158,1.43131,1.43155,1.12,1.50
2015.01.29 01:13:37.362,1.43133,1.4316,2.95,1.12
2015.01.29 01:13:37.463,1.43136,1.43163,1.00,1.37
2015.01.29 01:13:37.972,1.43137,1.43163,1.05,1.00
2015.01.29 01:13:38.481,1.43137,1.43165,2.25,1.37
2015.01.29 01:13:38.992,1.43137,1.43165,1.95,1.37
2015.01.29 01:13:42.335,1.43137,1.43164,1.65,1.12
2015.01.29 01:13:44.377,1.43137,1.43161,1.65,1.00
2015.01.29 01:13:44.682,1.43129,1.43149,1.00,1.00
2015.01.29 01:13:44.936,1.43129,1.43154,1.12,1.00
2015.01.29 01:13:45.038,1.43138,1.43156,1.00,1.00
2015.01.29 01:13:45.393,1.43131,1.43157,1.10,1.69
2015.01.29 01:13:45.445,1.43131,1.4315,1.17,1.00
2015.01.29 01:13:45.597,1.43129,1.4315,1.07,1.00
2015.01.29 01:13:46.106,1.43129,1.4315,1.20,1.37
2015.01.29 01:13:46.308,1.43129,1.4315,1.10,1.37
2015.01.29 01:13:47.017,1.43129,1.43148,1.10,1.00
2015.01.29 01:13:47.169,1.43126,1.43148,1.10,1.12
2015.01.29 01:13:47.372,1.43122,1.43148,2.70,1.87
2015.01.29 01:13:47.473,1.43122,1.43146,1.12,1.00
2015.01.29 01:13:47.777,1.43122,1.4314,1.00,1.37
2015.01.29 01:13:47.879,1.43122,1.43142,1.37,1.12
2015.01.29 01:13:47.930,1.4312,1.43143,1.37,1.50
2015.01.29 01:13:48.081,1.43119,1.43138,1.47,1.00
2015.01.29 01:13:48.234,1.43118,1.43138,1.37,1.00
2015.01.29 01:13:48.387,1.43116,1.43141,1.87,1.50
2015.01.29 01:13:48.437,1.43116,1.43139,1.87,1.00
2015.01.29 01:13:48.741,1.43116,1.43141,1.87,1.50
2015.01.29 01:13:49.247,1.43116,1.43141,1.00,1.00
2015.01.29 01:13:49.500,1.43116,1.43143,1.00,2.25
2015.01.29 01:13:49.552,1.43116,1.43141,1.00,1.00
2015.01.29 01:13:49.859,1.43116,1.43139,1.00,1.00
2015.01.29 01:13:53.622,1.43116,1.43139,1.00,1.00
2015.01.29 01:13:54.150,1.43116,1.43138,1.00,1.37
2015.01.29 01:13:54.454,1.43116,1.43136,1.00,1.37
2015.01.29 01:13:54.758,1.43116,1.43138,1.00,1.00
2015.01.29 01:13:55.264,1.43116,1.4314,1.00,1.00
2015.01.29 01:13:55.416,1.43116,1.43138,1.00,1.00
2015.01.29 01:13:55.518,1.43116,1.43143,2.70,1.00
2015.01.29 01:13:57.427,1.43117,1.43143,1.95,1.75
2015.01.29 01:13:57.630,1.43117,1.43135,1.00,1.00
2015.01.29 01:13:58.559,1.43117,1.43138,1.50,1.00
2015.01.29 01:13:59.165,1.43117,1.43138,1.00,1.00
2015.01.29 01:13:59.672,1.43117,1.43139,2.50,1.00
2015.01.29 01:14:00.247,1.43117,1.43139,2.50,1.00
2015.01.29 01:14:02.528,1.43117,1.43139,2.50,1.00
2015.01.29 01:14:03.549,1.43117,1.43132,1.00,1.00
2015.01.29 01:14:03.651,1.43115,1.4313,1.00,1.00
2015.01.29 01:14:04.107,1.43113,1.4313,1.00,1.00
2015.01.29 01:14:04.664,1.43113,1.4313,1.00,1.00
2015.01.29 01:14:05.492,1.43113,1.4313,1.00,1.37
2015.01.29 01:14:06.234,1.43113,1.4313,1.00,1.12
2015.01.29 01:14:07.501,1.43113,1.4313,1.00,1.37
2015.01.29 01:14:07.603,1.43113,1.4313,1.00,1.37
2015.01.29 01:14:07.705,1.43112,1.43127,1.00,1.37
2015.01.29 01:14:07.908,1.4311,1.43124,1.00,1.37
2015.01.29 01:14:08.364,1.43107,1.43122,1.00,1.00
2015.01.29 01:14:08.416,1.43107,1.43122,2.25,1.00
2015.01.29 01:14:08.467,1.43108,1.43126,1.00,1.00
2015.01.29 01:14:08.569,1.4311,1.43126,1.12,1.00
2015.01.29 01:14:08.670,1.43109,1.43127,1.00,1.00
2015.01.29 01:14:10.256,1.43106,1.43124,1.00,1.00
2015.01.29 01:14:10.762,1.43105,1.43125,1.00,1.00
2015.01.29 01:14:11.919,1.43105,1.43127,1.00,1.00
2015.01.29 01:14:12.224,1.43105,1.43128,1.50,1.37
2015.01.29 01:14:12.528,1.43105,1.43127,1.00,1.75
2015.01.29 01:14:12.579,1.43105,1.43125,1.00,1.50
2015.01.29 01:14:12.630,1.43105,1.43125,1.00,1.75
2015.01.29 01:14:12.934,1.43105,1.43124,1.00,1.37
2015.01.29 01:14:13.465,1.43105,1.43122,1.00,1.37
2015.01.29 01:14:13.671,1.43103,1.4312,1.00,1.37
2015.01.29 01:14:13.773,1.43101,1.4312,1.00,1.50
2015.01.29 01:14:13.926,1.43101,1.43119,1.00,1.75
2015.01.29 01:14:15.152,1.43101,1.43116,1.00,1.12
2015.01.29 01:14:16.649,1.43101,1.43118,1.00,1.00
2015.01.29 01:14:16.852,1.43101,1.43121,1.50,1.12
2015.01.29 01:14:17.129,1.43101,1.43121,2.50,1.12
2015.01.29 01:14:17.434,1.43109,1.43131,1.12,1.12
2015.01.29 01:14:17.788,1.43113,1.43131,1.50,1.00
2015.01.29 01:14:18.092,1.43114,1.43132,2.50,1.00
2015.01.29 01:14:18.396,1.43114,1.43132,1.00,1.37
2015.01.29 01:14:18.498,1.43114,1.43132,1.00,2.25
2015.01.29 01:14:18.802,1.43109,1.43125,1.00,1.00
2015.01.29 01:14:18.853,1.43109,1.43118,1.00,1.00
2015.01.29 01:14:19.157,1.43106,1.43114,1.00,1.65
2015.01.29 01:14:19.361,1.43104,1.43114,1.50,1.00
2015.01.29 01:14:19.872,1.43104,1.43114,1.00,1.00
2015.01.29 01:14:19.976,1.43103,1.43114,1.00,1.00
2015.01.29 01:14:20.381,1.43096,1.43114,1.50,1.00
2015.01.29 01:14:21.560,1.43096,1.43114,1.00,1.00
2015.01.29 01:14:22.910,1.43096,1.43116,1.37,1.00
2015.01.29 01:14:23.012,1.43097,1.43119,2.12,1.00
2015.01.29 01:14:23.318,1.43099,1.43122,1.00,1.87
2015.01.29 01:14:24.228,1.43099,1.43122,2.49,1.00
2015.01.29 01:14:24.280,1.43099,1.43124,2.49,1.00
2015.01.29 01:14:24.483,1.43101,1.43122,1.00,1.00
2015.01.29 01:14:24.888,1.43101,1.43122,1.00,1.50
2015.01.29 01:14:25.698,1.43101,1.4312,1.00,1.00
2015.01.29 01:14:25.749,1.431,1.43118,1.00,1.00
2015.01.29 01:14:25.851,1.43098,1.43116,1.00,1.37
2015.01.29 01:14:25.953,1.43095,1.43113,1.00,1.00
2015.01.29 01:14:26.106,1.43095,1.4311,1.00,1.00
2015.01.29 01:14:26.309,1.43086,1.43106,1.00,1.37
2015.01.29 01:14:26.411,1.43082,1.43107,1.00,2.21
2015.01.29 01:14:26.766,1.43082,1.43104,1.00,1.37
2015.01.29 01:14:26.969,1.43084,1.43109,1.00,1.00
2015.01.29 01:14:27.071,1.43088,1.43106,1.57,1.00
2015.01.29 01:14:27.173,1.43088,1.43109,1.00,1.00
2015.01.29 01:14:27.681,1.43088,1.4311,1.00,1.12
2015.01.29 01:14:27.782,1.43087,1.4311,2.32,1.12
2015.01.29 01:14:27.833,1.43087,1.43111,2.57,1.00
2015.01.29 01:14:28.138,1.43088,1.43113,1.39,1.12
2015.01.29 01:14:28.189,1.43088,1.43114,2.39,1.37
2015.01.29 01:14:28.494,1.43088,1.43111,1.00,1.12
2015.01.29 01:14:28.596,1.43088,1.4311,1.00,1.00
2015.01.29 01:14:28.749,1.43086,1.43109,1.00,1.00
2015.01.29 01:14:29.154,1.43086,1.43106,1.00,1.00
2015.01.29 01:14:29.256,1.43084,1.43105,1.00,1.00
2015.01.29 01:14:29.509,1.43082,1.43103,1.50,1.00
2015.01.29 01:14:29.814,1.43082,1.43101,1.00,1.50
2015.01.29 01:14:29.966,1.43074,1.43095,1.57,1.00
2015.01.29 01:14:30.168,1.43074,1.43097,1.50,1.00
2015.01.29 01:14:30.219,1.43074,1.43097,2.99,1.00
2015.01.29 01:14:30.271,1.43076,1.431,1.95,1.00
2015.01.29 01:14:30.477,1.43078,1.43104,2.57,1.00
2015.01.29 01:14:30.933,1.43082,1.43107,1.50,1.00
2015.01.29 01:14:31.136,1.43084,1.43109,1.57,1.00
2015.01.29 01:14:31.440,1.43084,1.43111,2.57,1.00
2015.01.29 01:14:31.744,1.43086,1.43113,1.00,1.00
2015.01.29 01:14:32.050,1.43091,1.43118,1.12,1.65
2015.01.29 01:14:32.354,1.43092,1.43118,2.95,1.00
2015.01.29 01:14:32.698,1.43095,1.43119,1.00,1.00
2015.01.29 01:14:33.874,1.43099,1.43122,1.12,1.00
2015.01.29 01:14:33.925,1.43099,1.43122,1.37,1.00
2015.01.29 01:14:34.027,1.43103,1.43126,2.57,1.00
2015.01.29 01:14:34.129,1.43103,1.43126,2.81,1.00
2015.01.29 01:14:34.231,1.43106,1.43126,1.50,1.00
2015.01.29 01:14:34.585,1.43106,1.43126,1.00,1.07
2015.01.29 01:14:34.687,1.43104,1.43124,1.00,1.00
2015.01.29 01:14:34.890,1.43102,1.43123,1.00,1.00
2015.01.29 01:14:35.483,1.43102,1.43123,1.00,1.00
2015.01.29 01:14:36.199,1.43102,1.43124,1.00,1.00
2015.01.29 01:14:36.300,1.43104,1.43127,1.00,1.17
2015.01.29 01:14:36.820,1.43104,1.43127,1.50,1.00
2015.01.29 01:14:36.972,1.43108,1.43131,1.12,1.00
2015.01.29 01:14:37.732,1.43108,1.43129,1.00,1.00
2015.01.29 01:14:38.036,1.43108,1.43127,1.12,1.00
2015.01.29 01:14:39.584,1.43109,1.43127,1.12,1.00
2015.01.29 01:14:39.941,1.43109,1.43127,1.37,1.00
2015.01.29 01:14:40.254,1.43109,1.43127,1.37,1.00
2015.01.29 01:14:40.406,1.43109,1.4313,1.37,1.00
2015.01.29 01:14:41.842,1.43109,1.4313,1.00,1.00
2015.01.29 01:14:42.325,1.4311,1.4313,1.00,1.00
2015.01.29 01:14:42.580,1.4311,1.4313,1.00,1.00
2015.01.29 01:14:42.783,1.4311,1.4313,1.00,1.00
2015.01.29 01:14:43.238,1.4311,1.43128,1.00,1.00
2015.01.29 01:14:45.987,1.4311,1.4313,1.00,1.00
2015.01.29 01:14:46.665,1.4311,1.43131,2.12,1.00
2015.01.29 01:14:46.969,1.43111,1.43133,1.12,1.00
2015.01.29 01:14:47.307,1.43112,1.43137,1.00,1.10
2015.01.29 01:14:47.409,1.43114,1.43137,1.00,1.00
2015.01.29 01:14:47.663,1.43115,1.4314,2.65,1.00
2015.01.29 01:14:48.069,1.43118,1.43142,1.12,1.20
2015.01.29 01:14:48.373,1.43118,1.4314,1.00,1.37
2015.01.29 01:14:48.677,1.43118,1.43136,1.00,1.00
2015.01.29 01:14:48.982,1.43123,1.43146,1.00,1.57
2015.01.29 01:14:49.084,1.43123,1.43148,1.00,1.19
2015.01.29 01:14:49.286,1.43127,1.4315,1.00,1.19
2015.01.29 01:14:49.338,1.43127,1.4315,1.00,1.00
2015.01.29 01:14:49.743,1.43128,1.43153,1.00,1.20
2015.01.29 01:14:50.256,1.43128,1.43153,2.50,1.20
2015.01.29 01:14:50.416,1.43128,1.43153,2.50,2.17
2015.01.29 01:14:50.619,1.43123,1.43143,1.12,1.00
2015.01.29 01:14:50.670,1.43123,1.43143,1.00,1.95
2015.01.29 01:14:50.859,1.43117,1.43138,1.00,1.00
2015.01.29 01:14:51.062,1.43115,1.43134,1.00,1.00
2015.01.29 01:14:51.518,1.43115,1.43139,1.00,1.10
2015.01.29 01:14:51.570,1.43115,1.43139,1.00,1.00
2015.01.29 01:14:51.824,1.43115,1.43139,1.00,1.00
2015.01.29 01:14:52.281,1.43116,1.43138,1.12,1.00
2015.01.29 01:14:52.384,1.43115,1.43138,1.50,1.00
2015.01.29 01:14:52.486,1.43115,1.43138,2.50,1.00
2015.01.29 01:14:52.790,1.43115,1.43139,2.50,1.00
2015.01.29 01:14:53.315,1.43115,1.43141,2.62,1.37
2015.01.29 01:14:53.853,1.43115,1.43141,2.62,1.37
2015.01.29 01:14:55.069,1.43118,1.43141,1.12,1.37
2015.01.29 01:14:56.088,1.43118,1.4314,1.00,1.12
2015.01.29 01:14:56.240,1.43118,1.43139,1.00,1.00
2015.01.29 01:14:56.442,1.43118,1.43141,2.12,1.37
2015.01.29 01:14:56.797,1.43118,1.43141,2.12,1.37
2015.01.29 01:14:57.334,1.43118,1.43141,2.12,1.00
2015.01.29 01:14:57.991,1.43118,1.43141,1.00,1.12
2015.01.29 01:14:58.043,1.43118,1.43139,1.00,1.50
2015.01.29 01:14:58.094,1.43116,1.43136,1.07,1.00
2015.01.29 01:14:58.144,1.43116,1.43133,1.00,1.00
2015.01.29 01:14:58.297,1.43113,1.43133,1.00,1.87
2015.01.29 01:14:58.651,1.43112,1.43129,1.00,1.00
2015.01.29 01:14:58.753,1.43109,1.43127,1.50,1.00
2015.01.29 01:14:59.057,1.43111,1.43127,1.00,1.00
2015.01.29 01:14:59.589,1.43111,1.43127,1.00,1.00
2015.01.29 01:14:59.909,1.43111,1.43125,1.00,1.00
2015.01.29 01:15:00.367,1.43111,1.43125,1.00,1.00
2015.01.29 01:15:00.521,1.43111,1.43127,1.00,1.00
2015.01.29 01:15:00.934,1.43111,1.43125,1.00,1.00
2015.01.29 01:15:01.849,1.43111,1.43122,1.00,1.00
2015.01.29 01:15:02.610,1.43101,1.43117,1.12,1.00
2015.01.29 01:15:02.661,1.431,1.43117,1.37,1.00
2015.01.29 01:15:02.712,1.43096,1.43112,1.75,1.00
2015.01.29 01:15:02.763,1.43096,1.43112,1.00,1.00
2015.01.29 01:15:02.814,1.43092,1.43107,1.07,1.00
2015.01.29 01:15:03.068,1.43092,1.43118,1.00,1.57
2015.01.29 01:15:03.169,1.43092,1.43107,1.00,1.00
2015.01.29 01:15:03.271,1.43092,1.43116,1.00,1.47
2015.01.29 01:15:03.373,1.43092,1.43103,1.00,1.00
2015.01.29 01:15:03.880,1.43092,1.43102,1.00,1.00
2015.01.29 01:15:04.350,1.4309,1.43102,1.00,1.00
2015.01.29 01:15:11.609,1.4309,1.43101,1.00,1.00
2015.01.29 01:15:12.078,1.43086,1.43098,1.00,1.00
2015.01.29 01:15:12.180,1.43081,1.43095,1.00,1.00
2015.01.29 01:15:12.282,1.4308,1.43091,1.00,1.00
2015.01.29 01:15:12.383,1.43073,1.43089,1.37,1.00
2015.01.29 01:15:12.586,1.43076,1.43089,1.00,1.00
2015.01.29 01:15:12.637,1.43076,1.43093,1.00,1.00
2015.01.29 01:15:12.688,1.43078,1.43093,1.00,1.00
2015.01.29 01:15:12.941,1.43078,1.43095,1.00,1.00
2015.01.29 01:15:13.287,1.43078,1.43095,1.37,1.00
2015.01.29 01:15:13.591,1.43082,1.43098,1.00,1.00
2015.01.29 01:15:15.242,1.43082,1.43101,1.00,1.00
2015.01.29 01:15:15.840,1.43082,1.431,2.12,1.00
2015.01.29 01:15:15.986,1.43082,1.431,1.12,1.00
2015.01.29 01:15:16.601,1.43082,1.43102,1.50,1.00
2015.01.29 01:15:17.581,1.43082,1.43102,1.37,1.00
2015.01.29 01:15:17.865,1.43082,1.431,1.37,1.00
2015.01.29 01:15:18.615,1.43082,1.431,1.37,1.00
2015.01.29 01:15:18.919,1.43082,1.431,1.00,1.00
2015.01.29 01:15:19.121,1.43082,1.43102,1.00,1.00
2015.01.29 01:15:19.678,1.43082,1.43098,1.00,1.00
2015.01.29 01:15:20.083,1.43082,1.43098,1.00,1.00
2015.01.29 01:15:20.286,1.4308,1.43098,1.00,1.00
2015.01.29 01:15:20.337,1.4308,1.43096,1.00,1.00
2015.01.29 01:15:20.641,1.43081,1.43096,1.00,1.00
2015.01.29 01:15:20.895,1.43081,1.43098,2.50,1.00
2015.01.29 01:15:21.758,1.43081,1.43101,2.57,1.00
2015.01.29 01:15:22.745,1.43081,1.43101,3.32,1.00
2015.01.29 01:15:23.107,1.43081,1.43101,2.95,1.00
2015.01.29 01:15:24.633,1.43081,1.43102,5.32,1.00
2015.01.29 01:15:27.508,1.43082,1.43102,1.12,1.00
2015.01.29 01:15:27.661,1.43082,1.43102,2.50,1.00
2015.01.29 01:15:27.712,1.43082,1.431,1.00,1.00
2015.01.29 01:15:28.016,1.4308,1.43096,1.00,1.00
2015.01.29 01:15:28.904,1.4308,1.43093,1.00,1.00
2015.01.29 01:15:29.418,1.4308,1.43093,1.00,1.00
2015.01.29 01:15:29.723,1.43081,1.43095,1.00,1.00
2015.01.29 01:15:29.774,1.43081,1.43098,1.00,1.00
2015.01.29 01:15:29.875,1.43084,1.43098,1.00,1.00
2015.01.29 01:15:29.980,1.43084,1.43098,1.00,1.00
2015.01.29 01:15:30.643,1.43084,1.43099,1.00,1.00
2015.01.29 01:15:30.745,1.43086,1.43099,1.00,1.00
2015.01.29 01:15:30.897,1.43086,1.43103,1.00,1.00
2015.01.29 01:15:31.429,1.43087,1.43103,1.00,1.00
2015.01.29 01:15:37.157,1.43087,1.43103,1.00,1.00
2015.01.29 01:15:37.261,1.43089,1.43103,1.00,1.00
2015.01.29 01:15:37.363,1.43089,1.43103,1.00,1.00
2015.01.29 01:15:37.465,1.43089,1.43101,1.00,1.00
2015.01.29 01:15:37.769,1.43089,1.43101,1.00,1.00
2015.01.29 01:15:37.921,1.43086,1.43101,1.00,1.00
2015.01.29 01:15:38.096,1.43089,1.43101,1.00,1.00
2015.01.29 01:15:38.401,1.43091,1.43101,1.00,1.00
2015.01.29 01:15:38.935,1.43091,1.43102,1.00,1.00
2015.01.29 01:15:39.109,1.43091,1.43102,1.00,1.00
2015.01.29 01:15:45.627,1.43087,1.43102,1.07,1.00
2015.01.29 01:15:45.730,1.43087,1.43099,1.10,1.00
2015.01.29 01:15:46.035,1.43083,1.43092,1.00,1.00
2015.01.29 01:15:46.339,1.43083,1.43089,1.00,1.00
2015.01.29 01:15:46.709,1.43081,1.43089,1.00,1.00
2015.01.29 01:15:47.231,1.4308,1.43089,1.00,1.00
2015.01.29 01:15:47.282,1.4308,1.43087,1.00,1.00
2015.01.29 01:15:47.587,1.4308,1.43087,1.00,1.00
2015.01.29 01:15:48.137,1.43079,1.43089,1.00,1.00
2015.01.29 01:15:48.239,1.43074,1.43089,1.00,1.00
2015.01.29 01:15:48.290,1.43074,1.43083,1.00,1.00
2015.01.29 01:15:48.443,1.4307,1.43081,1.00,1.00
2015.01.29 01:15:48.799,1.43062,1.43077,1.00,1.00
2015.01.29 01:15:48.900,1.43057,1.43074,1.10,1.00
2015.01.29 01:15:49.257,1.43056,1.4307,1.00,1.00
2015.01.29 01:15:49.561,1.43056,1.43068,1.00,1.00
2015.01.29 01:15:50.074,1.43054,1.43068,1.00,1.00
2015.01.29 01:15:50.334,1.43048,1.43068,1.00,1.00
2015.01.29 01:15:50.488,1.43048,1.43064,1.00,1.00
2015.01.29 01:15:50.643,1.43045,1.43064,1.47,1.00
2015.01.29 01:15:50.745,1.43045,1.43064,1.37,1.00
2015.01.29 01:15:51.055,1.43048,1.43066,2.12,1.00
2015.01.29 01:15:51.106,1.43048,1.43068,2.12,1.00
2015.01.29 01:15:51.360,1.43049,1.4307,1.12,1.00
2015.01.29 01:15:54.584,1.43049,1.4307,1.50,1.00
2015.01.29 01:15:54.635,1.43049,1.43068,1.50,1.00
2015.01.29 01:15:55.141,1.43049,1.43067,1.00,1.00
2015.01.29 01:15:55.754,1.43049,1.43064,1.00,1.00
2015.01.29 01:15:57.941,1.43049,1.43066,1.00,1.00
2015.01.29 01:15:58.726,1.43049,1.43068,1.00,1.50
2015.01.29 01:15:59.232,1.43049,1.43067,1.00,1.00
2015.01.29 01:15:59.822,1.43049,1.4307,1.00,1.00
2015.01.29 01:16:00.126,1.43049,1.43068,1.00,1.00
2015.01.29 01:16:00.278,1.43049,1.4307,1.00,1.00
2015.01.29 01:16:01.248,1.43049,1.4307,1.00,1.37
2015.01.29 01:16:01.299,1.43049,1.4307,1.00,1.37
2015.01.29 01:16:01.552,1.43043,1.43063,1.57,1.00
2015.01.29 01:16:01.603,1.43043,1.43063,1.10,1.00
2015.01.29 01:16:02.009,1.43043,1.43061,1.00,1.00
2015.01.29 01:16:02.060,1.43038,1.43061,1.39,1.50
2015.01.29 01:16:02.161,1.43038,1.43061,1.10,1.87
2015.01.29 01:16:02.263,1.43036,1.43058,1.00,1.12
2015.01.29 01:16:02.567,1.43036,1.43055,1.00,1.00
2015.01.29 01:16:03.110,1.43036,1.43055,1.00,1.00
2015.01.29 01:16:03.622,1.43036,1.43055,1.00,1.00
2015.01.29 01:16:04.139,1.43034,1.43055,1.37,1.00
2015.01.29 01:16:05.622,1.43034,1.43058,1.56,1.87
2015.01.29 01:16:05.673,1.43034,1.43058,1.01,1.37
2015.01.29 01:16:05.876,1.43035,1.4306,1.01,1.00
2015.01.29 01:16:05.978,1.43035,1.43061,4.01,2.25
2015.01.29 01:16:06.282,1.43037,1.43061,2.95,1.00
2015.01.29 01:16:06.618,1.43043,1.43061,1.00,1.00
2015.01.29 01:16:06.720,1.43043,1.43068,3.00,1.00
2015.01.29 01:16:06.822,1.43048,1.43071,1.50,1.37
2015.01.29 01:16:06.873,1.43048,1.43075,3.33,1.50
2015.01.29 01:16:06.924,1.4305,1.43075,1.00,1.00
2015.01.29 01:16:07.078,1.4305,1.43078,3.44,1.00
2015.01.29 01:16:08.105,1.4305,1.43078,3.70,1.50
2015.01.29 01:16:08.157,1.43051,1.43075,1.01,1.00
2015.01.29 01:16:08.463,1.43049,1.43072,1.10,1.00
2015.01.29 01:16:08.616,1.43049,1.4307,1.00,1.00
2015.01.29 01:16:08.921,1.43049,1.43068,1.00,1.00
2015.01.29 01:16:12.855,1.43047,1.43068,1.17,1.00
2015.01.29 01:16:13.311,1.43047,1.43068,1.00,1.00
2015.01.29 01:16:13.833,1.43047,1.43068,1.00,1.00
2015.01.29 01:16:14.138,1.43047,1.43062,1.00,1.00
2015.01.29 01:16:15.739,1.43047,1.43062,1.00,1.00
2015.01.29 01:16:15.842,1.43047,1.43062,1.00,1.00
2015.01.29 01:16:16.362,1.43047,1.43063,1.00,1.00
2015.01.29 01:16:18.460,1.43047,1.43063,1.00,1.00
2015.01.29 01:16:19.229,1.43047,1.43063,1.00,1.00
2015.01.29 01:16:19.584,1.43047,1.43063,1.00,1.00
2015.01.29 01:16:20.039,1.43046,1.4306,1.00,1.00
2015.01.29 01:16:25.942,1.43046,1.4306,1.00,1.00
2015.01.29 01:16:26.196,1.43046,1.4306,1.00,1.00
2015.01.29 01:16:29.678,1.43046,1.4306,1.00,1.00
2015.01.29 01:16:30.061,1.43046,1.43063,1.00,1.00
2015.01.29 01:16:31.348,1.43046,1.43063,1.00,1.00
2015.01.29 01:16:31.399,1.43046,1.43063,1.00,1.50
2015.01.29 01:16:31.655,1.43035,1.43054,1.00,1.12
2015.01.29 01:16:31.706,1.43034,1.43051,1.00,1.00
2015.01.29 01:16:32.010,1.43032,1.43049,1.00,1.00
2015.01.29 01:16:32.061,1.43032,1.43052,1.00,1.12
2015.01.29 01:16:32.112,1.4303,1.43052,1.00,1.12
2015.01.29 01:16:32.163,1.4303,1.43044,1.00,1.00
2015.01.29 01:16:32.681,1.43029,1.43044,1.00,1.00
2015.01.29 01:16:33.652,1.43028,1.43044,1.00,1.00
2015.01.29 01:16:34.689,1.43028,1.43045,1.00,1.00
2015.01.29 01:16:36.140,1.43028,1.43045,1.00,1.50
2015.01.29 01:16:36.646,1.43028,1.43043,1.00,1.00
2015.01.29 01:16:39.606,1.43027,1.43043,1.00,1.00
2015.01.29 01:16:40.145,1.43027,1.43046,1.00,1.37
2015.01.29 01:16:40.814,1.43027,1.43046,1.00,1.37
2015.01.29 01:16:44.293,1.43025,1.43043,1.00,1.12
2015.01.29 01:16:45.884,1.43025,1.43045,1.87,1.00
2015.01.29 01:16:45.986,1.43026,1.43045,1.12,1.00
2015.01.29 01:16:46.037,1.43026,1.43049,1.37,1.00
2015.01.29 01:16:46.088,1.43029,1.43049,1.12,1.00
2015.01.29 01:16:46.138,1.43029,1.43051,2.62,1.25
2015.01.29 01:16:46.189,1.43029,1.43051,2.87,1.25
2015.01.29 01:16:46.494,1.43031,1.43053,1.00,1.00
2015.01.29 01:16:47.006,1.43031,1.43055,1.00,1.37
2015.01.29 01:16:47.536,1.43031,1.43054,2.65,1.12
2015.01.29 01:16:48.825,1.43032,1.43054,1.00,1.12
2015.01.29 01:16:50.948,1.43032,1.43048,1.00,1.00
2015.01.29 01:16:51.050,1.43032,1.43053,1.00,1.37
2015.01.29 01:16:51.152,1.43032,1.43053,1.00,1.00
2015.01.29 01:16:54.683,1.43035,1.43054,1.00,1.00
2015.01.29 01:16:56.890,1.43037,1.43056,1.20,1.00
2015.01.29 01:16:56.992,1.43038,1.43056,1.20,1.00
2015.01.29 01:16:57.297,1.43039,1.43057,2.65,1.00
2015.01.29 01:16:57.551,1.43041,1.43059,1.95,1.00
2015.01.29 01:16:57.654,1.43042,1.43059,1.57,1.00
2015.01.29 01:16:57.807,1.43043,1.43061,1.65,1.00
2015.01.29 01:16:57.858,1.43043,1.43061,2.65,1.00
2015.01.29 01:17:01.793,1.43043,1.43061,2.20,1.00
2015.01.29 01:17:01.895,1.43043,1.43061,2.22,1.00
2015.01.29 01:17:01.946,1.43043,1.43059,1.17,1.00
2015.01.29 01:17:02.148,1.43039,1.43058,1.01,1.00
2015.01.29 01:17:02.199,1.43039,1.43055,1.01,1.00
2015.01.29 01:17:02.402,1.43033,1.43051,1.00,1.00
2015.01.29 01:17:02.504,1.43028,1.43048,1.39,1.00
2015.01.29 01:17:02.808,1.43032,1.43049,1.00,1.00
2015.01.29 01:17:04.547,1.43033,1.43049,1.00,1.00
2015.01.29 01:17:04.699,1.43031,1.43049,1.50,1.00
2015.01.29 01:17:05.504,1.43031,1.43046,1.00,1.00
2015.01.29 01:17:05.707,1.43025,1.43044,1.25,1.00
2015.01.29 01:17:05.809,1.43025,1.4304,1.25,1.00
2015.01.29 01:17:06.114,1.43025,1.43034,1.25,1.00
2015.01.29 01:17:06.317,1.43019,1.43034,1.00,1.37
2015.01.29 01:17:06.368,1.43019,1.43035,1.00,1.00
2015.01.29 01:17:06.419,1.43016,1.43035,1.00,1.00
2015.01.29 01:17:07.229,1.43016,1.43038,1.87,1.37
2015.01.29 01:17:07.280,1.43016,1.43038,1.87,1.00
2015.01.29 01:17:07.331,1.43019,1.43045,2.12,1.57
2015.01.29 01:17:07.584,1.43022,1.43045,1.12,1.37
2015.01.29 01:17:07.989,1.43021,1.43044,1.00,1.37
2015.01.29 01:17:08.244,1.43021,1.43044,1.37,1.12
2015.01.29 01:17:08.776,1.43021,1.43046,1.00,1.37
2015.01.29 01:17:09.378,1.43021,1.43046,1.00,1.12
2015.01.29 01:17:09.481,1.43021,1.43046,1.00,1.37
2015.01.29 01:17:09.924,1.43022,1.43046,1.12,1.00
2015.01.29 01:17:09.975,1.43023,1.43046,1.00,1.00
2015.01.29 01:17:10.078,1.43024,1.43049,1.12,1.17
2015.01.29 01:17:10.331,1.43024,1.43049,1.00,1.37
2015.01.29 01:17:10.635,1.43017,1.43035,1.00,1.00
2015.01.29 01:17:10.888,1.43014,1.43035,1.00,1.50
2015.01.29 01:17:11.395,1.43013,1.43034,1.00,1.00
2015.01.29 01:17:11.446,1.43013,1.43034,1.87,1.00
2015.01.29 01:17:11.649,1.43015,1.4304,1.87,1.37
2015.01.29 01:17:11.903,1.43015,1.43038,1.00,1.37
2015.01.29 01:17:12.311,1.43015,1.43041,1.00,1.47
2015.01.29 01:17:12.614,1.43017,1.43041,2.87,1.37
2015.01.29 01:17:13.732,1.43017,1.43039,2.87,1.37
2015.01.29 01:17:17.103,1.43017,1.43039,2.50,1.37
2015.01.29 01:17:19.294,1.43017,1.43039,1.50,1.47
2015.01.29 01:17:19.345,1.43017,1.43039,1.50,1.47
2015.01.29 01:17:19.498,1.43015,1.43038,1.00,1.37
2015.01.29 01:17:19.954,1.43015,1.43038,1.37,1.37
2015.01.29 01:17:20.157,1.43015,1.43038,1.12,1.00
2015.01.29 01:17:21.782,1.43015,1.43038,1.37,1.00
2015.01.29 01:17:21.884,1.43015,1.43038,1.00,1.00
2015.01.29 01:17:22.090,1.43013,1.43036,1.00,1.07
2015.01.29 01:17:28.985,1.43009,1.43032,2.62,1.00
2015.01.29 01:17:29.087,1.43009,1.43034,2.12,1.00
2015.01.29 01:17:30.693,1.43009,1.4303,1.00,1.00
2015.01.29 01:17:30.744,1.43006,1.43027,1.57,1.12
2015.01.29 01:17:31.251,1.43006,1.43026,1.00,1.00
2015.01.29 01:17:31.382,1.43006,1.43026,1.00,1.00
2015.01.29 01:17:34.135,1.43005,1.43026,1.00,1.00
2015.01.29 01:17:35.258,1.43005,1.43024,1.00,1.00
2015.01.29 01:17:35.588,1.43,1.43019,1.00,1.00
2015.01.29 01:17:35.894,1.43,1.43014,1.00,1.00
2015.01.29 01:17:35.945,1.43,1.43017,1.00,1.00
2015.01.29 01:17:36.476,1.43,1.43018,1.00,1.00
2015.01.29 01:17:37.229,1.43,1.43018,1.00,1.00
2015.01.29 01:17:38.892,1.43,1.43016,1.00,1.37
2015.01.29 01:17:38.943,1.43,1.43016,1.00,1.00
2015.01.29 01:17:40.076,1.43,1.4302,1.00,1.57
2015.01.29 01:17:43.080,1.42997,1.4302,1.00,1.10
2015.01.29 01:17:46.161,1.42997,1.43021,1.00,1.17
2015.01.29 01:17:46.573,1.42999,1.43022,1.87,1.00
2015.01.29 01:17:46.938,1.43001,1.43024,1.87,1.00
2015.01.29 01:17:47.040,1.43001,1.43026,2.95,1.00
2015.01.29 01:17:47.344,1.43004,1.43028,1.12,1.00
2015.01.29 01:17:47.856,1.43004,1.43028,1.00,2.62
2015.01.29 01:17:47.907,1.43004,1.43025,1.00,1.37
2015.01.29 01:17:47.958,1.43004,1.43025,1.00,1.37
2015.01.29 01:17:48.009,1.43002,1.43023,1.00,1.37
2015.01.29 01:17:48.213,1.43002,1.43023,1.00,1.00
2015.01.29 01:17:48.264,1.43002,1.43028,2.57,1.25
2015.01.29 01:17:48.467,1.43007,1.43033,1.00,1.76
2015.01.29 01:17:48.721,1.4301,1.43035,1.50,2.14
2015.01.29 01:17:48.772,1.4301,1.43031,1.50,1.25
2015.01.29 01:17:48.975,1.4301,1.43031,1.00,1.25
2015.01.29 01:17:49.128,1.4301,1.43035,1.50,1.00
2015.01.29 01:17:49.229,1.4301,1.43031,1.00,1.00
2015.01.29 01:17:49.280,1.4301,1.43031,1.00,1.00
2015.01.29 01:17:49.585,1.43009,1.43029,1.00,1.00
2015.01.29 01:17:50.243,1.43009,1.43032,1.00,1.07
2015.01.29 01:17:50.547,1.43011,1.43034,2.50,1.00
2015.01.29 01:17:50.648,1.43011,1.43033,1.00,1.12
2015.01.29 01:17:50.801,1.43011,1.43033,1.50,1.00
2015.01.29 01:17:50.852,1.43011,1.43033,1.00,1.37
2015.01.29 01:17:51.156,1.43011,1.43033,1.00,1.20
2015.01.29 01:17:53.079,1.43011,1.43034,1.00,1.00
2015.01.29 01:17:54.679,1.43011,1.43034,1.00,1.00
2015.01.29 01:17:54.833,1.43015,1.43036,1.50,1.00
2015.01.29 01:17:54.934,1.43015,1.43039,2.50,1.10
2015.01.29 01:18:01.782,1.43015,1.43036,1.00,1.00
2015.01.29 01:18:03.614,1.43016,1.43036,1.57,1.00
2015.01.29 01:18:05.592,1.43017,1.43036,1.50,1.00
2015.01.29 01:18:10.333,1.43017,1.43036,2.65,1.00
2015.01.29 01:18:10.688,1.43017,1.43036,2.65,1.00
2015.01.29 01:18:12.084,1.43017,1.43036,1.50,1.00
2015.01.29 01:18:30.109,1.43017,1.43036,2.65,1.00
2015.01.29 01:18:30.820,1.43017,1.43036,1.00,1.00
2015.01.29 01:18:35.061,1.43017,1.43036,1.00,1.00
2015.01.29 01:18:35.365,1.43017,1.43036,1.00,1.00
2015.01.29 01:18:37.127,1.43017,1.43036,1.00,1.00
2015.01.29 01:18:42.433,1.43017,1.43036,1.00,1.00
2015.01.29 01:18:44.905,1.43017,1.43036,1.00,1.37
2015.01.29 01:18:45.007,1.43011,1.43029,1.00,1.00
2015.01.29 01:18:45.311,1.43008,1.43028,1.00,1.00
2015.01.29 01:18:45.362,1.43008,1.43028,1.00,1.37
2015.01.29 01:18:45.464,1.43003,1.43023,1.00,1.00
2015.01.29 01:18:45.667,1.43001,1.43022,1.00,1.00
2015.01.29 01:18:51.860,1.43001,1.43022,1.00,1.37
2015.01.29 01:18:51.911,1.42994,1.43012,2.62,1.00
2015.01.29 01:18:51.962,1.42994,1.43012,1.50,1.00
2015.01.29 01:18:52.194,1.42994,1.43012,1.00,1.00
2015.01.29 01:18:52.449,1.42994,1.43015,1.00,1.37
2015.01.29 01:18:52.550,1.42991,1.43012,1.07,1.00
2015.01.29 01:18:52.915,1.4299,1.4301,1.00,1.00
2015.01.29 01:18:53.896,1.4299,1.43011,1.12,1.00
2015.01.29 01:18:54.200,1.42995,1.43012,1.12,1.00
2015.01.29 01:18:54.251,1.42995,1.43017,2.62,1.00
2015.01.29 01:18:54.404,1.42999,1.43017,1.57,1.00
2015.01.29 01:18:54.455,1.42999,1.43021,1.50,1.00
2015.01.29 01:18:56.266,1.42999,1.43021,1.87,1.00
2015.01.29 01:18:56.368,1.42999,1.43021,1.12,1.00
2015.01.29 01:18:56.419,1.43,1.43025,1.00,1.37
2015.01.29 01:18:56.571,1.43,1.43023,1.00,1.12
2015.01.29 01:18:56.773,1.43,1.43021,1.00,1.00
2015.01.29 01:18:59.373,1.43,1.43021,1.00,1.37
2015.01.29 01:18:59.627,1.42996,1.43017,1.00,1.00
2015.01.29 01:18:59.932,1.42996,1.43017,1.00,1.37
2015.01.29 01:19:00.454,1.42995,1.43014,1.00,1.00
2015.01.29 01:19:00.758,1.42992,1.43011,1.10,1.00
2015.01.29 01:19:01.062,1.42991,1.43009,1.00,1.00
2015.01.29 01:19:01.264,1.42989,1.43008,1.10,1.00
2015.01.29 01:19:01.366,1.42987,1.43007,1.10,1.00
2015.01.29 01:19:01.822,1.42987,1.4301,1.00,1.10
2015.01.29 01:19:03.112,1.42987,1.4301,2.12,1.00
2015.01.29 01:19:06.423,1.42987,1.4301,1.95,1.00
2015.01.29 01:19:06.975,1.42987,1.4301,2.20,1.00
2015.01.29 01:19:07.089,1.42987,1.4301,1.95,1.00
2015.01.29 01:19:09.583,1.42987,1.4301,2.77,1.00
2015.01.29 01:19:09.634,1.42987,1.4301,3.02,1.00
2015.01.29 01:19:09.837,1.42987,1.4301,2.32,1.00
2015.01.29 01:19:09.989,1.42987,1.4301,1.00,1.00
2015.01.29 01:19:10.193,1.42991,1.43016,1.87,1.12
2015.01.29 01:19:10.244,1.42991,1.43012,2.12,1.00
2015.01.29 01:19:10.345,1.42989,1.43009,1.57,1.00
2015.01.29 01:19:10.396,1.42989,1.43005,1.10,1.00
2015.01.29 01:19:10.599,1.42987,1.43005,1.00,1.00
2015.01.29 01:19:10.751,1.42985,1.43005,1.50,1.00
2015.01.29 01:19:10.852,1.42985,1.43005,1.95,1.00
2015.01.29 01:19:10.978,1.42985,1.43008,1.95,1.00
2015.01.29 01:19:11.080,1.42985,1.43008,1.50,1.00
2015.01.29 01:19:11.131,1.42985,1.43008,1.00,1.00
2015.01.29 01:19:11.283,1.42987,1.43014,1.50,1.15
2015.01.29 01:19:11.637,1.4299,1.43016,1.20,1.00
2015.01.29 01:19:11.739,1.4299,1.43017,2.57,1.00
2015.01.29 01:19:16.209,1.42993,1.43016,1.12,1.00
2015.01.29 01:19:16.545,1.42993,1.43014,2.12,1.00
2015.01.29 01:19:24.033,1.42994,1.43017,1.12,1.12
2015.01.29 01:19:27.325,1.42994,1.43015,2.12,1.10
2015.01.29 01:19:28.462,1.42994,1.43014,1.87,1.00
2015.01.29 01:19:29.437,1.42995,1.43015,1.87,1.10
2015.01.29 01:19:39.537,1.42995,1.43014,1.00,1.00
2015.01.29 01:19:47.642,1.42994,1.43014,1.00,1.00
2015.01.29 01:19:47.693,1.42992,1.43012,1.50,1.00
2015.01.29 01:19:47.997,1.42988,1.43008,1.00,1.00
2015.01.29 01:19:48.511,1.42988,1.43008,2.12,1.00
2015.01.29 01:19:48.816,1.42991,1.43009,1.12,1.00
2015.01.29 01:19:50.651,1.42992,1.43011,1.12,1.00
2015.01.29 01:19:55.582,1.42994,1.43011,1.12,1.00
2015.01.29 01:19:58.814,1.42994,1.43012,2.87,1.00
2015.01.29 01:19:59.289,1.42994,1.43012,2.62,1.00
2015.01.29 01:20:02.841,1.42994,1.43012,1.87,1.00
2015.01.29 01:20:02.943,1.42994,1.43012,1.00,1.00
2015.01.29 01:20:07.191,1.42992,1.43011,1.00,1.00
2015.01.29 01:20:15.992,1.42989,1.4301,1.50,1.00
2015.01.29 01:20:16.094,1.42987,1.43008,1.37,1.00
2015.01.29 01:20:16.601,1.42987,1.43008,1.12,1.00
2015.01.29 01:20:17.395,1.42986,1.43006,1.50,1.00
2015.01.29 01:20:17.703,1.42985,1.43003,1.50,1.00
2015.01.29 01:20:17.957,1.42982,1.43003,1.50,1.00
2015.01.29 01:20:18.109,1.42982,1.43002,1.00,1.37
2015.01.29 01:20:18.160,1.4298,1.43001,1.00,1.12
2015.01.29 01:20:18.262,1.42977,1.42997,1.00,1.00
2015.01.29 01:20:18.774,1.42976,1.42996,1.00,1.00
2015.01.29 01:20:19.663,1.42975,1.42996,1.50,1.00
2015.01.29 01:20:19.967,1.42974,1.42994,1.00,1.00
2015.01.29 01:20:21.327,1.42974,1.42994,1.00,1.37
2015.01.29 01:20:21.531,1.42972,1.4299,1.00,1.00
2015.01.29 01:20:21.582,1.42972,1.42987,1.00,1.00
2015.01.29 01:20:21.633,1.42967,1.42987,1.00,1.00
2015.01.29 01:20:21.785,1.42965,1.42985,1.50,1.00
2015.01.29 01:20:22.418,1.42965,1.42985,1.37,1.00
2015.01.29 01:20:23.513,1.42965,1.42985,1.00,1.00
2015.01.29 01:20:23.817,1.42965,1.42988,2.50,1.00
2015.01.29 01:20:24.985,1.42965,1.42988,3.24,1.00
2015.01.29 01:20:25.296,1.42965,1.42991,3.24,1.00
2015.01.29 01:20:27.825,1.42969,1.42993,1.12,1.00
2015.01.29 01:20:28.634,1.42969,1.42993,1.37,1.00
2015.01.29 01:20:28.939,1.42969,1.42995,3.47,1.00
2015.01.29 01:20:33.216,1.42972,1.42997,1.12,1.00
2015.01.29 01:20:36.603,1.42972,1.42997,1.37,1.37
2015.01.29 01:20:37.259,1.42972,1.42995,2.12,1.37
2015.01.29 01:20:40.895,1.42972,1.42995,2.12,1.37
2015.01.29 01:20:42.694,1.42972,1.42993,1.37,1.37
2015.01.29 01:20:43.212,1.42972,1.42993,1.00,1.37
2015.01.29 01:20:44.445,1.42972,1.42991,1.00,1.37
2015.01.29 01:20:44.957,1.42972,1.42991,1.37,1.37
2015.01.29 01:20:45.262,1.42974,1.42993,1.35,1.37
2015.01.29 01:20:45.576,1.42974,1.42993,2.72,1.37
2015.01.29 01:20:46.088,1.42974,1.42995,2.72,1.87
2015.01.29 01:20:49.080,1.42974,1.42995,2.72,1.37
2015.01.29 01:20:49.131,1.42974,1.42995,2.85,1.37
2015.01.29 01:20:49.435,1.42982,1.43001,2.25,1.00
2015.01.29 01:20:49.537,1.42985,1.43005,1.87,1.00
2015.01.29 01:20:49.717,1.42987,1.43008,2.40,1.00
2015.01.29 01:20:50.274,1.42988,1.4301,1.50,1.12
2015.01.29 01:20:50.376,1.42988,1.4301,2.87,1.37
2015.01.29 01:20:50.679,1.42988,1.43011,2.87,1.37
2015.01.29 01:20:50.983,1.42988,1.43009,1.00,1.37
2015.01.29 01:20:51.085,1.42988,1.43008,1.00,1.37
2015.01.29 01:20:51.136,1.42988,1.43008,1.00,1.37
2015.01.29 01:20:51.288,1.42988,1.43007,1.00,1.37
2015.01.29 01:20:54.335,1.42988,1.43005,1.00,1.37
2015.01.29 01:20:55.020,1.42986,1.43004,1.00,1.37
2015.01.29 01:20:55.121,1.42986,1.43004,1.00,1.37
2015.01.29 01:20:55.223,1.42981,1.43001,1.00,2.25
2015.01.29 01:20:55.375,1.42979,1.42999,1.00,2.25
2015.01.29 01:20:55.881,1.42978,1.42996,1.00,1.00
2015.01.29 01:20:56.033,1.42976,1.42994,1.00,1.00
2015.01.29 01:20:56.567,1.42975,1.42993,1.00,1.00
2015.01.29 01:20:58.060,1.42975,1.42993,1.00,1.37
2015.01.29 01:20:58.870,1.42972,1.42992,1.00,1.50
2015.01.29 01:20:59.436,1.42972,1.42992,1.00,1.12
2015.01.29 01:21:01.578,1.42972,1.42992,1.00,1.87
2015.01.29 01:21:02.085,1.42971,1.42989,1.00,1.62
2015.01.29 01:21:02.605,1.42971,1.42989,1.00,1.31
2015.01.29 01:21:05.663,1.42971,1.42989,1.00,1.62
2015.01.29 01:21:05.967,1.42969,1.42984,1.00,1.85
2015.01.29 01:21:06.019,1.42966,1.42984,1.00,1.92
2015.01.29 01:21:06.120,1.42959,1.42979,1.00,1.00
2015.01.29 01:21:06.627,1.42959,1.42979,1.00,1.37
2015.01.29 01:21:07.162,1.42959,1.42979,1.00,1.12
2015.01.29 01:21:07.417,1.42958,1.42978,1.00,1.57
2015.01.29 01:21:07.469,1.42956,1.42974,1.00,1.00
2015.01.29 01:21:07.570,1.42953,1.42971,1.00,1.00
2015.01.29 01:21:07.723,1.42951,1.4297,1.12,1.00
2015.01.29 01:21:07.774,1.42952,1.42975,1.00,1.10
2015.01.29 01:21:07.976,1.42955,1.42979,1.50,1.25
2015.01.29 01:21:08.330,1.42955,1.42971,1.50,1.00
2015.01.29 01:21:08.432,1.42953,1.42974,1.27,1.50
2015.01.29 01:21:08.584,1.42953,1.42972,1.12,1.00
2015.01.29 01:21:08.786,1.42952,1.42974,1.00,1.50
2015.01.29 01:21:08.888,1.42952,1.42972,1.37,1.50
2015.01.29 01:21:08.990,1.42952,1.42974,1.12,1.00
2015.01.29 01:21:09.192,1.42953,1.42976,1.12,1.00
2015.01.29 01:21:09.698,1.42953,1.42978,2.87,1.19
2015.01.29 01:21:10.211,1.42953,1.42978,2.87,1.00
2015.01.29 01:21:10.717,1.42953,1.42974,2.87,1.37
2015.01.29 01:21:10.869,1.42953,1.42972,1.00,1.00
2015.01.29 01:21:10.970,1.42946,1.42965,1.10,1.00
2015.01.29 01:21:11.122,1.42944,1.42964,1.00,1.00
2015.01.29 01:21:11.174,1.42944,1.42961,1.00,1.00
2015.01.29 01:21:11.326,1.42941,1.4296,1.00,1.00
2015.01.29 01:21:11.377,1.42939,1.4296,1.57,1.00
2015.01.29 01:21:11.479,1.42939,1.42961,3.25,1.00
2015.01.29 01:21:11.782,1.42942,1.42963,2.51,1.00
2015.01.29 01:21:12.307,1.42942,1.42964,3.33,1.00
2015.01.29 01:21:12.620,1.42942,1.42964,3.71,1.00
2015.01.29 01:21:12.722,1.42942,1.42964,2.96,1.00
2015.01.29 01:21:12.924,1.42942,1.42964,2.96,1.00
2015.01.29 01:21:12.976,1.42942,1.42966,2.96,1.00
2015.01.29 01:21:13.486,1.42943,1.42967,2.70,1.00
2015.01.29 01:21:13.537,1.42943,1.42967,3.70,1.00
2015.01.29 01:21:14.720,1.42947,1.42969,3.02,1.00
2015.01.29 01:21:14.822,1.4295,1.42973,2.25,1.37
2015.01.29 01:21:14.873,1.4295,1.42974,3.32,1.37
2015.01.29 01:21:14.924,1.4295,1.42974,1.17,1.87
2015.01.29 01:21:15.077,1.42949,1.42969,1.00,1.37
2015.01.29 01:21:15.128,1.42949,1.42969,1.00,1.00
2015.01.29 01:21:15.230,1.42949,1.42969,2.50,1.00
2015.01.29 01:21:15.281,1.42953,1.42977,1.50,1.47
2015.01.29 01:21:15.332,1.42953,1.42977,2.50,1.47
2015.01.29 01:21:15.990,1.42953,1.42977,1.00,1.37
2015.01.29 01:21:16.345,1.42953,1.4298,1.00,1.87
2015.01.29 01:21:16.801,1.42953,1.42976,1.50,1.37
2015.01.29 01:21:18.132,1.42953,1.42977,1.37,1.37
2015.01.29 01:21:19.329,1.42954,1.42977,1.12,1.37
2015.01.29 01:21:19.656,1.42955,1.42977,1.00,1.37
2015.01.29 01:21:20.087,1.42959,1.42978,1.12,1.00
2015.01.29 01:21:20.138,1.4296,1.42982,1.12,1.00
2015.01.29 01:21:20.340,1.4296,1.42984,1.57,1.00
2015.01.29 01:21:21.556,1.4296,1.42985,1.57,1.25
2015.01.29 01:21:21.759,1.4296,1.42983,1.00,1.00
2015.01.29 01:21:22.071,1.4296,1.42981,1.00,1.00
2015.01.29 01:21:26.751,1.4296,1.42981,1.00,1.00
2015.01.29 01:21:29.626,1.4296,1.42983,2.12,1.25
2015.01.29 01:21:30.132,1.4296,1.42984,1.50,1.25
2015.01.29 01:21:32.748,1.42961,1.42984,1.00,1.00
2015.01.29 01:21:41.181,1.42961,1.42984,2.12,1.00
2015.01.29 01:21:41.688,1.42961,1.42983,1.00,1.00
2015.01.29 01:21:42.467,1.42961,1.42982,1.00,1.00
2015.01.29 01:21:43.577,1.42962,1.42983,1.12,1.00
2015.01.29 01:21:43.882,1.42961,1.42979,1.00,1.00
2015.01.29 01:21:46.480,1.42961,1.42979,1.00,1.00
2015.01.29 01:21:46.632,1.42961,1.42981,1.00,1.00
2015.01.29 01:21:47.264,1.42961,1.42981,1.00,1.00
2015.01.29 01:21:47.776,1.42961,1.4298,1.00,1.00
2015.01.29 01:21:50.236,1.42959,1.42977,1.00,1.00
2015.01.29 01:21:50.895,1.42959,1.42977,1.00,1.00
2015.01.29 01:21:51.446,1.42959,1.42978,1.50,1.00
2015.01.29 01:21:51.952,1.42959,1.42977,1.00,1.00
2015.01.29 01:21:57.960,1.42957,1.42975,1.00,1.00
2015.01.29 01:22:03.213,1.42957,1.42975,2.12,1.00
2015.01.29 01:22:03.315,1.42957,1.4298,1.12,1.00
2015.01.29 01:22:03.417,1.4296,1.4298,2.87,1.00
2015.01.29 01:22:03.924,1.42961,1.42981,1.87,1.00
2015.01.29 01:22:09.919,1.42961,1.42981,2.50,1.00
2015.01.29 01:22:10.223,1.42961,1.42977,1.00,1.00
2015.01.29 01:22:10.628,1.42961,1.42977,1.00,1.00
2015.01.29 01:22:11.034,1.42954,1.42972,1.00,1.00
2015.01.29 01:22:11.237,1.42951,1.42971,1.50,1.00
2015.01.29 01:22:11.541,1.42951,1.42971,2.50,1.00
2015.01.29 01:22:11.643,1.42951,1.42972,1.00,1.00
2015.01.29 01:22:12.148,1.42951,1.42971,1.50,1.00
2015.01.29 01:22:12.556,1.42951,1.42971,1.00,1.00
2015.01.29 01:22:13.876,1.42951,1.42973,3.25,1.00
2015.01.29 01:22:16.817,1.42956,1.42974,1.00,1.00
2015.01.29 01:22:17.530,1.42956,1.42976,3.25,1.00
2015.01.29 01:22:20.070,1.42956,1.42976,2.25,1.00
2015.01.29 01:22:24.750,1.42956,1.42976,2.62,1.00
2015.01.29 01:22:24.852,1.42957,1.42976,1.12,1.00
2015.01.29 01:22:24.902,1.42957,1.42978,2.12,1.00
2015.01.29 01:22:25.888,1.42961,1.42979,1.12,1.10
2015.01.29 01:22:26.192,1.42961,1.42981,2.50,1.00
2015.01.29 01:22:26.700,1.42961,1.42982,2.50,1.00
2015.01.29 01:22:27.671,1.42966,1.42982,1.12,1.00
2015.01.29 01:22:27.772,1.42966,1.42986,2.12,1.00
2015.01.29 01:22:27.874,1.42968,1.42986,1.50,1.00
2015.01.29 01:22:27.975,1.42968,1.42988,1.50,1.00
2015.01.29 01:22:28.289,1.42971,1.42989,2.50,1.00
2015.01.29 01:22:28.342,1.42974,1.42994,1.50,1.00
2015.01.29 01:22:28.494,1.42974,1.42994,2.50,1.00
2015.01.29 01:22:28.800,1.42977,1.42995,2.12,1.00
2015.01.29 01:22:29.003,1.42978,1.43001,1.57,1.00
2015.01.29 01:22:29.055,1.42981,1.43001,1.00,1.00
2015.01.29 01:22:29.310,1.42988,1.43005,1.50,1.00
2015.01.29 01:22:29.360,1.42989,1.43005,1.57,1.00
2015.01.29 01:22:29.411,1.42989,1.43019,2.65,1.10
2015.01.29 01:22:29.462,1.42992,1.43019,2.50,1.10
2015.01.29 01:22:29.879,1.42994,1.43023,1.00,1.76
2015.01.29 01:22:29.981,1.42994,1.43023,1.00,1.32
2015.01.29 01:22:30.084,1.42994,1.43023,1.00,1.69
2015.01.29 01:22:30.186,1.42994,1.43016,2.50,1.00
2015.01.29 01:22:32.089,1.42994,1.43016,2.87,1.00
2015.01.29 01:22:32.292,1.4299,1.4301,1.00,1.50
2015.01.29 01:22:32.394,1.42988,1.43008,1.00,1.00
2015.01.29 01:22:33.004,1.42988,1.43008,1.00,1.00
2015.01.29 01:22:33.721,1.42988,1.43009,2.50,1.00
2015.01.29 01:22:34.129,1.42988,1.43011,2.50,1.00
2015.01.29 01:22:34.639,1.42988,1.43011,3.24,1.00
2015.01.29 01:22:34.690,1.42993,1.43016,1.12,1.57
2015.01.29 01:22:35.578,1.42993,1.43013,1.00,1.00
2015.01.29 01:22:35.781,1.42988,1.43008,1.00,1.00
2015.01.29 01:22:35.882,1.42986,1.43008,1.00,1.00
2015.01.29 01:22:35.933,1.42986,1.43006,1.00,1.00
2015.01.29 01:22:42.905,1.42986,1.43006,1.00,1.00
2015.01.29 01:22:43.057,1.42986,1.43011,2.20,1.00
2015.01.29 01:22:43.159,1.42986,1.43011,2.95,1.37
2015.01.29 01:22:43.209,1.42986,1.43011,2.22,2.62
2015.01.29 01:22:43.412,1.42984,1.43004,1.00,1.00
2015.01.29 01:22:43.716,1.42984,1.43004,1.00,1.00
2015.01.29 01:22:43.818,1.42984,1.43006,1.00,1.00
2015.01.29 01:22:49.531,1.42984,1.43006,1.00,1.00
2015.01.29 01:22:50.989,1.42984,1.43005,1.00,1.00
2015.01.29 01:22:52.608,1.42984,1.43004,1.50,1.00
2015.01.29 01:22:57.240,1.42984,1.43002,1.00,1.00
2015.01.29 01:22:57.544,1.42976,1.42998,1.00,1.50
2015.01.29 01:22:57.696,1.42974,1.42994,1.00,1.65
2015.01.29 01:22:57.798,1.4297,1.42993,1.00,1.20
2015.01.29 01:22:57.849,1.4297,1.42988,1.00,1.00
