2013.05.03 05:00:00.136,1.27316,1.27335,2.63,1.88
2013.05.03 05:00:00.256,1.27314,1.27335,1.50,1.88
2013.05.03 05:00:00.377,1.27314,1.27336,1.50,1.58
2013.05.03 05:00:00.506,1.27314,1.27336,1.50,1.58
2013.05.03 05:00:00.927,1.27312,1.27334,1.32,1.58
2013.05.03 05:00:01.190,1.27312,1.27335,2.07,2.10
2013.05.03 05:00:01.576,1.27311,1.27335,2.25,1.35
2013.05.03 05:00:01.698,1.27311,1.27334,2.25,1.50
2013.05.03 05:00:01.826,1.27312,1.27332,1.50,1.35
2013.05.03 05:00:02.188,1.27319,1.27336,1.13,1.73
2013.05.03 05:00:02.316,1.27319,1.27341,1.73,2.85
2013.05.03 05:00:02.796,1.27316,1.27339,5.10,1.58
2013.05.03 05:00:02.867,1.27316,1.27339,2.10,1.58
2013.05.03 05:00:03.415,1.27315,1.2734,1.13,3.53
2013.05.03 05:00:03.716,1.27317,1.2734,1.50,2.78
2013.05.03 05:00:04.086,1.27317,1.2734,2.10,1.50
2013.05.03 05:00:04.146,1.27317,1.27342,2.48,1.58
2013.05.03 05:00:04.336,1.2732,1.27343,1.35,1.13
2013.05.03 05:00:04.780,1.27322,1.27343,3.00,1.13
2013.05.03 05:00:04.862,1.27325,1.2735,2.70,1.92
2013.05.03 05:00:04.997,1.27329,1.2735,1.35,1.13
2013.05.03 05:00:05.186,1.27331,1.27351,1.32,1.35
2013.05.03 05:00:05.665,1.27329,1.27353,2.10,1.50
2013.05.03 05:00:06.126,1.27329,1.27353,1.35,1.50
2013.05.03 05:00:06.706,1.27329,1.27353,2.10,1.50
2013.05.03 05:00:07.370,1.27329,1.27353,1.35,1.50
2013.05.03 05:00:08.068,1.2733,1.27353,1.50,2.25
2013.05.03 05:00:08.375,1.2733,1.2735,1.50,1.35
2013.05.03 05:00:09.076,1.2733,1.2735,1.50,1.35
2013.05.03 05:00:12.867,1.2733,1.27349,1.13,1.50
2013.05.03 05:00:13.176,1.27333,1.27353,2.10,1.13
2013.05.03 05:00:13.296,1.27334,1.27355,1.50,1.35
2013.05.03 05:00:13.415,1.27334,1.27356,1.35,1.13
2013.05.03 05:00:13.595,1.2733,1.27354,1.73,1.35
2013.05.03 05:00:14.131,1.2733,1.27352,1.88,1.35
2013.05.03 05:00:17.049,1.2733,1.27351,1.13,1.35
2013.05.03 05:00:17.572,1.27329,1.27348,1.73,1.84
2013.05.03 05:00:17.644,1.2733,1.27348,1.13,1.35
2013.05.03 05:00:17.836,1.27331,1.27351,1.65,1.35
2013.05.03 05:00:18.367,1.27334,1.27354,1.50,2.33
2013.05.03 05:00:18.436,1.27331,1.27353,1.84,1.58
2013.05.03 05:00:18.556,1.27331,1.27354,1.84,2.85
2013.05.03 05:00:18.626,1.27331,1.27353,2.59,1.58
2013.05.03 05:00:19.165,1.2733,1.27352,1.50,1.58
2013.05.03 05:00:19.288,1.27329,1.2735,1.50,1.35
2013.05.03 05:00:19.357,1.27327,1.2735,1.13,1.35
2013.05.03 05:00:19.427,1.27327,1.27349,1.13,1.58
2013.05.03 05:00:19.979,1.27326,1.27348,2.25,1.13
2013.05.03 05:00:20.486,1.27327,1.27348,2.40,1.13
2013.05.03 05:00:21.656,1.27331,1.27348,1.13,1.13
2013.05.03 05:00:21.717,1.27331,1.2735,1.13,1.35
2013.05.03 05:00:22.262,1.27333,1.27351,1.65,1.35
2013.05.03 05:00:22.922,1.27333,1.27351,1.65,1.35
2013.05.03 05:00:22.985,1.27333,1.27351,1.65,2.10
2013.05.03 05:00:25.347,1.27333,1.27351,1.65,1.50
2013.05.03 05:00:25.476,1.27332,1.27345,1.50,1.65
2013.05.03 05:00:26.028,1.27332,1.27352,2.10,1.50
2013.05.03 05:00:26.155,1.27332,1.27352,2.10,1.50
2013.05.03 05:00:26.276,1.27329,1.27353,1.50,1.35
2013.05.03 05:00:37.976,1.27328,1.27349,1.65,1.35
2013.05.03 05:00:38.166,1.27328,1.27349,1.65,1.35
2013.05.03 05:00:39.095,1.27328,1.27351,2.48,1.50
2013.05.03 05:00:40.887,1.27328,1.27348,1.58,1.50
2013.05.03 05:00:41.017,1.27327,1.27346,2.48,1.47
2013.05.03 05:00:41.385,1.27331,1.2735,1.35,1.88
2013.05.03 05:00:41.446,1.27332,1.27351,2.10,1.28
2013.05.03 05:00:41.806,1.27333,1.27356,2.33,1.73
2013.05.03 05:00:42.181,1.27333,1.27356,3.08,2.48
2013.05.03 05:00:42.247,1.27333,1.27353,2.33,1.13
2013.05.03 05:00:42.316,1.27333,1.27353,1.50,1.13
2013.05.03 05:00:43.397,1.27331,1.27353,2.10,1.92
2013.05.03 05:00:43.826,1.27328,1.27351,1.13,2.63
2013.05.03 05:00:53.545,1.27326,1.2735,1.35,1.50
2013.05.03 05:00:54.557,1.27326,1.2735,2.10,1.50
2013.05.03 05:00:58.636,1.27329,1.27352,1.35,1.35
2013.05.03 05:00:58.827,1.27329,1.27352,2.10,1.35
2013.05.03 05:00:59.452,1.27329,1.27351,2.10,1.35
2013.05.03 05:01:03.185,1.27329,1.27351,2.48,1.35
2013.05.03 05:01:03.249,1.27329,1.27351,2.48,1.35
2013.05.03 05:01:03.787,1.27329,1.2735,1.88,1.35
2013.05.03 05:01:04.338,1.27329,1.27351,2.10,1.35
2013.05.03 05:01:04.406,1.27329,1.27354,2.10,3.23
2013.05.03 05:01:10.254,1.27329,1.27352,1.50,1.58
2013.05.03 05:01:12.256,1.27329,1.27352,1.50,3.38
2013.05.03 05:01:31.845,1.27329,1.27352,1.50,1.73
2013.05.03 05:01:33.425,1.27329,1.27353,2.10,1.73
2013.05.03 05:01:36.366,1.27328,1.27353,1.35,1.73
2013.05.03 05:01:36.728,1.2733,1.27352,1.73,1.73
2013.05.03 05:01:36.797,1.27332,1.27352,1.50,1.35
2013.05.03 05:01:36.866,1.27333,1.27354,1.35,1.13
2013.05.03 05:01:37.286,1.27332,1.27354,1.28,1.35
2013.05.03 05:01:38.235,1.27331,1.27354,1.50,1.35
2013.05.03 05:01:38.445,1.27331,1.27356,1.73,2.10
2013.05.03 05:01:38.786,1.2733,1.27354,3.98,1.58
2013.05.03 05:01:42.376,1.2733,1.27354,1.88,4.13
2013.05.03 05:01:42.495,1.2733,1.27354,1.13,3.38
2013.05.03 05:01:43.356,1.27329,1.27353,1.73,1.73
2013.05.03 05:01:44.616,1.2733,1.27352,1.13,1.58
2013.05.03 05:01:44.867,1.27331,1.27354,1.88,2.10
2013.05.03 05:01:45.076,1.27331,1.27353,1.88,1.58
2013.05.03 05:01:45.626,1.27328,1.27352,2.25,1.73
2013.05.03 05:01:48.645,1.27333,1.27354,1.13,1.35
2013.05.03 05:01:50.376,1.27335,1.27354,1.65,2.10
2013.05.03 05:01:52.857,1.27336,1.27354,1.50,1.35
2013.05.03 05:01:53.407,1.27338,1.27358,1.50,1.35
2013.05.03 05:01:54.012,1.27338,1.27361,1.50,1.95
2013.05.03 05:01:55.067,1.27341,1.27357,1.50,1.50
2013.05.03 05:01:55.368,1.27335,1.27354,1.32,1.13
2013.05.03 05:01:55.438,1.27332,1.27353,1.32,1.50
2013.05.03 05:01:56.706,1.27331,1.27352,1.50,3.08
2013.05.03 05:02:01.325,1.27331,1.27351,2.85,1.28
2013.05.03 05:02:01.447,1.27332,1.27351,1.50,1.28
2013.05.03 05:02:01.516,1.27332,1.27354,2.10,1.13
2013.05.03 05:02:01.636,1.27332,1.27354,3.00,1.13
2013.05.03 05:02:01.758,1.27333,1.27353,1.50,1.13
2013.05.03 05:02:01.825,1.27337,1.27353,1.13,1.13
2013.05.03 05:02:02.336,1.27337,1.27359,1.35,2.48
2013.05.03 05:02:02.395,1.27337,1.27358,1.35,1.28
2013.05.03 05:02:02.747,1.27337,1.27358,1.35,1.50
2013.05.03 05:02:03.936,1.27333,1.27355,1.35,1.73
2013.05.03 05:02:04.915,1.27332,1.27352,1.50,3.75
2013.05.03 05:02:04.975,1.27334,1.27352,1.35,3.00
2013.05.03 05:02:05.276,1.27334,1.27355,2.25,1.13
2013.05.03 05:02:10.636,1.27331,1.27349,1.35,1.13
2013.05.03 05:02:15.036,1.27331,1.27353,1.35,2.10
2013.05.03 05:02:15.156,1.27332,1.27353,2.07,1.35
2013.05.03 05:02:15.286,1.27332,1.27353,2.82,1.35
2013.05.03 05:02:15.406,1.27333,1.27351,1.50,1.13
2013.05.03 05:02:15.705,1.27331,1.27349,1.50,1.13
2013.05.03 05:02:16.225,1.27331,1.27349,1.50,1.13
2013.05.03 05:02:20.349,1.27331,1.27354,1.13,1.50
2013.05.03 05:02:20.416,1.27331,1.27353,1.88,1.65
2013.05.03 05:02:24.176,1.27333,1.27352,1.50,1.50
2013.05.03 05:02:24.806,1.27333,1.27354,1.50,1.47
2013.05.03 05:02:25.642,1.27335,1.27354,1.50,1.47
2013.05.03 05:02:26.877,1.27335,1.27355,1.50,1.88
2013.05.03 05:02:27.385,1.27337,1.27355,1.50,1.88
2013.05.03 05:02:28.915,1.27337,1.27355,1.50,1.13
2013.05.03 05:02:29.446,1.27338,1.27355,1.50,1.50
2013.05.03 05:02:31.185,1.2734,1.27355,1.50,1.28
2013.05.03 05:02:34.075,1.27336,1.27356,1.35,1.28
2013.05.03 05:02:34.315,1.27337,1.27356,1.35,2.03
2013.05.03 05:02:36.875,1.27337,1.27356,1.35,2.03
2013.05.03 05:02:58.396,1.27336,1.27355,1.50,1.13
2013.05.03 05:02:58.516,1.27336,1.27353,1.50,1.13
2013.05.03 05:02:58.575,1.27333,1.27353,2.10,1.13
2013.05.03 05:03:13.495,1.27334,1.27353,1.50,2.59
2013.05.03 05:03:16.326,1.27336,1.27352,1.50,1.50
2013.05.03 05:03:16.872,1.27335,1.27355,1.50,2.25
2013.05.03 05:03:17.185,1.27336,1.27354,1.50,1.50
2013.05.03 05:03:48.146,1.27333,1.27353,2.10,2.25
2013.05.03 05:03:48.325,1.27333,1.27353,1.50,2.25
2013.05.03 05:03:48.831,1.27333,1.27353,1.50,2.25
2013.05.03 05:04:20.767,1.27334,1.27353,1.50,1.73
2013.05.03 05:04:22.755,1.27332,1.27355,2.10,1.58
2013.05.03 05:04:23.596,1.27334,1.27354,1.50,1.73
2013.05.03 05:04:23.896,1.27334,1.27356,2.48,1.13
2013.05.03 05:04:24.076,1.27334,1.27358,4.17,1.73
2013.05.03 05:04:24.206,1.27338,1.27359,1.35,1.73
2013.05.03 05:04:24.266,1.27338,1.27361,1.35,2.48
2013.05.03 05:04:24.386,1.27339,1.2736,1.50,1.73
2013.05.03 05:04:27.148,1.2734,1.27358,1.50,1.35
2013.05.03 05:04:31.987,1.27342,1.27359,1.50,1.35
2013.05.03 05:04:40.279,1.27343,1.27361,1.13,1.58
2013.05.03 05:04:40.348,1.27345,1.27365,1.50,1.13
2013.05.03 05:04:40.477,1.27345,1.27366,1.50,1.88
2013.05.03 05:04:40.619,1.27343,1.27366,2.70,1.50
2013.05.03 05:04:40.807,1.27343,1.27364,1.50,1.73
2013.05.03 05:04:40.877,1.27343,1.27363,1.50,2.85
2013.05.03 05:04:41.416,1.27341,1.27361,1.65,1.35
2013.05.03 05:04:42.187,1.27341,1.27361,1.65,1.35
2013.05.03 05:04:48.346,1.2734,1.27363,2.25,1.50
2013.05.03 05:04:49.026,1.27343,1.27363,1.50,1.50
2013.05.03 05:04:53.927,1.27341,1.27362,1.65,1.50
2013.05.03 05:04:59.815,1.27343,1.27362,1.58,1.88
2013.05.03 05:05:01.927,1.27344,1.27362,2.10,1.13
2013.05.03 05:05:02.177,1.27347,1.27368,2.10,1.50
2013.05.03 05:05:02.426,1.27347,1.27369,3.08,1.13
2013.05.03 05:05:02.740,1.27349,1.27369,1.58,1.13
2013.05.03 05:05:03.047,1.27352,1.27372,2.33,1.13
2013.05.03 05:05:03.204,1.27353,1.27372,1.35,1.13
2013.05.03 05:05:03.949,1.27354,1.27373,1.35,2.03
2013.05.03 05:05:05.619,1.27355,1.27373,1.50,1.65
2013.05.03 05:05:17.137,1.27354,1.27375,1.35,2.63
2013.05.03 05:05:17.718,1.27354,1.27375,2.10,1.88
2013.05.03 05:05:24.846,1.27355,1.27375,1.58,1.50
2013.05.03 05:05:27.535,1.27355,1.27375,1.35,1.50
2013.05.03 05:05:35.617,1.27355,1.27377,2.10,2.03
2013.05.03 05:05:44.956,1.27355,1.27374,2.10,1.50
2013.05.03 05:05:48.056,1.27357,1.27374,1.50,1.50
2013.05.03 05:05:48.176,1.27359,1.27378,1.65,1.50
2013.05.03 05:05:48.475,1.27358,1.27379,2.07,1.50
2013.05.03 05:05:48.535,1.27359,1.27379,2.78,1.50
2013.05.03 05:05:49.315,1.2736,1.27379,1.58,1.50
2013.05.03 05:05:51.315,1.27359,1.27379,2.25,1.50
2013.05.03 05:05:51.960,1.27359,1.27374,1.35,1.13
2013.05.03 05:05:52.716,1.27358,1.27374,1.35,1.13
2013.05.03 05:05:53.687,1.27358,1.27374,2.25,1.13
2013.05.03 05:05:54.283,1.27359,1.27375,1.50,1.50
2013.05.03 05:06:00.836,1.27358,1.27379,2.67,1.50
2013.05.03 05:06:01.085,1.27359,1.27379,2.03,1.50
2013.05.03 05:06:01.617,1.2736,1.27378,1.58,1.50
2013.05.03 05:06:10.106,1.27362,1.27379,1.73,1.50
2013.05.03 05:06:13.355,1.27362,1.27379,1.88,1.50
2013.05.03 05:06:16.156,1.27361,1.27377,1.54,1.50
2013.05.03 05:06:16.396,1.27359,1.27377,1.35,2.63
2013.05.03 05:06:26.975,1.2736,1.27381,1.35,1.88
2013.05.03 05:06:28.075,1.2736,1.27381,1.35,1.88
2013.05.03 05:06:28.781,1.27361,1.27381,1.50,1.88
2013.05.03 05:06:31.908,1.27361,1.27381,1.50,2.03
2013.05.03 05:06:42.216,1.2736,1.27382,2.25,2.48
2013.05.03 05:06:42.697,1.27363,1.27383,1.50,1.35
2013.05.03 05:06:42.818,1.27364,1.27384,1.50,1.35
2013.05.03 05:06:43.006,1.27369,1.27389,1.54,1.88
2013.05.03 05:06:43.187,1.2737,1.27389,1.35,1.50
2013.05.03 05:06:43.380,1.27372,1.27393,1.35,2.40
2013.05.03 05:06:43.447,1.27373,1.27393,2.48,1.50
2013.05.03 05:06:43.807,1.27376,1.27393,1.95,1.50
2013.05.03 05:06:44.345,1.27379,1.27395,1.35,1.50
2013.05.03 05:06:45.676,1.27379,1.27392,1.35,1.50
2013.05.03 05:06:56.236,1.27379,1.27392,1.32,1.50
2013.05.03 05:06:56.296,1.2738,1.27399,1.50,1.20
2013.05.03 05:06:56.716,1.27382,1.274,1.73,1.20
2013.05.03 05:06:56.783,1.27381,1.27402,1.73,1.50
2013.05.03 05:06:56.847,1.27382,1.27406,1.20,1.35
2013.05.03 05:06:56.967,1.27384,1.27408,1.20,1.13
2013.05.03 05:06:57.447,1.27386,1.27408,2.25,1.13
2013.05.03 05:06:57.756,1.27386,1.27408,2.10,1.13
2013.05.03 05:06:59.462,1.27387,1.2741,1.50,1.73
2013.05.03 05:07:01.976,1.27392,1.2741,1.50,1.73
2013.05.03 05:07:03.297,1.27388,1.27406,1.88,1.13
2013.05.03 05:07:03.846,1.27391,1.27407,1.50,2.10
2013.05.03 05:07:11.186,1.27396,1.27407,1.50,1.50
2013.05.03 05:07:11.307,1.27396,1.2741,1.50,1.50
2013.05.03 05:07:11.489,1.27393,1.27407,1.13,1.13
2013.05.03 05:07:11.556,1.27392,1.27407,1.50,1.50
2013.05.03 05:07:12.165,1.27389,1.27407,1.50,1.50
2013.05.03 05:07:20.960,1.27392,1.27407,1.50,1.13
2013.05.03 05:07:21.106,1.27391,1.27412,2.67,2.63
2013.05.03 05:07:21.389,1.2739,1.27411,1.50,2.03
2013.05.03 05:07:21.698,1.27388,1.27408,2.25,1.13
2013.05.03 05:07:22.008,1.27387,1.27408,1.13,2.48
2013.05.03 05:07:22.317,1.27386,1.27402,1.13,1.73
2013.05.03 05:07:22.618,1.27384,1.27402,1.13,1.95
2013.05.03 05:07:23.476,1.27387,1.27406,1.50,1.73
2013.05.03 05:07:23.597,1.27387,1.27406,1.50,1.35
2013.05.03 05:07:23.656,1.27387,1.27406,1.50,1.73
2013.05.03 05:07:24.016,1.27387,1.27403,1.50,2.25
2013.05.03 05:07:24.317,1.27383,1.27398,1.50,1.13
2013.05.03 05:07:24.936,1.27384,1.27398,1.50,1.13
2013.05.03 05:07:29.608,1.27387,1.27402,1.50,1.73
2013.05.03 05:07:29.967,1.27387,1.27401,1.50,1.35
2013.05.03 05:07:30.335,1.27387,1.27402,1.50,1.58
2013.05.03 05:07:30.657,1.27386,1.27403,1.50,1.35
2013.05.03 05:07:31.165,1.27386,1.27406,1.50,1.13
2013.05.03 05:07:35.711,1.27386,1.27406,1.50,1.73
2013.05.03 05:07:36.039,1.27385,1.27402,1.50,1.20
2013.05.03 05:07:36.228,1.27384,1.274,1.50,1.95
2013.05.03 05:07:36.297,1.27384,1.27398,1.50,1.73
2013.05.03 05:07:36.847,1.27383,1.27399,2.25,1.35
2013.05.03 05:07:37.027,1.27383,1.27401,2.25,1.35
2013.05.03 05:07:37.086,1.27383,1.27402,2.63,1.58
2013.05.03 05:07:37.766,1.27383,1.27402,2.63,1.58
2013.05.03 05:07:39.086,1.27385,1.27401,1.50,2.48
2013.05.03 05:07:39.616,1.27385,1.27399,1.50,1.20
2013.05.03 05:07:40.399,1.27384,1.27398,1.13,1.20
2013.05.03 05:07:40.827,1.27383,1.27398,1.13,1.20
2013.05.03 05:07:40.899,1.27384,1.27396,1.50,1.73
2013.05.03 05:07:41.157,1.2738,1.27397,1.50,2.10
2013.05.03 05:07:41.806,1.27383,1.27397,1.50,2.10
2013.05.03 05:07:44.037,1.27381,1.27397,1.50,1.13
2013.05.03 05:07:44.696,1.27384,1.27398,1.50,1.20
2013.05.03 05:07:45.756,1.27384,1.274,1.13,1.73
2013.05.03 05:07:48.166,1.27383,1.274,1.88,1.73
2013.05.03 05:07:51.487,1.27383,1.27398,1.13,1.50
2013.05.03 05:08:04.306,1.27383,1.27398,1.50,1.50
2013.05.03 05:08:10.395,1.27383,1.27398,1.50,1.13
2013.05.03 05:08:10.517,1.27384,1.274,1.50,1.50
2013.05.03 05:08:10.636,1.27384,1.27399,1.50,1.13
2013.05.03 05:08:10.946,1.27384,1.27403,1.50,1.50
2013.05.03 05:08:11.421,1.27382,1.27403,1.50,1.95
2013.05.03 05:08:15.117,1.27386,1.27402,1.50,2.10
2013.05.03 05:08:15.676,1.27385,1.27403,1.50,2.10
2013.05.03 05:08:16.906,1.27385,1.27403,1.50,1.73
2013.05.03 05:08:17.723,1.27385,1.27403,1.50,1.13
2013.05.03 05:08:21.355,1.27385,1.27403,1.50,1.35
2013.05.03 05:08:21.739,1.27385,1.27403,1.50,1.35
2013.05.03 05:08:22.046,1.27388,1.27405,1.50,1.65
2013.05.03 05:08:22.106,1.27388,1.27405,1.50,1.65
2013.05.03 05:08:26.527,1.27387,1.27406,2.25,1.50
2013.05.03 05:08:27.756,1.27388,1.27408,1.35,1.50
2013.05.03 05:08:28.340,1.27388,1.27408,1.35,1.50
2013.05.03 05:08:28.896,1.27388,1.27409,1.35,1.50
2013.05.03 05:08:29.436,1.27389,1.2741,1.73,1.88
2013.05.03 05:08:29.799,1.27393,1.27414,1.50,3.00
2013.05.03 05:08:29.868,1.27393,1.27414,1.50,1.50
2013.05.03 05:08:30.176,1.27393,1.27418,2.70,1.35
2013.05.03 05:08:31.274,1.27395,1.27415,1.73,1.50
2013.05.03 05:08:32.506,1.27395,1.27417,1.73,1.50
2013.05.03 05:08:32.826,1.27395,1.27417,1.73,1.50
2013.05.03 05:08:33.256,1.27395,1.27417,1.73,1.50
2013.05.03 05:08:34.092,1.27397,1.27417,1.65,1.50
2013.05.03 05:08:34.683,1.27397,1.27417,1.65,1.50
2013.05.03 05:08:37.126,1.27398,1.27418,1.50,1.50
2013.05.03 05:08:43.176,1.27399,1.2742,1.50,2.85
2013.05.03 05:08:43.647,1.27402,1.2742,1.50,1.35
2013.05.03 05:08:45.136,1.27399,1.27417,1.50,2.25
2013.05.03 05:08:52.173,1.27399,1.27414,1.50,1.35
2013.05.03 05:08:58.157,1.27399,1.27415,1.50,1.35
2013.05.03 05:08:58.396,1.274,1.27415,1.50,1.35
2013.05.03 05:09:01.257,1.27401,1.2742,1.35,1.65
2013.05.03 05:09:01.437,1.27405,1.27424,1.50,2.25
2013.05.03 05:09:01.556,1.27406,1.27426,1.50,1.73
2013.05.03 05:09:02.086,1.27406,1.27426,1.50,1.35
2013.05.03 05:09:02.866,1.27407,1.27426,1.50,1.35
2013.05.03 05:09:03.227,1.27407,1.27426,1.50,1.35
2013.05.03 05:09:03.787,1.27409,1.27426,1.50,1.35
2013.05.03 05:09:04.096,1.27409,1.27426,1.50,1.35
2013.05.03 05:09:05.106,1.27411,1.27428,1.50,2.25
2013.05.03 05:09:29.382,1.27412,1.27429,1.50,1.35
2013.05.03 05:09:46.445,1.27412,1.27431,1.50,1.50
2013.05.03 05:10:00.593,1.27412,1.27429,1.50,1.35
2013.05.03 05:10:01.363,1.27412,1.27429,2.25,1.35
2013.05.03 05:10:02.246,1.27409,1.27429,1.13,1.35
2013.05.03 05:10:02.327,1.27407,1.27429,1.35,1.35
2013.05.03 05:10:02.697,1.2741,1.27432,1.13,1.35
2013.05.03 05:10:02.936,1.27413,1.27435,1.35,3.23
2013.05.03 05:10:03.057,1.27413,1.27436,1.58,3.23
2013.05.03 05:10:03.377,1.27412,1.27435,2.25,2.63
2013.05.03 05:10:03.617,1.27412,1.27434,1.65,1.35
2013.05.03 05:10:03.918,1.27407,1.2743,1.58,1.65
2013.05.03 05:10:04.108,1.27407,1.2743,1.35,1.65
2013.05.03 05:10:04.237,1.27405,1.27429,1.50,1.50
2013.05.03 05:10:04.786,1.27405,1.27429,1.50,1.50
2013.05.03 05:10:05.346,1.27405,1.27429,1.50,1.50
2013.05.03 05:10:06.645,1.27405,1.2743,1.50,2.25
2013.05.03 05:10:07.053,1.27404,1.27428,1.65,1.58
2013.05.03 05:10:08.630,1.27404,1.27427,1.65,1.35
2013.05.03 05:10:10.555,1.27405,1.27427,1.65,1.35
2013.05.03 05:10:11.079,1.27404,1.27427,1.65,3.08
2013.05.03 05:10:13.006,1.27404,1.27427,2.25,2.85
2013.05.03 05:10:14.907,1.27404,1.27427,2.25,1.35
2013.05.03 05:10:15.917,1.27405,1.27428,1.50,1.50
2013.05.03 05:10:16.523,1.27405,1.27428,1.50,1.50
2013.05.03 05:10:16.847,1.27404,1.27427,1.65,3.08
2013.05.03 05:10:19.165,1.27404,1.27427,1.50,3.98
2013.05.03 05:10:19.706,1.27404,1.27427,3.60,1.50
2013.05.03 05:10:20.016,1.27406,1.2743,1.73,2.10
2013.05.03 05:10:20.196,1.27405,1.2743,1.73,1.35
2013.05.03 05:10:25.716,1.27405,1.27427,1.88,2.33
2013.05.03 05:10:26.267,1.27405,1.27425,1.13,1.73
2013.05.03 05:10:29.196,1.27405,1.27426,1.13,2.10
2013.05.03 05:10:36.247,1.27405,1.27426,1.88,5.10
2013.05.03 05:10:36.987,1.27404,1.27426,2.63,5.85
2013.05.03 05:10:37.522,1.27404,1.27424,2.25,1.35
2013.05.03 05:10:39.976,1.27404,1.27426,2.63,2.70
2013.05.03 05:10:40.037,1.27406,1.27426,1.35,1.88
2013.05.03 05:10:40.097,1.27406,1.27426,2.10,1.88
2013.05.03 05:10:47.656,1.27407,1.27426,1.13,1.13
2013.05.03 05:10:56.909,1.27408,1.27427,1.13,1.13
2013.05.03 05:10:58.067,1.27406,1.27427,1.50,1.13
2013.05.03 05:11:10.245,1.27405,1.27428,2.44,2.10
2013.05.03 05:11:10.725,1.27405,1.27428,3.19,2.85
2013.05.03 05:11:26.687,1.27409,1.27429,1.50,1.73
2013.05.03 05:11:27.345,1.27409,1.27428,1.50,1.50
2013.05.03 05:11:30.267,1.27407,1.27425,1.35,1.13
2013.05.03 05:11:30.507,1.27403,1.27423,2.10,1.50
2013.05.03 05:11:30.865,1.27398,1.27422,2.25,1.58
2013.05.03 05:11:30.926,1.274,1.27422,1.50,1.58
2013.05.03 05:11:31.106,1.274,1.27422,2.10,2.85
2013.05.03 05:11:31.226,1.274,1.27422,1.35,3.60
2013.05.03 05:11:31.526,1.274,1.27421,2.07,2.10
2013.05.03 05:11:31.706,1.274,1.27422,1.35,3.00
2013.05.03 05:11:31.967,1.274,1.27422,2.07,3.60
2013.05.03 05:11:32.266,1.274,1.27422,1.35,3.00
2013.05.03 05:11:32.327,1.27398,1.2742,1.65,1.73
2013.05.03 05:11:32.628,1.274,1.2742,1.50,2.48
2013.05.03 05:11:32.697,1.27398,1.2742,1.50,1.88
2013.05.03 05:11:33.057,1.274,1.2742,2.07,2.63
2013.05.03 05:11:33.297,1.274,1.2742,1.32,2.63
2013.05.03 05:11:33.357,1.274,1.27419,2.07,1.13
2013.05.03 05:11:33.666,1.274,1.27419,2.82,1.13
2013.05.03 05:11:33.727,1.274,1.27419,1.50,1.13
2013.05.03 05:11:34.027,1.274,1.27419,2.25,1.13
2013.05.03 05:11:34.266,1.274,1.27419,1.50,1.13
2013.05.03 05:11:34.517,1.274,1.27419,2.25,1.50
2013.05.03 05:11:34.698,1.274,1.2742,1.50,1.50
2013.05.03 05:11:35.006,1.274,1.27419,2.25,1.50
2013.05.03 05:11:35.256,1.274,1.27419,1.50,1.50
2013.05.03 05:11:35.436,1.274,1.27419,2.25,1.50
2013.05.03 05:11:36.766,1.274,1.2742,1.50,1.50
2013.05.03 05:11:41.628,1.274,1.27418,1.50,2.10
2013.05.03 05:11:41.770,1.27404,1.27424,2.48,1.50
2013.05.03 05:11:41.897,1.27404,1.27423,1.35,1.50
2013.05.03 05:11:42.146,1.27401,1.27424,1.35,1.73
2013.05.03 05:11:42.447,1.27401,1.27419,1.50,1.35
2013.05.03 05:11:46.137,1.27401,1.27422,1.50,1.73
2013.05.03 05:11:46.686,1.27402,1.27424,2.67,2.85
2013.05.03 05:11:46.807,1.27408,1.27425,1.50,1.73
2013.05.03 05:11:47.386,1.27408,1.27426,1.50,1.88
2013.05.03 05:11:47.906,1.27408,1.27427,1.50,1.35
2013.05.03 05:11:49.391,1.2741,1.27427,1.50,2.10
2013.05.03 05:11:51.102,1.27407,1.27427,1.50,3.53
2013.05.03 05:11:51.288,1.27407,1.27426,2.48,1.13
2013.05.03 05:11:51.407,1.2741,1.27426,1.13,1.13
2013.05.03 05:11:51.527,1.27413,1.2743,1.50,3.23
2013.05.03 05:11:52.113,1.27413,1.2743,1.50,1.13
2013.05.03 05:11:52.651,1.27413,1.2743,1.50,1.13
2013.05.03 05:11:53.647,1.27413,1.27433,1.50,1.50
2013.05.03 05:11:55.037,1.27411,1.27431,2.10,1.50
2013.05.03 05:11:55.597,1.27411,1.27433,1.50,2.10
2013.05.03 05:12:01.277,1.27413,1.27433,2.07,1.50
2013.05.03 05:12:01.917,1.27418,1.27433,1.47,1.50
2013.05.03 05:12:01.979,1.27418,1.27435,1.47,2.10
2013.05.03 05:12:02.227,1.2742,1.2744,1.50,1.35
2013.05.03 05:12:02.406,1.2742,1.2744,1.50,1.73
2013.05.03 05:12:03.316,1.2742,1.2744,1.50,1.73
2013.05.03 05:12:04.452,1.27421,1.2744,1.50,1.73
2013.05.03 05:12:05.000,1.27422,1.2744,1.50,1.73
2013.05.03 05:12:05.589,1.27423,1.2744,1.50,1.73
2013.05.03 05:12:05.776,1.27422,1.27438,1.50,1.13
2013.05.03 05:12:06.298,1.27421,1.27438,2.25,1.13
2013.05.03 05:12:06.610,1.27423,1.27438,2.25,1.13
2013.05.03 05:12:06.677,1.27423,1.27438,2.25,1.13
2013.05.03 05:12:06.796,1.27424,1.27438,1.50,1.13
2013.05.03 05:12:06.976,1.27423,1.27438,1.50,1.73
2013.05.03 05:12:07.038,1.27423,1.27441,1.50,2.85
2013.05.03 05:12:07.711,1.27424,1.27441,1.50,1.50
2013.05.03 05:12:22.177,1.27424,1.27443,1.50,1.13
2013.05.03 05:12:22.536,1.27425,1.27444,1.50,1.13
2013.05.03 05:12:24.159,1.27428,1.27449,1.65,2.10
2013.05.03 05:12:24.286,1.27429,1.27449,1.50,1.73
2013.05.03 05:12:24.406,1.2743,1.2745,1.13,1.35
2013.05.03 05:12:24.467,1.27432,1.27453,1.13,1.50
2013.05.03 05:12:25.029,1.27434,1.27453,1.65,1.35
2013.05.03 05:12:26.336,1.27435,1.27457,1.35,1.13
2013.05.03 05:12:26.888,1.27435,1.27457,1.35,1.13
2013.05.03 05:12:27.448,1.27436,1.27457,1.50,1.13
2013.05.03 05:12:27.806,1.27436,1.27457,1.35,1.13
2013.05.03 05:12:33.726,1.27439,1.27458,1.35,1.13
2013.05.03 05:12:35.646,1.27436,1.27455,2.10,1.13
2013.05.03 05:12:36.187,1.27437,1.27455,1.35,1.13
2013.05.03 05:13:00.286,1.27436,1.27454,1.35,1.50
2013.05.03 05:13:00.826,1.27437,1.27453,1.35,1.13
2013.05.03 05:13:02.799,1.27435,1.27453,1.50,1.13
2013.05.03 05:13:05.297,1.27435,1.27453,2.25,1.13
2013.05.03 05:13:05.722,1.27435,1.27453,3.00,1.13
2013.05.03 05:13:07.088,1.27435,1.27453,2.25,1.13
2013.05.03 05:13:07.507,1.27435,1.27453,2.25,1.13
2013.05.03 05:13:07.938,1.27435,1.27453,2.25,1.13
2013.05.03 05:13:08.681,1.27435,1.27453,1.65,1.13
2013.05.03 05:13:09.227,1.27432,1.27452,1.50,1.13
2013.05.03 05:13:09.287,1.27432,1.2745,1.50,2.25
2013.05.03 05:13:09.347,1.27431,1.27448,1.50,1.13
2013.05.03 05:13:12.868,1.2743,1.27449,2.48,1.13
2013.05.03 05:13:13.387,1.2743,1.27449,3.23,1.13
2013.05.03 05:13:16.387,1.2743,1.27448,1.13,1.58
2013.05.03 05:13:18.616,1.2743,1.27449,1.13,1.95
2013.05.03 05:13:19.146,1.27431,1.27449,1.65,1.13
2013.05.03 05:13:24.618,1.27431,1.27452,1.65,1.73
2013.05.03 05:13:25.167,1.2743,1.27452,1.88,2.70
2013.05.03 05:13:33.652,1.2743,1.2745,1.65,1.95
2013.05.03 05:13:40.296,1.2743,1.27448,1.65,1.73
2013.05.03 05:13:45.178,1.27427,1.27445,1.65,1.50
2013.05.03 05:13:45.240,1.27425,1.27444,1.50,1.88
2013.05.03 05:13:45.368,1.27425,1.27444,2.10,1.13
2013.05.03 05:13:45.678,1.27422,1.27442,1.50,1.13
2013.05.03 05:13:46.258,1.27418,1.2744,1.65,1.73
2013.05.03 05:13:48.436,1.27418,1.27438,2.40,1.13
2013.05.03 05:13:48.957,1.27417,1.27438,1.50,1.13
2013.05.03 05:13:49.316,1.27417,1.27437,1.50,1.13
2013.05.03 05:13:49.843,1.27419,1.27437,1.35,1.88
2013.05.03 05:13:57.767,1.27418,1.27436,1.50,1.13
2013.05.03 05:13:58.190,1.27414,1.27434,1.50,1.50
2013.05.03 05:13:58.737,1.27414,1.27432,2.40,1.58
2013.05.03 05:13:59.098,1.27412,1.27431,1.13,1.73
2013.05.03 05:14:04.349,1.27412,1.2743,1.88,1.73
2013.05.03 05:14:04.882,1.27412,1.27429,1.88,1.35
2013.05.03 05:14:05.492,1.27412,1.27429,1.88,1.35
2013.05.03 05:14:06.067,1.27412,1.27429,1.13,2.10
2013.05.03 05:14:06.129,1.27411,1.27429,1.50,2.48
2013.05.03 05:14:06.676,1.27412,1.27429,1.50,1.73
2013.05.03 05:14:09.385,1.2741,1.27428,1.50,1.50
2013.05.03 05:14:11.429,1.27412,1.27428,1.50,1.35
2013.05.03 05:14:11.926,1.27409,1.27427,1.50,2.85
2013.05.03 05:14:15.148,1.27409,1.27427,1.50,2.48
2013.05.03 05:14:15.747,1.27409,1.27427,1.50,2.48
2013.05.03 05:14:17.528,1.27412,1.27428,1.65,1.73
2013.05.03 05:14:18.085,1.27413,1.27429,1.50,1.13
2013.05.03 05:14:19.887,1.27414,1.27431,1.50,2.48
2013.05.03 05:14:19.947,1.27414,1.27431,1.50,2.48
2013.05.03 05:14:29.237,1.27414,1.27433,1.50,1.13
2013.05.03 05:14:36.166,1.27415,1.27434,1.50,1.88
2013.05.03 05:14:36.506,1.27415,1.27433,1.50,1.13
2013.05.03 05:14:55.507,1.27416,1.27432,1.50,1.13
2013.05.03 05:15:05.135,1.27416,1.27431,1.50,1.88
2013.05.03 05:15:10.668,1.27416,1.27429,1.50,1.13
2013.05.03 05:15:13.967,1.27416,1.27432,1.50,2.25
2013.05.03 05:15:14.088,1.27416,1.27433,1.50,1.73
2013.05.03 05:15:14.147,1.27415,1.27434,1.50,1.73
2013.05.03 05:15:14.697,1.27416,1.27434,1.50,2.10
2013.05.03 05:15:16.888,1.27413,1.27433,1.65,2.10
2013.05.03 05:15:17.591,1.27413,1.27433,1.65,2.10
2013.05.03 05:15:19.417,1.27414,1.27433,1.65,1.35
2013.05.03 05:15:19.942,1.27414,1.27433,1.65,1.35
2013.05.03 05:15:21.028,1.27414,1.27433,1.65,1.35
2013.05.03 05:15:22.678,1.27417,1.27435,1.50,1.35
2013.05.03 05:15:23.226,1.27416,1.27437,1.50,1.95
2013.05.03 05:15:24.648,1.27413,1.27436,2.25,1.35
2013.05.03 05:15:25.206,1.27413,1.27435,1.73,1.50
2013.05.03 05:15:25.539,1.27414,1.27435,1.65,1.50
2013.05.03 05:15:27.038,1.27414,1.27436,1.65,2.85
2013.05.03 05:15:27.547,1.27414,1.27436,2.25,1.50
2013.05.03 05:15:29.638,1.27414,1.27434,1.65,1.50
2013.05.03 05:15:33.638,1.27414,1.27431,1.65,1.35
2013.05.03 05:15:33.888,1.27417,1.27437,1.13,1.73
2013.05.03 05:15:34.069,1.27419,1.27441,2.25,2.82
2013.05.03 05:15:34.257,1.27419,1.27441,2.25,2.07
2013.05.03 05:15:35.103,1.27419,1.27442,1.65,1.73
2013.05.03 05:15:35.997,1.27422,1.27441,1.50,1.73
2013.05.03 05:15:36.688,1.27421,1.27442,1.50,1.35
2013.05.03 05:15:37.237,1.27423,1.2744,1.50,1.35
2013.05.03 05:15:37.746,1.27423,1.2744,1.50,1.35
2013.05.03 05:15:38.838,1.27422,1.27444,2.48,1.35
2013.05.03 05:15:38.980,1.27427,1.27446,1.88,1.35
2013.05.03 05:15:39.051,1.27427,1.27446,1.88,1.35
2013.05.03 05:15:39.237,1.27427,1.27447,2.48,1.50
2013.05.03 05:15:39.358,1.27424,1.27447,1.50,2.33
2013.05.03 05:15:39.417,1.27424,1.27447,2.10,2.10
2013.05.03 05:15:39.478,1.27424,1.27447,1.35,2.10
2013.05.03 05:15:40.028,1.27426,1.27445,1.50,1.35
2013.05.03 05:15:40.268,1.27426,1.27444,1.50,1.50
2013.05.03 05:15:40.806,1.27423,1.27442,1.65,1.35
2013.05.03 05:15:46.484,1.27422,1.27442,3.00,1.50
2013.05.03 05:15:47.198,1.27423,1.27442,1.65,1.50
2013.05.03 05:15:50.610,1.27424,1.27444,1.50,1.35
2013.05.03 05:15:50.681,1.27424,1.27444,1.50,1.35
2013.05.03 05:15:50.748,1.27424,1.27446,2.85,1.35
2013.05.03 05:15:51.289,1.27429,1.27451,1.13,1.58
2013.05.03 05:15:51.808,1.2743,1.27451,1.65,2.33
2013.05.03 05:15:53.006,1.2743,1.27449,1.65,2.10
2013.05.03 05:15:54.897,1.2743,1.27447,1.65,1.50
2013.05.03 05:15:59.758,1.2743,1.27448,1.65,1.50
2013.05.03 05:16:00.077,1.27431,1.27449,1.65,1.50
2013.05.03 05:16:02.157,1.2743,1.27449,1.65,1.50
2013.05.03 05:16:02.217,1.2743,1.27449,1.65,1.50
2013.05.03 05:16:02.827,1.2743,1.27449,1.65,1.50
2013.05.03 05:16:04.577,1.2743,1.27449,1.65,1.50
2013.05.03 05:16:05.757,1.2743,1.2745,2.40,1.50
2013.05.03 05:16:05.999,1.27431,1.27451,1.13,1.35
2013.05.03 05:16:06.490,1.27429,1.27449,1.88,1.50
2013.05.03 05:16:06.618,1.27427,1.27447,1.65,1.35
2013.05.03 05:16:07.158,1.27425,1.27447,1.13,1.20
2013.05.03 05:16:11.457,1.27425,1.27445,1.13,2.10
2013.05.03 05:16:11.641,1.27417,1.27441,2.48,1.50
2013.05.03 05:16:12.077,1.27417,1.27438,2.48,1.50
2013.05.03 05:16:12.410,1.27414,1.27436,1.13,1.35
2013.05.03 05:16:15.196,1.27413,1.27436,1.43,2.10
2013.05.03 05:16:15.388,1.27411,1.27434,3.00,1.58
2013.05.03 05:16:17.560,1.27411,1.27432,3.38,1.35
2013.05.03 05:16:17.927,1.27411,1.27433,1.88,1.35
2013.05.03 05:16:18.704,1.27411,1.27433,1.13,1.35
2013.05.03 05:16:19.158,1.27411,1.27433,1.88,2.67
2013.05.03 05:16:19.217,1.27411,1.27433,1.50,3.04
2013.05.03 05:16:19.517,1.27408,1.27429,1.35,1.13
2013.05.03 05:16:20.748,1.27411,1.27429,1.50,1.88
2013.05.03 05:16:20.937,1.27412,1.2743,1.50,1.13
2013.05.03 05:16:21.467,1.27412,1.27431,1.50,1.28
2013.05.03 05:16:21.827,1.27413,1.27431,1.50,1.28
2013.05.03 05:16:24.588,1.27415,1.27433,1.50,1.88
2013.05.03 05:16:26.597,1.27414,1.27433,1.50,1.88
2013.05.03 05:16:27.106,1.27414,1.27429,1.50,1.88
2013.05.03 05:16:29.082,1.27414,1.27429,1.50,1.50
2013.05.03 05:16:29.629,1.27415,1.27429,1.50,1.13
2013.05.03 05:16:30.297,1.27414,1.27433,1.50,1.73
2013.05.03 05:16:30.537,1.27416,1.27439,1.50,1.50
2013.05.03 05:16:31.500,1.27417,1.2744,2.10,1.13
2013.05.03 05:16:32.323,1.27417,1.27439,2.10,1.65
2013.05.03 05:16:32.891,1.27417,1.27438,2.10,1.65
2013.05.03 05:16:33.639,1.27418,1.27438,1.13,1.50
2013.05.03 05:16:35.501,1.2742,1.27438,1.65,2.10
2013.05.03 05:16:56.471,1.27419,1.27438,1.65,1.50
2013.05.03 05:17:03.717,1.27419,1.27438,1.65,1.50
2013.05.03 05:17:04.153,1.27415,1.27437,1.50,1.73
2013.05.03 05:17:05.077,1.27415,1.27436,1.50,1.50
2013.05.03 05:17:05.947,1.27413,1.27435,2.25,1.35
2013.05.03 05:17:06.128,1.27411,1.27436,1.88,2.70
2013.05.03 05:17:06.368,1.27411,1.27433,1.13,1.35
2013.05.03 05:17:14.647,1.27412,1.27436,1.73,2.85
2013.05.03 05:17:20.017,1.27414,1.27435,1.35,1.50
2013.05.03 05:17:21.732,1.27412,1.27436,2.48,2.67
2013.05.03 05:17:25.039,1.27414,1.27436,1.73,1.35
2013.05.03 05:17:25.559,1.27415,1.27437,1.50,1.32
2013.05.03 05:17:25.687,1.27413,1.27437,2.70,1.32
2013.05.03 05:17:26.500,1.27415,1.27437,1.50,1.32
2013.05.03 05:17:29.657,1.27416,1.27438,1.65,2.10
2013.05.03 05:17:35.737,1.27415,1.27438,1.50,2.10
2013.05.03 05:17:40.857,1.27415,1.27436,1.35,1.13
2013.05.03 05:17:41.217,1.27413,1.27435,1.35,1.84
2013.05.03 05:17:41.277,1.27412,1.27435,1.35,1.84
2013.05.03 05:17:42.568,1.27413,1.27432,1.35,1.50
2013.05.03 05:18:02.557,1.27414,1.27432,2.10,1.50
2013.05.03 05:18:02.918,1.27414,1.27432,2.10,1.50
2013.05.03 05:18:03.038,1.27415,1.27431,1.35,1.13
2013.05.03 05:18:03.623,1.27415,1.27434,2.10,1.50
2013.05.03 05:18:06.366,1.27416,1.27439,1.65,1.73
2013.05.03 05:18:07.997,1.27416,1.27439,1.65,2.10
2013.05.03 05:18:09.108,1.27416,1.27439,1.50,2.48
2013.05.03 05:18:09.288,1.27416,1.27435,1.50,1.73
2013.05.03 05:18:09.407,1.27416,1.27435,1.88,1.73
2013.05.03 05:18:13.748,1.27416,1.27437,1.13,1.35
2013.05.03 05:18:13.869,1.27415,1.27437,1.73,1.35
2013.05.03 05:18:19.678,1.27414,1.27435,1.77,1.65
2013.05.03 05:18:19.737,1.27413,1.27433,3.19,1.58
2013.05.03 05:18:19.858,1.27413,1.27433,2.44,1.88
2013.05.03 05:18:20.047,1.27411,1.27433,2.25,2.70
2013.05.03 05:18:20.107,1.27412,1.27433,1.35,1.88
2013.05.03 05:18:20.167,1.27413,1.27433,1.13,1.13
2013.05.03 05:18:20.348,1.27415,1.27436,1.65,1.50
2013.05.03 05:18:20.468,1.27414,1.27437,1.50,1.88
2013.05.03 05:18:22.387,1.27415,1.27436,2.25,1.50
2013.05.03 05:18:24.498,1.27415,1.27436,1.65,2.10
2013.05.03 05:18:24.627,1.27415,1.27435,1.65,1.35
2013.05.03 05:18:32.277,1.27414,1.27435,1.28,1.35
2013.05.03 05:18:32.821,1.27415,1.27437,1.65,2.85
2013.05.03 05:18:33.497,1.27416,1.27437,1.50,1.35
2013.05.03 05:18:35.209,1.27416,1.27434,1.50,2.10
2013.05.03 05:18:42.274,1.27416,1.27434,1.50,2.10
2013.05.03 05:18:47.607,1.27411,1.27431,1.50,1.58
2013.05.03 05:18:47.727,1.27408,1.27431,2.03,2.33
2013.05.03 05:18:48.596,1.27407,1.27429,2.03,1.35
2013.05.03 05:18:49.364,1.27407,1.27429,2.03,1.35
2013.05.03 05:18:49.776,1.27409,1.27429,1.65,1.35
2013.05.03 05:19:14.630,1.27408,1.27426,2.40,1.50
2013.05.03 05:19:14.698,1.27406,1.27427,2.48,2.10
2013.05.03 05:19:19.768,1.27407,1.27426,1.13,1.50
2013.05.03 05:19:35.809,1.27405,1.27427,1.65,1.35
2013.05.03 05:19:47.338,1.27406,1.27427,1.65,2.10
2013.05.03 05:19:56.929,1.27406,1.27426,1.65,1.35
2013.05.03 05:20:13.122,1.27406,1.27426,2.25,1.88
2013.05.03 05:20:16.267,1.27406,1.27427,2.25,3.98
2013.05.03 05:20:19.616,1.27406,1.27426,1.50,2.63
2013.05.03 05:20:21.828,1.27405,1.27425,1.65,1.13
2013.05.03 05:20:24.050,1.27408,1.27423,1.50,1.88
2013.05.03 05:20:24.607,1.27408,1.27423,1.50,1.88
2013.05.03 05:20:25.296,1.27408,1.27426,1.50,3.00
2013.05.03 05:20:29.478,1.27408,1.27425,1.50,1.13
2013.05.03 05:20:34.270,1.27411,1.27427,1.50,1.13
2013.05.03 05:20:39.059,1.27408,1.27427,2.85,1.13
2013.05.03 05:20:41.140,1.27408,1.27427,3.00,1.13
2013.05.03 05:20:41.267,1.27412,1.2743,1.13,3.23
2013.05.03 05:20:41.450,1.27412,1.2743,1.13,2.63
2013.05.03 05:20:41.517,1.27411,1.2743,1.50,1.13
2013.05.03 05:20:45.599,1.27409,1.27427,1.65,1.13
2013.05.03 05:20:46.168,1.27409,1.27427,1.65,1.13
2013.05.03 05:20:57.148,1.27411,1.27428,1.50,1.88
2013.05.03 05:20:57.768,1.27411,1.27428,1.50,1.13
2013.05.03 05:21:00.184,1.27411,1.27427,1.50,1.13
2013.05.03 05:21:03.457,1.27411,1.27428,1.50,1.13
2013.05.03 05:21:07.047,1.27409,1.27428,1.65,1.73
2013.05.03 05:21:31.908,1.2741,1.27429,1.88,1.88
2013.05.03 05:21:32.887,1.27412,1.27429,1.65,1.88
2013.05.03 05:21:33.117,1.2741,1.27429,1.88,2.63
2013.05.03 05:21:33.418,1.2741,1.27427,1.13,1.35
2013.05.03 05:21:48.048,1.2741,1.27427,1.13,3.23
2013.05.03 05:21:54.419,1.27409,1.27427,1.65,2.10
2013.05.03 05:22:02.047,1.27409,1.27427,1.65,2.10
2013.05.03 05:22:06.607,1.27409,1.27427,1.50,2.10
2013.05.03 05:22:08.157,1.27409,1.27427,1.50,2.33
2013.05.03 05:22:19.858,1.27409,1.27427,1.50,2.48
2013.05.03 05:22:23.175,1.27409,1.27427,1.50,2.70
2013.05.03 05:22:32.357,1.27409,1.27427,1.50,1.88
2013.05.03 05:22:32.953,1.27409,1.27427,1.50,2.70
2013.05.03 05:22:34.177,1.27408,1.27427,1.65,1.13
2013.05.03 05:22:35.486,1.27408,1.27427,1.65,2.33
2013.05.03 05:22:38.377,1.27408,1.27427,1.65,1.50
2013.05.03 05:22:38.948,1.27409,1.27427,1.50,2.10
2013.05.03 05:22:44.067,1.27409,1.27427,1.50,2.10
2013.05.03 05:22:45.178,1.27409,1.27427,1.50,1.50
2013.05.03 05:22:45.387,1.27409,1.27427,1.50,1.50
2013.05.03 05:22:46.337,1.27409,1.27426,1.50,1.13
2013.05.03 05:22:56.557,1.27409,1.27427,1.50,2.63
2013.05.03 05:22:57.398,1.27409,1.27427,1.50,1.88
2013.05.03 05:22:57.929,1.27409,1.27426,1.50,1.13
2013.05.03 05:22:58.601,1.27409,1.27427,1.50,1.88
2013.05.03 05:23:00.588,1.27406,1.27426,1.73,1.88
2013.05.03 05:23:00.838,1.27406,1.27426,1.13,1.73
2013.05.03 05:23:02.486,1.27405,1.27426,1.50,2.48
2013.05.03 05:23:03.037,1.27403,1.27426,1.35,2.48
2013.05.03 05:23:03.467,1.27403,1.27426,2.10,2.48
2013.05.03 05:23:03.982,1.27405,1.27426,1.50,2.48
2013.05.03 05:23:12.555,1.27405,1.27424,1.88,1.13
2013.05.03 05:23:12.618,1.27405,1.27425,1.88,2.63
2013.05.03 05:23:12.799,1.27405,1.27424,1.88,1.13
2013.05.03 05:23:14.447,1.27405,1.27424,1.50,1.13
2013.05.03 05:23:16.578,1.27404,1.27421,1.35,1.13
2013.05.03 05:23:16.639,1.27401,1.2742,1.73,1.13
2013.05.03 05:23:16.698,1.27399,1.2742,1.50,2.25
2013.05.03 05:23:16.757,1.27399,1.27418,1.50,1.13
2013.05.03 05:23:16.937,1.27397,1.27418,1.47,1.73
2013.05.03 05:23:17.118,1.27397,1.27417,1.47,1.20
2013.05.03 05:23:18.867,1.27395,1.27416,1.73,1.50
2013.05.03 05:23:19.208,1.27397,1.27413,1.65,1.88
2013.05.03 05:23:21.977,1.27397,1.27413,1.65,1.50
2013.05.03 05:23:31.147,1.27396,1.27413,1.65,1.13
2013.05.03 05:23:31.687,1.27392,1.27414,1.50,1.88
2013.05.03 05:23:31.937,1.27395,1.27413,1.50,1.13
2013.05.03 05:23:33.328,1.27394,1.27413,2.10,1.88
2013.05.03 05:23:35.411,1.27394,1.27412,2.10,1.13
2013.05.03 05:23:36.198,1.27394,1.27412,2.48,1.13
2013.05.03 05:23:36.738,1.27397,1.27413,1.50,1.13
2013.05.03 05:23:44.141,1.27396,1.27413,1.65,1.13
2013.05.03 05:23:44.658,1.27396,1.27414,1.65,1.88
2013.05.03 05:23:48.309,1.27397,1.27414,1.50,1.88
2013.05.03 05:23:50.608,1.27396,1.27414,2.40,2.48
2013.05.03 05:23:50.907,1.27394,1.27413,1.88,1.20
2013.05.03 05:23:51.429,1.27394,1.27411,1.13,1.73
2013.05.03 05:23:52.479,1.27394,1.27413,1.88,2.63
2013.05.03 05:23:53.017,1.27396,1.27413,1.65,1.13
2013.05.03 05:23:53.398,1.27396,1.27413,1.65,1.13
2013.05.03 05:23:53.928,1.27396,1.27413,2.40,1.13
2013.05.03 05:23:54.858,1.27399,1.27413,1.50,1.13
2013.05.03 05:23:55.398,1.27397,1.27413,1.50,1.13
2013.05.03 05:24:09.878,1.27396,1.27414,2.25,1.13
2013.05.03 05:24:10.001,1.27396,1.27412,1.50,1.13
2013.05.03 05:24:10.547,1.27395,1.27411,1.50,1.13
2013.05.03 05:24:13.572,1.27395,1.27411,1.50,1.88
2013.05.03 05:24:15.377,1.27395,1.27411,1.50,1.13
2013.05.03 05:24:18.350,1.27395,1.27414,1.35,1.50
2013.05.03 05:24:18.489,1.27395,1.27416,1.35,1.88
2013.05.03 05:24:18.858,1.27396,1.27414,1.50,1.35
2013.05.03 05:24:18.919,1.27393,1.27414,1.50,1.35
2013.05.03 05:24:19.522,1.27393,1.27412,1.50,2.48
2013.05.03 05:24:22.648,1.27394,1.27412,1.13,1.73
2013.05.03 05:24:22.708,1.27394,1.27412,1.13,1.73
2013.05.03 05:24:23.688,1.27397,1.27415,1.50,1.13
2013.05.03 05:24:30.090,1.27394,1.27409,1.50,1.13
2013.05.03 05:24:30.269,1.27389,1.27409,1.58,3.38
2013.05.03 05:24:30.328,1.27387,1.27409,1.50,3.98
2013.05.03 05:24:30.689,1.27387,1.27405,1.50,1.13
2013.05.03 05:24:33.621,1.27388,1.27406,1.50,1.13
2013.05.03 05:24:34.177,1.27387,1.27406,1.50,1.13
2013.05.03 05:24:35.407,1.2739,1.27407,1.50,1.73
2013.05.03 05:24:35.823,1.2739,1.27407,2.10,1.13
2013.05.03 05:24:36.141,1.2739,1.27407,2.10,1.13
2013.05.03 05:24:39.330,1.27391,1.27408,1.50,1.88
2013.05.03 05:24:41.298,1.27392,1.2741,1.35,1.65
2013.05.03 05:24:48.928,1.27394,1.27413,1.35,2.63
2013.05.03 05:24:51.878,1.27394,1.27413,2.10,1.13
2013.05.03 05:24:56.647,1.27394,1.27413,2.25,1.13
2013.05.03 05:25:05.391,1.27394,1.27414,1.65,1.13
2013.05.03 05:25:15.469,1.27394,1.27414,1.65,1.88
2013.05.03 05:25:18.117,1.27394,1.27413,2.10,1.28
2013.05.03 05:25:18.358,1.27393,1.27411,1.50,1.13
2013.05.03 05:25:19.787,1.2739,1.2741,2.10,1.13
2013.05.03 05:25:24.169,1.27391,1.27409,1.35,1.50
2013.05.03 05:25:24.707,1.2739,1.27408,2.10,1.50
2013.05.03 05:25:25.698,1.2739,1.27409,2.10,1.50
2013.05.03 05:25:25.758,1.27392,1.2741,1.50,1.13
2013.05.03 05:25:26.288,1.27393,1.27411,1.50,1.13
2013.05.03 05:25:33.978,1.27393,1.2741,1.50,1.50
2013.05.03 05:25:34.337,1.27393,1.27413,1.88,2.63
2013.05.03 05:25:34.397,1.27393,1.27413,1.13,1.88
2013.05.03 05:25:34.638,1.27394,1.27413,1.47,1.88
2013.05.03 05:25:35.164,1.27398,1.27415,1.88,1.13
2013.05.03 05:25:36.907,1.27398,1.27415,2.63,1.13
2013.05.03 05:25:38.368,1.27399,1.27415,1.13,1.88
2013.05.03 05:25:44.160,1.27399,1.27417,1.13,1.13
2013.05.03 05:25:45.250,1.27399,1.27418,1.13,1.88
2013.05.03 05:25:52.695,1.27399,1.27418,1.88,1.50
2013.05.03 05:25:53.215,1.27398,1.27418,2.03,1.50
2013.05.03 05:25:54.469,1.274,1.2742,4.13,1.50
2013.05.03 05:25:54.540,1.27404,1.27424,1.73,3.75
2013.05.03 05:25:54.909,1.27401,1.27424,1.50,1.13
2013.05.03 05:25:56.118,1.27402,1.27425,1.13,1.73
2013.05.03 05:25:56.238,1.27403,1.27425,1.20,1.13
2013.05.03 05:25:56.599,1.27399,1.27419,1.13,1.35
2013.05.03 05:25:56.719,1.27398,1.2742,2.25,2.10
2013.05.03 05:25:57.388,1.27398,1.2742,1.88,2.10
2013.05.03 05:25:57.511,1.27398,1.27418,2.63,1.50
2013.05.03 05:26:10.000,1.274,1.27418,1.50,1.13
2013.05.03 05:26:14.382,1.274,1.27417,1.35,1.50
2013.05.03 05:26:14.928,1.27399,1.27417,1.65,2.63
2013.05.03 05:26:15.379,1.274,1.27417,1.50,1.88
2013.05.03 05:26:16.638,1.27402,1.27417,1.50,1.13
2013.05.03 05:26:16.698,1.27402,1.27419,2.10,1.13
2013.05.03 05:26:17.265,1.27402,1.2742,2.10,1.13
2013.05.03 05:26:18.048,1.27402,1.2742,2.10,1.13
2013.05.03 05:26:18.585,1.27402,1.2742,2.10,1.13
2013.05.03 05:26:18.708,1.27402,1.27422,2.85,3.38
2013.05.03 05:26:26.868,1.27406,1.27424,1.50,4.28
2013.05.03 05:26:28.738,1.27403,1.27421,1.50,1.13
2013.05.03 05:26:29.708,1.274,1.27422,1.50,3.98
2013.05.03 05:26:30.677,1.27403,1.27421,1.50,1.13
2013.05.03 05:26:33.257,1.27401,1.27421,1.35,1.13
2013.05.03 05:26:33.972,1.274,1.27421,1.50,1.13
2013.05.03 05:26:35.469,1.274,1.27419,1.50,1.88
2013.05.03 05:26:43.858,1.27399,1.27419,1.88,2.48
2013.05.03 05:26:44.277,1.27398,1.27419,1.50,2.48
2013.05.03 05:26:44.758,1.27398,1.27417,2.10,1.13
2013.05.03 05:26:45.118,1.27398,1.27417,3.08,1.13
2013.05.03 05:26:45.428,1.27401,1.27417,1.35,1.13
2013.05.03 05:26:45.488,1.27401,1.27419,1.35,1.88
2013.05.03 05:26:45.728,1.27399,1.27417,1.50,1.13
2013.05.03 05:26:46.148,1.27396,1.27416,1.50,1.32
2013.05.03 05:26:46.208,1.27395,1.27415,1.50,3.00
2013.05.03 05:26:46.628,1.27395,1.27415,1.65,1.88
2013.05.03 05:26:47.192,1.27397,1.27416,1.50,2.63
2013.05.03 05:26:48.411,1.27397,1.27415,1.50,1.50
2013.05.03 05:26:50.159,1.27397,1.27417,1.50,2.63
2013.05.03 05:26:51.478,1.27397,1.27418,1.50,1.88
2013.05.03 05:26:54.228,1.27397,1.27417,1.50,1.13
2013.05.03 05:26:54.608,1.27397,1.27417,1.50,1.50
2013.05.03 05:26:54.908,1.27391,1.27415,2.10,2.82
2013.05.03 05:26:54.968,1.27391,1.27412,2.10,1.13
2013.05.03 05:26:55.389,1.27394,1.27412,2.10,1.13
2013.05.03 05:26:55.448,1.27394,1.27412,2.10,1.13
2013.05.03 05:26:55.687,1.27394,1.27412,1.13,1.13
2013.05.03 05:26:55.809,1.27392,1.27412,2.25,1.13
2013.05.03 05:26:55.867,1.27394,1.27412,1.50,1.13
2013.05.03 05:26:56.108,1.27392,1.27412,1.35,1.13
2013.05.03 05:26:56.228,1.27392,1.27414,1.35,2.25
2013.05.03 05:26:57.547,1.27392,1.27414,2.10,3.00
2013.05.03 05:26:58.122,1.27393,1.27414,1.50,3.00
2013.05.03 05:26:58.428,1.27394,1.27415,1.88,3.23
2013.05.03 05:26:58.957,1.27394,1.27414,1.95,1.13
2013.05.03 05:27:03.840,1.27397,1.27416,1.35,1.13
2013.05.03 05:27:05.268,1.27397,1.27418,1.35,1.88
2013.05.03 05:27:07.248,1.27397,1.27417,1.35,1.88
2013.05.03 05:27:09.262,1.27397,1.27417,1.35,1.88
2013.05.03 05:27:09.758,1.27397,1.27417,1.88,1.88
2013.05.03 05:27:09.941,1.27401,1.27419,2.25,1.13
2013.05.03 05:27:10.128,1.27401,1.2742,4.28,1.13
2013.05.03 05:27:10.429,1.27402,1.27423,1.13,1.13
2013.05.03 05:27:10.749,1.27403,1.27424,1.20,1.13
2013.05.03 05:27:11.288,1.27404,1.27426,3.00,2.63
2013.05.03 05:27:12.798,1.27407,1.27428,1.50,1.13
2013.05.03 05:27:13.338,1.27407,1.27428,1.73,1.13
2013.05.03 05:27:14.458,1.27409,1.27428,1.35,1.28
2013.05.03 05:27:14.879,1.27407,1.27427,1.13,2.25
2013.05.03 05:27:15.238,1.27407,1.27427,1.58,2.40
2013.05.03 05:27:15.297,1.27404,1.27427,1.35,2.40
2013.05.03 05:27:15.888,1.27404,1.27426,1.73,1.50
2013.05.03 05:27:15.953,1.27406,1.27428,3.45,1.88
2013.05.03 05:27:16.199,1.27406,1.27427,1.50,2.25
2013.05.03 05:27:16.518,1.27405,1.27427,1.88,1.50
2013.05.03 05:27:17.065,1.27408,1.27427,1.50,2.25
2013.05.03 05:27:28.349,1.27409,1.27426,1.35,1.13
2013.05.03 05:27:29.368,1.2741,1.27429,1.50,1.13
2013.05.03 05:27:29.909,1.27411,1.27428,1.13,1.13
2013.05.03 05:27:30.267,1.27411,1.2743,1.35,1.50
2013.05.03 05:27:30.878,1.27413,1.27431,1.50,1.13
2013.05.03 05:27:32.109,1.27411,1.2743,1.50,1.50
2013.05.03 05:27:37.604,1.27413,1.27431,1.50,1.13
2013.05.03 05:27:37.788,1.27414,1.27433,1.50,1.13
2013.05.03 05:27:37.909,1.27414,1.27434,1.73,1.88
2013.05.03 05:27:38.219,1.27423,1.27438,1.65,1.50
2013.05.03 05:27:38.280,1.27423,1.27441,1.65,1.13
2013.05.03 05:27:39.399,1.27422,1.27441,1.28,1.13
2013.05.03 05:27:39.988,1.27421,1.27441,1.13,1.50
2013.05.03 05:27:41.453,1.2742,1.27438,1.35,1.50
2013.05.03 05:27:41.699,1.27418,1.27438,1.50,1.50
2013.05.03 05:27:42.058,1.27419,1.27439,1.35,1.88
2013.05.03 05:27:53.158,1.27418,1.27439,2.10,1.88
2013.05.03 05:27:53.338,1.27418,1.27438,1.88,1.50
2013.05.03 05:27:53.889,1.2742,1.27439,1.50,1.88
2013.05.03 05:27:58.740,1.2742,1.27438,1.50,1.88
2013.05.03 05:28:18.847,1.27419,1.27439,1.13,1.13
2013.05.03 05:28:20.371,1.27422,1.27439,1.50,1.13
2013.05.03 05:28:20.618,1.27428,1.27445,1.35,1.13
2013.05.03 05:28:20.679,1.27428,1.27447,1.73,1.50
2013.05.03 05:28:20.739,1.27433,1.27447,1.13,1.50
2013.05.03 05:28:20.869,1.27431,1.27447,1.13,1.50
2013.05.03 05:28:20.939,1.27426,1.27447,1.95,2.25
2013.05.03 05:28:21.057,1.27431,1.27452,1.13,2.70
2013.05.03 05:28:21.178,1.27431,1.2745,1.13,1.95
2013.05.03 05:28:21.301,1.27429,1.2745,1.50,1.73
2013.05.03 05:28:21.489,1.27428,1.2745,1.35,3.23
2013.05.03 05:28:21.548,1.27428,1.27448,1.35,1.50
2013.05.03 05:28:21.848,1.27428,1.27448,1.35,1.50
2013.05.03 05:28:22.397,1.27428,1.27448,1.35,1.50
2013.05.03 05:28:23.149,1.27424,1.27445,3.00,1.35
2013.05.03 05:28:23.757,1.27419,1.27444,2.44,2.10
2013.05.03 05:28:30.089,1.27419,1.27443,2.25,1.35
2013.05.03 05:28:30.911,1.27419,1.27442,1.65,1.35
2013.05.03 05:28:31.588,1.27419,1.27443,2.25,1.35
2013.05.03 05:28:33.428,1.27423,1.27445,2.48,1.73
2013.05.03 05:28:33.548,1.27425,1.27446,1.73,1.73
2013.05.03 05:28:34.099,1.27425,1.27445,1.13,1.35
2013.05.03 05:28:34.459,1.27425,1.27443,1.13,1.35
2013.05.03 05:28:34.927,1.27425,1.27443,1.13,1.35
2013.05.03 05:28:38.458,1.27424,1.27441,1.13,1.35
2013.05.03 05:28:38.828,1.27423,1.27441,1.88,1.35
2013.05.03 05:28:40.009,1.27423,1.27442,1.88,1.50
2013.05.03 05:28:43.719,1.27425,1.27444,1.50,3.23
2013.05.03 05:28:43.997,1.27425,1.27443,1.50,1.35
2013.05.03 05:29:08.458,1.27424,1.27442,1.50,1.35
2013.05.03 05:29:08.520,1.27424,1.27442,1.50,1.35
2013.05.03 05:29:12.204,1.27423,1.27442,1.65,1.35
2013.05.03 05:29:25.318,1.27424,1.27442,1.50,1.35
2013.05.03 05:29:31.478,1.27423,1.27444,2.25,1.50
2013.05.03 05:29:31.538,1.27425,1.27446,1.35,1.50
2013.05.03 05:29:32.158,1.27425,1.27444,2.10,1.50
2013.05.03 05:29:48.058,1.27424,1.27446,1.50,1.50
2013.05.03 05:29:51.919,1.27425,1.27448,1.95,1.50
2013.05.03 05:29:52.038,1.27426,1.27449,1.73,2.85
2013.05.03 05:29:52.217,1.27425,1.27449,1.95,2.85
2013.05.03 05:29:52.834,1.27428,1.27449,1.35,1.73
2013.05.03 05:30:00.369,1.27425,1.27448,1.58,1.13
2013.05.03 05:30:00.430,1.27423,1.27446,1.35,1.65
2013.05.03 05:30:00.498,1.27423,1.27445,1.50,1.58
2013.05.03 05:30:01.220,1.27422,1.27444,1.35,1.73
2013.05.03 05:30:01.789,1.27421,1.27444,1.35,2.48
2013.05.03 05:30:02.138,1.27422,1.27443,1.35,1.73
2013.05.03 05:30:13.409,1.27422,1.2744,1.50,1.50
2013.05.03 05:30:18.360,1.27424,1.27439,1.50,1.13
2013.05.03 05:30:22.753,1.27423,1.27441,1.65,1.73
2013.05.03 05:30:23.481,1.27423,1.27441,2.40,1.73
2013.05.03 05:30:23.989,1.27423,1.27441,1.65,1.73
2013.05.03 05:30:25.641,1.27419,1.27441,2.44,1.95
2013.05.03 05:30:25.712,1.27419,1.27437,2.07,1.13
2013.05.03 05:30:27.738,1.27418,1.27437,1.65,1.73
2013.05.03 05:30:29.378,1.27419,1.27437,1.50,1.73
2013.05.03 05:30:35.448,1.27415,1.27436,2.25,1.35
2013.05.03 05:30:38.349,1.27417,1.27436,1.50,1.35
2013.05.03 05:30:38.648,1.27417,1.27439,1.35,4.13
2013.05.03 05:30:39.189,1.27417,1.27439,1.73,1.73
2013.05.03 05:30:44.060,1.27416,1.27437,1.73,1.35
2013.05.03 05:30:49.419,1.27419,1.27441,2.78,2.63
2013.05.03 05:30:49.538,1.27419,1.27441,1.50,2.63
2013.05.03 05:30:56.068,1.27418,1.2744,1.73,1.88
2013.05.03 05:31:11.548,1.27417,1.27439,2.25,1.50
2013.05.03 05:31:16.548,1.27418,1.27438,2.48,1.50
2013.05.03 05:31:17.140,1.27418,1.27438,2.25,1.50
2013.05.03 05:31:32.479,1.27418,1.27441,1.50,1.35
2013.05.03 05:31:48.948,1.27417,1.27438,1.50,1.50
2013.05.03 05:31:58.818,1.27417,1.27438,1.73,1.50
2013.05.03 05:32:14.198,1.27415,1.27441,1.95,1.73
2013.05.03 05:32:17.888,1.27415,1.27435,1.50,1.13
2013.05.03 05:32:18.189,1.27414,1.27434,1.35,1.65
2013.05.03 05:32:18.549,1.27413,1.27434,2.63,1.65
2013.05.03 05:32:21.448,1.27411,1.27433,4.13,1.65
2013.05.03 05:32:22.478,1.27411,1.27433,1.50,1.65
2013.05.03 05:32:22.858,1.27411,1.27431,1.50,1.50
2013.05.03 05:32:24.588,1.27412,1.27432,2.33,1.50
2013.05.03 05:32:29.952,1.27412,1.27432,1.58,1.50
2013.05.03 05:32:30.172,1.27412,1.27432,1.58,1.50
2013.05.03 05:32:30.836,1.27412,1.27432,1.58,1.50
2013.05.03 05:32:31.018,1.2741,1.2743,1.50,1.58
2013.05.03 05:32:31.140,1.27408,1.2743,2.78,1.58
2013.05.03 05:32:31.439,1.27405,1.27427,2.10,1.50
2013.05.03 05:32:31.678,1.27402,1.27425,2.25,1.35
2013.05.03 05:32:31.738,1.27402,1.27423,1.65,2.10
2013.05.03 05:32:32.039,1.27401,1.27421,1.13,1.35
2013.05.03 05:32:33.528,1.27401,1.2742,1.13,1.35
2013.05.03 05:32:34.378,1.27401,1.2742,1.13,1.35
2013.05.03 05:32:34.908,1.27401,1.2742,1.13,1.35
2013.05.03 05:32:38.499,1.27401,1.27418,1.13,1.13
2013.05.03 05:32:38.809,1.27401,1.27416,1.13,1.58
2013.05.03 05:32:38.929,1.27397,1.27416,1.50,1.58
2013.05.03 05:32:39.109,1.27393,1.27415,1.13,2.14
2013.05.03 05:32:39.539,1.27389,1.27412,1.50,1.35
2013.05.03 05:32:39.660,1.27387,1.27409,1.50,1.17
2013.05.03 05:32:39.909,1.27387,1.27408,1.13,1.35
2013.05.03 05:32:40.210,1.27383,1.27408,2.25,1.20
2013.05.03 05:32:42.509,1.27384,1.27405,1.50,1.13
2013.05.03 05:32:56.588,1.27384,1.27405,1.50,1.13
2013.05.03 05:33:00.189,1.27383,1.27405,1.50,1.13
2013.05.03 05:33:02.359,1.27383,1.27405,1.50,1.13
2013.05.03 05:33:15.092,1.27382,1.27405,1.35,1.13
2013.05.03 05:33:16.249,1.27382,1.27404,2.85,1.13
2013.05.03 05:33:17.700,1.27384,1.27401,1.50,1.50
2013.05.03 05:33:18.009,1.27384,1.27399,1.50,1.13
2013.05.03 05:33:18.309,1.27381,1.27402,1.35,1.35
2013.05.03 05:33:18.429,1.27379,1.27402,1.50,3.60
2013.05.03 05:33:18.609,1.27375,1.27399,1.69,2.25
2013.05.03 05:33:18.729,1.27375,1.274,1.73,3.23
2013.05.03 05:33:19.298,1.27375,1.27399,1.35,2.10
2013.05.03 05:33:19.410,1.27375,1.27398,1.35,1.50
2013.05.03 05:33:20.102,1.27375,1.27397,1.35,1.50
2013.05.03 05:33:20.804,1.27375,1.27397,1.35,1.50
2013.05.03 05:33:21.031,1.27375,1.27397,1.35,1.50
2013.05.03 05:33:36.150,1.27374,1.27396,2.10,1.35
2013.05.03 05:33:36.974,1.27374,1.27396,2.85,2.10
2013.05.03 05:33:39.975,1.27374,1.27396,2.10,2.10
2013.05.03 05:33:40.941,1.27375,1.27396,1.50,2.10
2013.05.03 05:33:41.259,1.27374,1.27392,1.35,1.50
2013.05.03 05:33:41.569,1.27369,1.2739,1.50,1.13
2013.05.03 05:33:42.122,1.27367,1.27388,1.35,1.13
2013.05.03 05:33:42.188,1.27367,1.27388,1.35,1.13
2013.05.03 05:33:43.609,1.27369,1.27386,2.10,1.13
2013.05.03 05:33:44.080,1.27369,1.27386,2.48,1.13
2013.05.03 05:33:44.439,1.27374,1.27392,1.35,1.13
2013.05.03 05:33:44.618,1.27374,1.27394,1.35,1.88
2013.05.03 05:33:44.799,1.27374,1.27394,2.70,1.88
2013.05.03 05:33:45.960,1.27375,1.27394,2.10,1.88
2013.05.03 05:33:49.670,1.27372,1.2739,1.50,1.50
2013.05.03 05:33:49.848,1.27369,1.2739,1.35,1.35
2013.05.03 05:33:50.389,1.27368,1.2739,1.50,1.58
2013.05.03 05:33:50.818,1.27371,1.27392,1.35,1.50
2013.05.03 05:33:51.403,1.27368,1.27389,1.50,1.35
2013.05.03 05:33:55.520,1.27367,1.27389,1.50,1.35
2013.05.03 05:33:56.349,1.27367,1.27388,1.50,1.35
2013.05.03 05:33:57.360,1.27367,1.2739,1.50,2.10
2013.05.03 05:34:00.341,1.2737,1.2739,1.50,2.10
2013.05.03 05:34:00.590,1.27371,1.27391,1.50,1.73
2013.05.03 05:34:01.099,1.27371,1.27391,1.50,1.73
2013.05.03 05:34:01.701,1.27371,1.27391,2.25,1.73
2013.05.03 05:34:03.856,1.27371,1.27391,2.25,1.35
2013.05.03 05:34:04.387,1.27371,1.27391,2.25,1.35
2013.05.03 05:34:04.784,1.27371,1.27393,2.25,1.35
2013.05.03 05:34:05.361,1.27371,1.27391,2.25,1.50
2013.05.03 05:34:05.905,1.27371,1.27392,2.25,1.50
2013.05.03 05:34:09.139,1.27373,1.27391,1.35,1.50
2013.05.03 05:34:16.838,1.27373,1.27394,1.35,1.35
2013.05.03 05:34:20.559,1.27373,1.27392,1.35,1.50
2013.05.03 05:34:20.680,1.27371,1.27387,1.50,2.10
2013.05.03 05:34:20.978,1.27365,1.27388,1.50,1.20
2013.05.03 05:34:21.159,1.27367,1.2739,1.35,1.73
2013.05.03 05:34:21.349,1.27367,1.2739,1.35,1.73
2013.05.03 05:34:21.649,1.27368,1.27388,1.50,1.13
2013.05.03 05:34:22.019,1.27368,1.27388,1.50,1.88
2013.05.03 05:34:27.629,1.27368,1.27388,1.50,1.88
2013.05.03 05:34:28.355,1.27371,1.27389,1.35,1.13
2013.05.03 05:34:28.713,1.27375,1.27395,2.10,1.13
2013.05.03 05:34:29.220,1.27375,1.27396,1.35,1.50
2013.05.03 05:34:29.769,1.27375,1.27396,1.35,1.88
2013.05.03 05:34:30.251,1.27374,1.27394,1.50,2.10
2013.05.03 05:34:30.380,1.2737,1.27393,1.95,2.25
2013.05.03 05:34:31.670,1.27369,1.2739,1.13,1.50
2013.05.03 05:34:32.276,1.27367,1.27391,1.35,2.10
2013.05.03 05:34:32.947,1.27367,1.2739,1.35,1.50
2013.05.03 05:34:33.615,1.27369,1.27389,1.50,1.50
2013.05.03 05:34:34.348,1.27369,1.27389,1.50,1.50
2013.05.03 05:34:34.839,1.27374,1.27389,1.35,1.50
2013.05.03 05:34:34.960,1.27375,1.27392,1.35,1.50
2013.05.03 05:34:35.089,1.27375,1.27394,1.35,1.69
2013.05.03 05:34:35.671,1.27376,1.27394,1.35,1.32
2013.05.03 05:34:37.062,1.27376,1.27392,1.35,1.13
2013.05.03 05:34:37.369,1.27372,1.27391,1.35,1.50
2013.05.03 05:34:39.129,1.27372,1.27391,1.35,1.50
2013.05.03 05:34:44.138,1.27372,1.2739,1.35,1.50
2013.05.03 05:34:44.810,1.27369,1.2739,1.35,1.50
2013.05.03 05:34:45.539,1.27369,1.2739,1.35,1.50
2013.05.03 05:34:46.066,1.27369,1.2739,1.35,1.50
2013.05.03 05:34:46.610,1.27369,1.2739,1.35,1.50
2013.05.03 05:34:48.271,1.27369,1.2739,1.35,1.50
2013.05.03 05:34:48.398,1.27369,1.2739,1.35,1.50
2013.05.03 05:34:50.708,1.2737,1.27389,1.50,1.13
2013.05.03 05:34:50.948,1.27369,1.27389,1.35,1.13
2013.05.03 05:34:51.757,1.27369,1.27389,1.35,1.13
2013.05.03 05:34:57.293,1.2737,1.27389,1.50,1.13
2013.05.03 05:34:57.423,1.2737,1.27391,1.50,2.63
2013.05.03 05:34:57.488,1.27372,1.27391,2.10,2.63
2013.05.03 05:34:57.849,1.27376,1.27394,1.35,1.13
2013.05.03 05:34:59.061,1.27376,1.27394,2.10,1.13
2013.05.03 05:35:01.729,1.27375,1.27395,2.10,1.13
2013.05.03 05:35:02.100,1.27371,1.27393,1.35,1.13
2013.05.03 05:35:02.739,1.27371,1.27393,1.35,1.13
2013.05.03 05:35:03.189,1.27371,1.27393,1.35,1.88
2013.05.03 05:35:04.159,1.27371,1.27392,2.10,1.13
2013.05.03 05:35:09.131,1.27375,1.27394,1.35,1.50
2013.05.03 05:35:09.440,1.27373,1.27397,2.85,1.73
2013.05.03 05:35:09.809,1.27373,1.27397,1.35,2.85
2013.05.03 05:35:10.169,1.27373,1.27396,2.10,1.50
2013.05.03 05:35:14.739,1.27373,1.27394,1.50,1.35
2013.05.03 05:35:14.861,1.27372,1.27394,3.00,1.35
2013.05.03 05:35:14.932,1.27372,1.27395,2.25,1.32
2013.05.03 05:35:15.001,1.27373,1.27394,1.35,1.50
2013.05.03 05:35:15.223,1.27374,1.27396,1.35,1.09
2013.05.03 05:35:19.299,1.27371,1.27395,1.50,1.35
2013.05.03 05:35:19.360,1.27371,1.27394,1.50,1.13
2013.05.03 05:35:19.865,1.27373,1.27394,1.35,1.13
2013.05.03 05:35:20.401,1.27373,1.27394,1.35,1.13
2013.05.03 05:35:21.091,1.27372,1.27394,1.50,1.73
2013.05.03 05:35:21.530,1.27372,1.27395,1.50,1.73
2013.05.03 05:35:22.702,1.27372,1.27394,2.25,1.73
2013.05.03 05:35:22.890,1.27371,1.27393,1.50,1.73
2013.05.03 05:35:23.207,1.2737,1.27391,1.13,1.35
2013.05.03 05:35:26.770,1.27369,1.27391,1.50,1.73
2013.05.03 05:35:27.334,1.27369,1.27391,1.50,1.35
2013.05.03 05:35:27.890,1.27372,1.27393,1.73,2.48
2013.05.03 05:35:27.961,1.27372,1.27394,1.73,1.54
2013.05.03 05:35:28.521,1.27374,1.27396,1.50,3.42
2013.05.03 05:35:29.459,1.27374,1.27396,1.50,1.73
2013.05.03 05:35:34.412,1.27376,1.27397,1.35,1.73
2013.05.03 05:35:34.479,1.27376,1.27397,1.35,1.73
2013.05.03 05:35:34.599,1.27376,1.27397,1.35,1.13
2013.05.03 05:35:35.410,1.27376,1.27397,2.10,2.25
2013.05.03 05:35:35.470,1.27376,1.27393,1.35,1.69
2013.05.03 05:35:35.590,1.27373,1.27393,1.65,1.13
2013.05.03 05:35:35.650,1.27372,1.27393,1.88,1.13
2013.05.03 05:35:35.709,1.27372,1.27394,1.88,1.50
2013.05.03 05:35:35.829,1.27372,1.27394,1.88,1.13
2013.05.03 05:35:36.278,1.27375,1.27397,2.10,1.73
2013.05.03 05:35:38.854,1.27375,1.27397,1.35,1.73
2013.05.03 05:35:48.540,1.27375,1.27397,1.35,1.73
2013.05.03 05:35:49.690,1.27375,1.27397,1.35,1.73
2013.05.03 05:35:49.989,1.27375,1.27397,1.35,1.73
2013.05.03 05:35:50.510,1.27375,1.27397,1.35,1.73
2013.05.03 05:35:51.469,1.27375,1.27399,1.50,1.95
2013.05.03 05:35:53.919,1.27379,1.27399,1.50,1.95
2013.05.03 05:35:54.469,1.27377,1.27399,1.50,1.73
2013.05.03 05:36:04.608,1.27377,1.27399,1.50,1.35
2013.05.03 05:36:08.820,1.27377,1.27399,1.50,1.35
2013.05.03 05:36:09.519,1.27377,1.27399,1.50,1.35
2013.05.03 05:36:20.420,1.27377,1.27399,1.50,1.35
2013.05.03 05:36:28.050,1.27378,1.27399,1.50,2.10
2013.05.03 05:36:30.869,1.2738,1.27399,1.50,2.10
2013.05.03 05:36:33.029,1.27377,1.27399,1.50,2.10
2013.05.03 05:36:39.227,1.27377,1.27399,1.50,2.48
2013.05.03 05:36:41.690,1.2738,1.27401,1.88,1.20
2013.05.03 05:36:41.929,1.27384,1.27403,1.35,1.13
2013.05.03 05:36:42.749,1.27383,1.27404,1.35,1.73
2013.05.03 05:36:43.239,1.27384,1.27404,1.50,2.48
2013.05.03 05:36:43.629,1.27384,1.27406,1.50,1.28
2013.05.03 05:36:44.309,1.27384,1.27404,1.50,1.88
2013.05.03 05:36:44.369,1.27384,1.27404,1.50,1.88
2013.05.03 05:36:44.938,1.27385,1.27403,1.50,1.13
2013.05.03 05:36:45.167,1.27381,1.27403,2.25,1.50
2013.05.03 05:36:49.890,1.27382,1.27403,1.65,1.50
2013.05.03 05:36:51.243,1.27383,1.27403,1.50,1.50
2013.05.03 05:36:51.898,1.27383,1.27403,1.50,1.50
2013.05.03 05:36:57.728,1.27383,1.27403,2.40,1.50
2013.05.03 05:36:58.270,1.27383,1.27402,1.50,1.50
2013.05.03 05:36:58.399,1.27381,1.27402,1.50,1.50
2013.05.03 05:36:58.642,1.27378,1.27401,2.63,1.35
2013.05.03 05:36:58.770,1.27378,1.27399,1.35,1.50
2013.05.03 05:37:00.499,1.27377,1.27398,2.10,2.25
2013.05.03 05:37:01.218,1.27378,1.27398,1.50,2.25
2013.05.03 05:37:02.113,1.27378,1.27398,1.50,2.25
2013.05.03 05:37:02.800,1.2738,1.27398,1.50,1.50
2013.05.03 05:37:02.920,1.27381,1.274,1.35,1.69
2013.05.03 05:37:03.161,1.27381,1.274,1.35,1.32
2013.05.03 05:37:03.679,1.27383,1.27401,1.35,1.32
2013.05.03 05:37:04.858,1.27384,1.274,1.35,1.32
2013.05.03 05:37:05.521,1.27384,1.274,1.35,1.32
2013.05.03 05:37:07.201,1.27384,1.27401,1.35,1.50
2013.05.03 05:37:07.390,1.27384,1.27405,1.35,1.50
2013.05.03 05:37:07.809,1.27384,1.27406,1.50,2.10
2013.05.03 05:37:08.969,1.27386,1.27405,1.50,1.35
2013.05.03 05:37:17.910,1.27383,1.27403,3.38,1.50
2013.05.03 05:37:25.089,1.27383,1.27403,1.65,2.10
2013.05.03 05:37:27.199,1.27386,1.27403,1.50,1.35
2013.05.03 05:37:27.721,1.27383,1.27403,1.13,3.38
2013.05.03 05:37:27.909,1.27381,1.27402,1.88,2.63
2013.05.03 05:37:27.969,1.27381,1.27401,1.50,1.58
2013.05.03 05:37:28.213,1.2738,1.274,1.50,2.63
2013.05.03 05:37:29.090,1.27378,1.27401,1.28,1.35
2013.05.03 05:37:30.069,1.27379,1.274,1.65,1.35
2013.05.03 05:37:31.980,1.27381,1.274,1.50,1.35
2013.05.03 05:37:32.519,1.27378,1.274,1.65,2.10
2013.05.03 05:37:33.540,1.27378,1.274,1.65,2.10
2013.05.03 05:37:34.194,1.2738,1.274,1.50,2.10
2013.05.03 05:37:35.008,1.27381,1.274,1.50,2.10
2013.05.03 05:37:39.460,1.2738,1.274,1.50,1.35
2013.05.03 05:37:43.708,1.27378,1.274,1.65,1.35
2013.05.03 05:37:44.428,1.27378,1.274,1.65,1.35
2013.05.03 05:37:51.758,1.27378,1.274,1.65,1.35
2013.05.03 05:37:55.650,1.27378,1.27401,1.65,2.85
2013.05.03 05:37:59.910,1.27378,1.27399,1.65,1.58
2013.05.03 05:38:00.281,1.27379,1.274,1.65,1.35
2013.05.03 05:38:00.409,1.2738,1.27401,1.35,1.35
2013.05.03 05:38:00.478,1.2738,1.27403,1.35,2.85
2013.05.03 05:38:00.959,1.27382,1.27403,1.35,2.03
2013.05.03 05:38:02.538,1.27383,1.27404,1.35,2.25
2013.05.03 05:38:06.670,1.27384,1.27404,1.50,2.10
2013.05.03 05:38:06.791,1.27386,1.27406,1.35,1.69
2013.05.03 05:38:08.289,1.27386,1.27407,1.35,1.50
2013.05.03 05:38:08.881,1.27386,1.27407,1.35,1.50
2013.05.03 05:38:10.139,1.27386,1.27407,1.35,1.50
2013.05.03 05:38:10.693,1.27386,1.27407,1.35,1.50
2013.05.03 05:38:11.249,1.27384,1.27404,2.33,1.50
2013.05.03 05:38:11.311,1.27384,1.27404,2.10,1.50
2013.05.03 05:38:11.860,1.27381,1.27404,2.03,2.10
2013.05.03 05:38:11.991,1.27381,1.27404,2.78,1.35
2013.05.03 05:38:12.300,1.27384,1.27405,1.58,1.50
2013.05.03 05:38:12.361,1.27383,1.27405,2.10,1.50
2013.05.03 05:38:16.159,1.27384,1.27408,1.35,2.25
2013.05.03 05:38:16.309,1.27385,1.27407,1.35,1.50
2013.05.03 05:38:16.909,1.27385,1.27407,1.35,1.50
2013.05.03 05:38:17.625,1.27387,1.27409,1.65,1.50
2013.05.03 05:38:17.691,1.27387,1.2741,1.65,1.35
2013.05.03 05:38:17.760,1.2739,1.2741,1.50,1.35
2013.05.03 05:38:18.074,1.27392,1.27416,2.48,2.03
2013.05.03 05:38:18.390,1.2739,1.27413,2.44,1.50
2013.05.03 05:38:18.690,1.2739,1.27412,1.84,2.33
2013.05.03 05:38:19.499,1.2739,1.2741,1.65,1.35
2013.05.03 05:38:20.010,1.27389,1.27409,1.65,1.58
2013.05.03 05:38:20.579,1.27388,1.27409,1.88,1.35
2013.05.03 05:38:21.249,1.27388,1.2741,1.88,1.35
2013.05.03 05:38:25.310,1.27388,1.2741,1.13,1.35
2013.05.03 05:38:26.269,1.27389,1.27411,1.50,2.10
2013.05.03 05:38:26.880,1.27388,1.2741,1.73,1.35
2013.05.03 05:38:27.250,1.27386,1.27408,1.65,1.20
2013.05.03 05:38:27.370,1.27385,1.27407,2.25,1.88
2013.05.03 05:38:27.501,1.27387,1.27405,1.35,1.50
2013.05.03 05:38:27.809,1.27382,1.27406,2.33,1.35
2013.05.03 05:38:28.692,1.27383,1.27405,1.88,2.10
2013.05.03 05:38:29.200,1.27384,1.27402,1.13,1.50
2013.05.03 05:38:46.410,1.27386,1.27406,2.10,2.25
2013.05.03 05:39:01.899,1.27386,1.27404,1.35,1.50
2013.05.03 05:39:02.749,1.27384,1.27404,1.50,1.50
2013.05.03 05:39:07.370,1.27387,1.27406,1.50,1.50
2013.05.03 05:39:07.609,1.27388,1.27408,1.88,1.50
2013.05.03 05:39:07.899,1.27388,1.27409,3.00,1.13
2013.05.03 05:39:09.519,1.27388,1.27409,2.70,1.13
2013.05.03 05:39:14.660,1.2739,1.27412,1.50,2.25
2013.05.03 05:39:17.419,1.27388,1.27412,2.48,1.35
2013.05.03 05:39:24.209,1.27388,1.27411,1.73,1.50
2013.05.03 05:39:27.000,1.27388,1.2741,1.73,1.50
2013.05.03 05:39:30.589,1.27388,1.2741,1.73,1.50
2013.05.03 05:39:38.529,1.27387,1.2741,1.73,2.10
2013.05.03 05:39:39.238,1.27388,1.2741,1.73,2.10
2013.05.03 05:39:39.979,1.27388,1.2741,1.73,2.10
2013.05.03 05:39:54.600,1.27391,1.2741,1.65,1.50
2013.05.03 05:39:54.673,1.27393,1.27412,1.13,1.35
2013.05.03 05:39:54.741,1.27394,1.27413,3.38,1.50
2013.05.03 05:39:54.931,1.27394,1.27416,2.07,1.35
2013.05.03 05:39:55.183,1.27393,1.27417,1.95,2.67
2013.05.03 05:39:55.431,1.27394,1.27414,1.73,1.50
2013.05.03 05:39:55.740,1.27394,1.27413,3.00,1.50
2013.05.03 05:39:55.861,1.27394,1.27414,1.73,1.50
2013.05.03 05:39:56.411,1.27394,1.27414,1.13,1.50
2013.05.03 05:39:57.540,1.27396,1.27416,1.50,1.88
2013.05.03 05:40:00.332,1.27394,1.27416,1.50,1.35
2013.05.03 05:40:00.880,1.27396,1.27418,1.50,3.00
2013.05.03 05:40:01.380,1.27398,1.27418,1.50,2.25
2013.05.03 05:40:02.690,1.27398,1.27418,1.50,1.50
2013.05.03 05:40:03.297,1.27397,1.27418,2.25,1.50
2013.05.03 05:40:03.729,1.27394,1.27415,1.50,1.35
2013.05.03 05:40:03.950,1.27394,1.27414,1.50,1.50
2013.05.03 05:40:04.130,1.27392,1.27413,1.13,1.50
2013.05.03 05:40:06.301,1.27394,1.27415,1.73,1.50
2013.05.03 05:40:06.602,1.27397,1.2742,2.25,1.73
2013.05.03 05:40:06.741,1.27397,1.2742,3.53,1.13
2013.05.03 05:40:06.810,1.27397,1.27421,3.53,2.10
2013.05.03 05:40:14.371,1.274,1.2742,1.73,1.50
2013.05.03 05:40:14.683,1.274,1.27424,1.20,1.35
2013.05.03 05:40:15.360,1.274,1.27419,2.48,1.50
2013.05.03 05:40:16.030,1.27398,1.27419,2.07,1.35
2013.05.03 05:40:16.090,1.27398,1.27419,1.09,1.35
2013.05.03 05:40:18.541,1.27396,1.27416,1.13,1.35
2013.05.03 05:40:21.492,1.27394,1.27418,1.58,3.00
2013.05.03 05:40:21.562,1.27394,1.27418,1.58,3.00
2013.05.03 05:40:22.150,1.27395,1.27418,1.35,1.50
2013.05.03 05:40:22.400,1.27395,1.27418,1.73,2.10
2013.05.03 05:40:22.920,1.27398,1.27418,1.73,1.50
2013.05.03 05:40:23.664,1.27398,1.27418,1.50,1.50
2013.05.03 05:40:24.831,1.27401,1.27421,1.13,2.10
2013.05.03 05:40:24.964,1.27401,1.27423,1.13,2.85
2013.05.03 05:40:25.030,1.27401,1.27423,1.13,2.10
2013.05.03 05:40:25.150,1.27401,1.2742,1.88,1.32
2013.05.03 05:40:25.210,1.274,1.2742,1.35,1.32
2013.05.03 05:40:25.390,1.27398,1.27417,1.09,1.13
2013.05.03 05:40:25.949,1.27397,1.27416,1.50,1.50
2013.05.03 05:40:29.800,1.27398,1.2742,3.00,1.32
2013.05.03 05:40:29.860,1.27398,1.2742,5.97,1.32
2013.05.03 05:40:30.439,1.27398,1.2742,4.92,1.32
2013.05.03 05:40:30.792,1.274,1.27419,1.35,1.50
2013.05.03 05:40:31.951,1.27402,1.27421,1.50,1.35
2013.05.03 05:40:32.081,1.27404,1.27424,1.69,1.32
2013.05.03 05:40:32.212,1.27404,1.27424,2.44,2.07
2013.05.03 05:40:32.760,1.27403,1.27424,1.50,3.42
2013.05.03 05:40:33.310,1.27403,1.27424,2.85,2.07
2013.05.03 05:40:33.932,1.27404,1.27423,1.50,1.50
2013.05.03 05:40:34.889,1.27405,1.27428,2.10,1.50
2013.05.03 05:40:35.149,1.27406,1.2743,1.35,3.08
2013.05.03 05:40:35.330,1.27409,1.2743,1.35,2.10
2013.05.03 05:40:36.448,1.27407,1.2743,1.65,2.85
2013.05.03 05:40:38.045,1.27408,1.27428,1.65,1.50
2013.05.03 05:40:38.231,1.27406,1.27427,1.13,1.50
2013.05.03 05:40:38.290,1.27404,1.27427,1.13,4.13
2013.05.03 05:40:38.411,1.27404,1.27427,1.13,2.85
2013.05.03 05:40:38.890,1.27406,1.27425,1.13,2.10
2013.05.03 05:40:38.950,1.27404,1.27425,1.50,2.10
2013.05.03 05:40:39.129,1.27401,1.27425,1.13,1.58
2013.05.03 05:40:39.668,1.27401,1.27422,1.13,1.50
2013.05.03 05:40:41.330,1.27402,1.27422,1.65,1.35
2013.05.03 05:40:41.630,1.27402,1.27425,2.25,1.50
2013.05.03 05:40:41.691,1.27402,1.27425,2.25,2.33
2013.05.03 05:40:41.939,1.27401,1.27422,1.88,1.35
2013.05.03 05:40:43.392,1.27402,1.27422,1.65,1.35
2013.05.03 05:40:43.460,1.27408,1.27426,1.13,2.85
2013.05.03 05:40:43.700,1.27408,1.2743,2.85,1.35
2013.05.03 05:40:45.850,1.2741,1.27429,1.13,1.50
2013.05.03 05:40:46.510,1.27411,1.27432,1.65,1.58
2013.05.03 05:40:48.971,1.27414,1.27432,2.25,1.58
2013.05.03 05:40:49.280,1.27416,1.27441,3.30,1.35
2013.05.03 05:40:51.086,1.27418,1.27436,1.50,1.50
2013.05.03 05:40:51.389,1.27418,1.27436,1.65,1.50
2013.05.03 05:40:51.751,1.27424,1.27442,1.69,2.10
2013.05.03 05:40:51.940,1.27427,1.27443,1.20,1.50
2013.05.03 05:40:52.190,1.27424,1.27443,1.88,2.33
2013.05.03 05:40:52.310,1.27424,1.27447,2.25,1.35
2013.05.03 05:40:54.090,1.27423,1.27444,1.65,2.33
2013.05.03 05:40:54.152,1.27423,1.27442,1.65,1.35
2013.05.03 05:40:54.221,1.27423,1.27439,1.13,1.50
2013.05.03 05:40:54.410,1.27416,1.27436,1.88,2.10
2013.05.03 05:40:54.470,1.27414,1.27433,1.65,1.35
2013.05.03 05:40:54.769,1.2741,1.27433,1.50,1.35
2013.05.03 05:40:57.231,1.2741,1.27432,1.88,1.35
2013.05.03 05:40:57.359,1.2741,1.27432,1.88,1.58
2013.05.03 05:40:59.480,1.2741,1.27432,1.88,1.35
2013.05.03 05:41:08.502,1.27411,1.27434,1.50,1.35
2013.05.03 05:41:09.009,1.27411,1.27435,3.00,1.35
2013.05.03 05:41:09.519,1.27413,1.27435,1.50,1.35
2013.05.03 05:41:09.579,1.27414,1.27435,1.50,2.10
2013.05.03 05:41:12.641,1.27412,1.27434,1.50,1.50
2013.05.03 05:41:12.700,1.27412,1.27434,1.50,1.50
2013.05.03 05:41:12.879,1.27412,1.27435,1.50,2.10
2013.05.03 05:41:13.000,1.27413,1.27435,1.50,1.35
2013.05.03 05:41:13.119,1.27416,1.27435,1.13,1.35
2013.05.03 05:41:13.670,1.27414,1.27436,1.50,1.50
2013.05.03 05:41:15.181,1.27416,1.27435,1.50,2.10
2013.05.03 05:41:19.359,1.27417,1.27435,1.13,1.35
2013.05.03 05:41:19.600,1.27417,1.27437,2.63,2.10
2013.05.03 05:41:20.190,1.27414,1.27432,1.88,1.50
2013.05.03 05:41:20.370,1.2741,1.2743,1.13,1.50
2013.05.03 05:41:20.432,1.27407,1.27427,1.50,1.13
2013.05.03 05:41:20.500,1.27406,1.27427,1.35,1.13
2013.05.03 05:41:20.741,1.27401,1.27426,1.73,1.73
2013.05.03 05:41:21.180,1.27401,1.27425,1.13,2.78
2013.05.03 05:41:21.659,1.274,1.27424,2.10,1.58
2013.05.03 05:41:23.559,1.27401,1.27424,1.50,1.58
2013.05.03 05:41:25.012,1.274,1.27422,2.10,1.35
2013.05.03 05:41:25.750,1.274,1.27422,1.35,1.35
2013.05.03 05:41:26.259,1.274,1.27421,2.10,1.35
2013.05.03 05:41:29.090,1.274,1.27421,1.35,2.10
2013.05.03 05:41:29.450,1.27397,1.2742,1.50,2.63
2013.05.03 05:41:29.569,1.27397,1.2742,1.50,1.35
2013.05.03 05:41:30.159,1.27397,1.2742,2.25,2.10
2013.05.03 05:41:35.941,1.27398,1.2742,1.13,3.60
2013.05.03 05:41:36.492,1.27398,1.27419,1.13,1.35
2013.05.03 05:41:42.200,1.27398,1.27419,1.88,2.10
2013.05.03 05:41:42.701,1.27398,1.2742,1.88,2.33
2013.05.03 05:41:42.820,1.27398,1.2742,2.48,2.10
2013.05.03 05:41:45.000,1.27398,1.2742,2.48,1.35
2013.05.03 05:41:45.590,1.27398,1.27421,2.48,1.35
2013.05.03 05:41:46.398,1.27399,1.27421,2.25,1.35
2013.05.03 05:41:46.965,1.27405,1.27426,1.65,1.35
2013.05.03 05:41:47.481,1.27405,1.27426,1.65,1.35
2013.05.03 05:41:48.119,1.27405,1.27426,1.65,1.35
2013.05.03 05:41:48.730,1.27405,1.27426,2.40,1.35
2013.05.03 05:41:49.039,1.27406,1.27426,1.50,1.35
2013.05.03 05:41:53.431,1.27406,1.27426,1.50,1.35
2013.05.03 05:41:56.131,1.27406,1.27426,1.50,2.85
2013.05.03 05:41:56.439,1.27403,1.27419,1.13,2.63
2013.05.03 05:41:56.500,1.274,1.27418,1.13,1.88
2013.05.03 05:41:56.681,1.274,1.27418,1.28,2.10
2013.05.03 05:41:56.750,1.27398,1.27417,1.28,1.58
2013.05.03 05:41:57.300,1.27394,1.27417,1.13,1.58
2013.05.03 05:41:57.631,1.27394,1.27417,1.13,2.33
2013.05.03 05:41:59.279,1.27394,1.27417,1.88,2.33
2013.05.03 05:42:01.630,1.27395,1.27417,1.28,1.58
2013.05.03 05:42:01.750,1.27396,1.27418,1.65,1.35
2013.05.03 05:42:02.110,1.27399,1.27417,1.50,1.35
2013.05.03 05:42:02.450,1.27394,1.27416,1.13,1.58
2013.05.03 05:42:02.574,1.27393,1.27416,1.88,2.33
2013.05.03 05:42:02.699,1.27393,1.27413,1.13,1.88
2013.05.03 05:42:03.343,1.27389,1.27411,1.50,1.35
2013.05.03 05:42:03.830,1.2739,1.27411,1.65,1.35
2013.05.03 05:42:05.342,1.27395,1.27413,1.13,1.88
2013.05.03 05:42:05.470,1.27395,1.27415,1.13,1.20
2013.05.03 05:42:05.710,1.27397,1.27415,1.65,1.73
2013.05.03 05:42:08.401,1.27395,1.27415,1.88,1.35
2013.05.03 05:42:08.908,1.27396,1.27414,1.65,1.35
2013.05.03 05:42:10.341,1.27396,1.27414,1.65,1.58
2013.05.03 05:42:11.330,1.27396,1.27414,1.65,1.35
2013.05.03 05:42:12.601,1.27396,1.27414,1.65,1.35
2013.05.03 05:42:12.850,1.27395,1.27418,1.88,2.33
2013.05.03 05:42:12.909,1.27395,1.27418,1.88,2.10
2013.05.03 05:42:13.201,1.27395,1.27418,1.88,2.10
2013.05.03 05:42:13.261,1.27395,1.27415,1.88,1.35
2013.05.03 05:42:13.620,1.27393,1.27411,1.13,1.35
2013.05.03 05:42:13.920,1.27388,1.27412,1.73,1.35
2013.05.03 05:42:14.040,1.27392,1.27412,2.25,2.63
2013.05.03 05:42:14.160,1.27392,1.27412,2.25,1.35
2013.05.03 05:42:14.339,1.2739,1.27411,1.28,1.58
2013.05.03 05:42:14.641,1.27394,1.27414,1.13,1.88
2013.05.03 05:42:14.700,1.27394,1.27417,1.13,1.58
2013.05.03 05:42:15.239,1.27394,1.27416,1.13,1.58
2013.05.03 05:42:20.699,1.27396,1.27415,1.65,1.35
2013.05.03 05:42:22.524,1.27396,1.27417,1.65,1.88
2013.05.03 05:42:22.601,1.27396,1.2742,2.40,1.88
2013.05.03 05:42:23.581,1.27396,1.27417,1.65,1.35
2013.05.03 05:42:23.640,1.27395,1.27415,2.10,1.65
2013.05.03 05:42:24.059,1.27391,1.27413,1.73,1.73
2013.05.03 05:42:24.841,1.27391,1.27412,1.73,1.35
2013.05.03 05:42:25.261,1.27391,1.27412,1.50,4.20
2013.05.03 05:42:25.570,1.27384,1.27402,2.63,1.13
2013.05.03 05:42:25.690,1.27386,1.27406,1.50,2.10
2013.05.03 05:42:25.761,1.27384,1.27406,3.15,1.35
2013.05.03 05:42:25.822,1.27384,1.27407,3.15,1.20
2013.05.03 05:42:26.130,1.27384,1.27404,1.50,1.13
2013.05.03 05:42:26.192,1.27383,1.27404,1.35,1.73
2013.05.03 05:42:26.260,1.27379,1.27402,5.44,1.35
2013.05.03 05:42:26.441,1.27379,1.27401,1.88,1.73
2013.05.03 05:42:26.631,1.27379,1.274,1.13,1.35
2013.05.03 05:42:26.700,1.27381,1.27403,1.50,2.63
2013.05.03 05:42:26.821,1.27384,1.27405,1.35,1.50
2013.05.03 05:42:29.139,1.2738,1.27405,1.35,2.78
2013.05.03 05:42:31.450,1.27381,1.27403,1.50,1.88
2013.05.03 05:42:31.751,1.27374,1.27392,1.50,2.25
2013.05.03 05:42:31.820,1.27373,1.27391,1.50,2.63
2013.05.03 05:42:31.881,1.27371,1.27391,1.13,2.63
2013.05.03 05:42:31.942,1.27367,1.27392,3.23,1.73
2013.05.03 05:42:32.131,1.27371,1.27392,1.65,1.35
2013.05.03 05:42:32.329,1.27375,1.27399,2.10,2.63
2013.05.03 05:42:32.389,1.27379,1.27397,1.50,1.50
2013.05.03 05:42:32.691,1.27382,1.27397,1.65,1.50
2013.05.03 05:42:32.760,1.27382,1.27402,1.65,1.35
2013.05.03 05:42:32.820,1.27382,1.27403,1.65,1.73
2013.05.03 05:42:33.322,1.27383,1.27403,1.65,1.35
2013.05.03 05:42:35.844,1.27383,1.27402,2.40,1.35
2013.05.03 05:42:36.164,1.27379,1.27396,1.88,1.35
2013.05.03 05:42:36.470,1.27376,1.27395,1.73,2.25
2013.05.03 05:42:36.590,1.27376,1.27392,1.13,1.17
2013.05.03 05:42:37.129,1.27368,1.27392,1.35,2.44
2013.05.03 05:42:37.439,1.27367,1.2739,1.35,1.35
2013.05.03 05:42:37.770,1.27367,1.2739,1.35,1.35
2013.05.03 05:42:38.250,1.27369,1.27389,1.50,1.35
2013.05.03 05:42:40.363,1.27372,1.27389,1.50,1.35
2013.05.03 05:42:40.670,1.27368,1.27389,1.50,2.10
2013.05.03 05:42:42.580,1.2737,1.27388,1.50,2.10
2013.05.03 05:42:43.295,1.2737,1.27388,1.50,2.10
2013.05.03 05:42:54.589,1.27367,1.27388,1.50,2.10
2013.05.03 05:42:57.899,1.27368,1.27388,1.35,1.50
2013.05.03 05:43:08.672,1.2737,1.27389,1.65,1.50
2013.05.03 05:43:09.220,1.2737,1.27392,1.35,3.60
2013.05.03 05:43:09.279,1.2737,1.27391,1.35,1.50
2013.05.03 05:43:10.599,1.27367,1.27389,2.10,2.10
2013.05.03 05:43:11.111,1.27367,1.27389,2.10,2.10
2013.05.03 05:43:24.450,1.27369,1.27391,1.50,3.08
2013.05.03 05:43:27.169,1.27369,1.27391,1.50,1.58
2013.05.03 05:43:27.357,1.27369,1.27391,2.85,1.35
2013.05.03 05:43:28.539,1.27369,1.27391,2.25,1.58
2013.05.03 05:43:32.100,1.27369,1.2739,2.25,1.35
2013.05.03 05:43:32.891,1.2737,1.27391,1.50,1.58
2013.05.03 05:43:35.150,1.27369,1.27391,2.85,1.35
2013.05.03 05:43:36.222,1.27369,1.2739,1.50,1.35
2013.05.03 05:43:36.781,1.27369,1.2739,1.50,2.10
2013.05.03 05:43:40.130,1.27369,1.2739,1.50,1.35
2013.05.03 05:43:41.090,1.27372,1.2739,1.50,1.35
2013.05.03 05:43:41.400,1.27364,1.27387,1.50,3.38
2013.05.03 05:43:41.470,1.27364,1.27386,1.50,2.33
2013.05.03 05:43:42.010,1.27362,1.27385,1.50,1.95
2013.05.03 05:43:42.930,1.27363,1.27384,1.50,1.58
2013.05.03 05:43:43.930,1.27363,1.27384,1.50,3.08
2013.05.03 05:43:44.170,1.27363,1.27383,1.50,2.10
2013.05.03 05:43:44.544,1.27363,1.27383,1.50,3.38
2013.05.03 05:43:45.360,1.27361,1.27381,2.25,1.35
2013.05.03 05:43:46.789,1.27361,1.27382,1.50,1.88
2013.05.03 05:43:47.960,1.27361,1.27383,1.50,2.70
2013.05.03 05:43:48.557,1.27361,1.27383,1.50,3.75
2013.05.03 05:43:48.840,1.27359,1.27382,1.77,1.58
2013.05.03 05:43:50.830,1.27359,1.2738,1.50,1.35
2013.05.03 05:43:51.670,1.27353,1.27376,1.88,1.20
2013.05.03 05:43:51.745,1.27353,1.27377,2.48,1.95
2013.05.03 05:43:51.930,1.27354,1.27377,1.50,1.95
2013.05.03 05:43:52.171,1.27353,1.27372,1.35,1.13
2013.05.03 05:43:52.350,1.27354,1.27375,1.50,1.13
2013.05.03 05:43:52.791,1.27355,1.27375,1.35,1.88
2013.05.03 05:43:52.860,1.27354,1.27374,1.35,1.13
2013.05.03 05:43:53.726,1.27354,1.27373,2.10,1.13
2013.05.03 05:43:59.840,1.27352,1.27373,2.10,1.13
2013.05.03 05:43:59.900,1.27352,1.27373,1.50,1.58
2013.05.03 05:43:59.960,1.2735,1.2737,1.50,1.50
2013.05.03 05:44:00.020,1.27348,1.27369,1.50,1.35
2013.05.03 05:44:00.140,1.27348,1.27369,1.50,1.58
2013.05.03 05:44:02.019,1.2735,1.27367,1.50,1.35
2013.05.03 05:44:02.581,1.2735,1.27367,1.50,1.35
2013.05.03 05:44:05.861,1.27348,1.27366,1.50,1.50
2013.05.03 05:44:09.170,1.27344,1.27366,1.50,1.50
2013.05.03 05:44:09.229,1.27344,1.27367,1.50,2.10
2013.05.03 05:44:09.349,1.27344,1.27365,1.50,3.38
2013.05.03 05:44:09.409,1.27341,1.27365,1.65,3.38
2013.05.03 05:44:09.970,1.27343,1.27365,1.50,1.88
2013.05.03 05:44:15.130,1.27345,1.27364,1.50,1.35
2013.05.03 05:44:15.189,1.27345,1.27364,1.50,2.63
2013.05.03 05:44:15.250,1.27344,1.27363,1.50,1.58
2013.05.03 05:44:15.730,1.27338,1.27362,1.92,1.95
2013.05.03 05:44:18.645,1.27341,1.2736,1.50,1.73
2013.05.03 05:44:19.183,1.27338,1.27361,1.35,2.48
2013.05.03 05:44:19.843,1.27339,1.2736,1.50,1.73
2013.05.03 05:44:21.381,1.27339,1.2736,1.50,1.73
2013.05.03 05:44:21.890,1.27341,1.27362,1.50,1.35
2013.05.03 05:44:23.960,1.27341,1.2736,1.50,1.50
2013.05.03 05:44:24.140,1.27338,1.27359,2.48,1.50
2013.05.03 05:44:24.501,1.27337,1.27354,1.35,1.13
2013.05.03 05:44:24.751,1.27337,1.2736,1.35,1.35
2013.05.03 05:44:25.249,1.27339,1.2736,1.50,1.35
2013.05.03 05:44:28.510,1.27339,1.27359,1.50,1.35
2013.05.03 05:44:36.957,1.27338,1.27359,1.50,2.07
2013.05.03 05:44:37.021,1.27338,1.27358,1.50,3.00
2013.05.03 05:44:39.901,1.27336,1.27353,1.50,1.88
2013.05.03 05:44:41.700,1.27336,1.27353,1.50,1.13
2013.05.03 05:44:41.820,1.27337,1.27356,2.10,1.13
2013.05.03 05:44:42.285,1.2734,1.27362,1.50,1.77
2013.05.03 05:44:42.409,1.2734,1.27363,2.10,1.92
2013.05.03 05:44:43.680,1.2734,1.27362,2.10,1.50
2013.05.03 05:45:25.059,1.2734,1.2736,1.50,1.50
2013.05.03 05:45:25.560,1.27339,1.27361,1.35,2.25
2013.05.03 05:45:26.376,1.2734,1.2736,1.50,2.25
2013.05.03 05:45:27.169,1.27339,1.2736,1.35,2.25
2013.05.03 05:45:27.670,1.2734,1.2736,1.50,1.50
2013.05.03 05:45:28.986,1.27339,1.2736,1.35,1.50
2013.05.03 05:45:29.560,1.2734,1.2736,1.50,2.25
2013.05.03 05:45:31.019,1.27339,1.2736,1.35,2.25
2013.05.03 05:45:33.276,1.2734,1.2736,1.50,1.50
2013.05.03 05:45:34.705,1.27338,1.27361,1.35,2.85
2013.05.03 05:45:36.584,1.27338,1.27361,2.10,2.85
2013.05.03 05:45:37.149,1.2734,1.27361,1.50,2.85
2013.05.03 05:45:38.579,1.27339,1.2736,1.35,1.50
2013.05.03 05:45:39.906,1.2734,1.27361,1.50,2.85
2013.05.03 05:45:40.425,1.27338,1.2736,2.10,1.50
2013.05.03 05:45:41.000,1.2734,1.2736,1.50,1.50
2013.05.03 05:45:42.311,1.27338,1.2736,2.10,1.50
2013.05.03 05:45:42.860,1.2734,1.2736,1.50,2.25
2013.05.03 05:45:44.309,1.27337,1.2736,1.35,2.25
2013.05.03 05:45:44.720,1.27338,1.2736,1.35,2.25
2013.05.03 05:45:45.520,1.2734,1.2736,1.50,2.25
2013.05.03 05:45:46.066,1.27343,1.27363,1.50,1.13
2013.05.03 05:45:51.780,1.27343,1.27363,1.50,1.35
2013.05.03 05:45:52.453,1.27343,1.27363,1.50,1.35
2013.05.03 05:45:52.789,1.27343,1.27363,1.50,1.35
2013.05.03 05:45:54.950,1.27339,1.27357,2.10,1.50
2013.05.03 05:45:55.010,1.27338,1.27357,1.50,1.50
2013.05.03 05:45:55.561,1.27338,1.27357,1.50,1.13
2013.05.03 05:45:56.161,1.27336,1.27357,1.13,1.73
2013.05.03 05:45:56.369,1.27335,1.27357,2.48,1.73
2013.05.03 05:45:56.860,1.27336,1.27354,1.13,1.50
2013.05.03 05:45:57.451,1.27339,1.27357,1.50,1.88
2013.05.03 05:45:58.382,1.27339,1.27357,1.50,1.88
2013.05.03 05:45:58.870,1.27339,1.2736,2.85,1.65
2013.05.03 05:45:59.810,1.2734,1.2736,1.50,2.40
2013.05.03 05:46:01.643,1.27338,1.27358,2.63,1.50
2013.05.03 05:46:02.267,1.27339,1.27359,1.13,1.50
2013.05.03 05:46:02.450,1.27342,1.2736,1.50,2.25
2013.05.03 05:46:02.511,1.27342,1.2736,1.50,1.28
2013.05.03 05:46:02.810,1.27342,1.27363,2.33,1.50
2013.05.03 05:46:02.990,1.27342,1.27364,2.10,1.88
2013.05.03 05:46:03.061,1.27342,1.27364,2.10,1.88
2013.05.03 05:46:03.521,1.27342,1.27364,2.10,2.63
2013.05.03 05:46:04.039,1.27342,1.27362,2.10,1.50
2013.05.03 05:46:05.318,1.27342,1.27361,1.35,1.50
2013.05.03 05:46:05.820,1.27339,1.27361,2.85,1.92
2013.05.03 05:46:06.181,1.27344,1.27361,3.38,1.32
2013.05.03 05:46:06.360,1.27344,1.27361,1.35,1.32
2013.05.03 05:46:06.900,1.27343,1.27362,1.35,2.25
2013.05.03 05:46:09.630,1.27341,1.2736,2.10,1.32
2013.05.03 05:46:09.690,1.27341,1.27355,1.35,1.50
2013.05.03 05:46:09.990,1.27335,1.27354,1.88,1.13
2013.05.03 05:46:10.050,1.27338,1.27354,1.88,1.13
2013.05.03 05:46:10.290,1.27344,1.27363,1.50,1.73
2013.05.03 05:46:10.470,1.27345,1.27364,1.35,1.13
2013.05.03 05:46:10.590,1.27345,1.27364,1.58,1.13
2013.05.03 05:46:10.952,1.27347,1.27365,1.35,1.50
2013.05.03 05:46:11.467,1.27345,1.27364,1.58,1.50
2013.05.03 05:46:11.975,1.27345,1.27364,1.58,1.50
2013.05.03 05:46:12.300,1.27345,1.27364,1.35,1.50
2013.05.03 05:46:13.270,1.27345,1.27365,1.35,1.13
2013.05.03 05:46:13.570,1.27347,1.27366,1.35,1.50
2013.05.03 05:46:13.691,1.27347,1.27368,1.58,1.65
2013.05.03 05:46:14.901,1.27347,1.27367,1.35,1.50
2013.05.03 05:46:15.050,1.27345,1.27365,2.10,1.50
2013.05.03 05:46:15.360,1.27347,1.27364,1.35,1.13
2013.05.03 05:46:15.481,1.27349,1.27368,1.50,1.28
2013.05.03 05:46:15.661,1.27347,1.27369,1.35,3.34
2013.05.03 05:46:16.480,1.27346,1.27368,1.35,2.03
2013.05.03 05:46:18.121,1.27347,1.27365,1.35,1.13
2013.05.03 05:46:18.420,1.27344,1.27364,1.13,1.13
2013.05.03 05:46:19.085,1.27344,1.27362,1.88,1.50
2013.05.03 05:46:19.661,1.27344,1.2736,1.13,1.50
2013.05.03 05:46:19.721,1.27342,1.2736,2.48,1.50
2013.05.03 05:46:19.841,1.27342,1.2736,1.35,1.50
2013.05.03 05:46:19.900,1.27342,1.2736,1.35,1.50
2013.05.03 05:46:19.960,1.27342,1.2736,1.35,1.50
2013.05.03 05:46:21.190,1.27344,1.27364,1.35,1.32
2013.05.03 05:46:26.351,1.27344,1.27365,1.35,1.84
2013.05.03 05:46:26.486,1.27345,1.27362,1.35,1.50
2013.05.03 05:46:36.359,1.27345,1.27361,1.35,1.13
2013.05.03 05:46:41.649,1.27345,1.27364,2.10,1.13
2013.05.03 05:46:42.190,1.27348,1.27367,1.35,1.50
2013.05.03 05:46:43.550,1.27345,1.27366,2.63,1.35
2013.05.03 05:46:44.070,1.27345,1.27366,2.63,1.35
2013.05.03 05:46:44.499,1.27345,1.27365,3.38,1.35
2013.05.03 05:46:48.553,1.27347,1.27368,1.50,1.95
2013.05.03 05:46:48.621,1.27345,1.27366,1.50,3.23
2013.05.03 05:46:48.873,1.27345,1.27365,1.50,2.03
2013.05.03 05:46:48.941,1.27345,1.27366,1.50,1.58
2013.05.03 05:46:49.601,1.27344,1.27364,1.50,1.35
2013.05.03 05:46:49.960,1.27341,1.27362,2.25,1.35
2013.05.03 05:46:50.140,1.27341,1.27362,2.25,1.35
2013.05.03 05:46:50.379,1.2734,1.27362,1.88,1.35
2013.05.03 05:46:51.789,1.27341,1.27362,1.50,1.35
2013.05.03 05:46:57.632,1.27344,1.27366,1.50,1.35
2013.05.03 05:47:01.100,1.27344,1.27367,2.10,1.35
2013.05.03 05:47:04.570,1.27344,1.27366,1.50,1.35
2013.05.03 05:47:04.871,1.27339,1.27363,3.00,2.10
2013.05.03 05:47:05.172,1.27339,1.27361,1.50,1.35
2013.05.03 05:47:05.660,1.27338,1.2736,1.73,1.35
2013.05.03 05:47:06.011,1.27338,1.2736,2.10,1.35
2013.05.03 05:47:06.309,1.27336,1.2736,2.33,1.35
2013.05.03 05:47:06.836,1.27338,1.2736,1.35,1.35
2013.05.03 05:47:07.650,1.27338,1.2736,1.35,1.35
2013.05.03 05:47:12.350,1.27339,1.27361,1.50,1.35
2013.05.03 05:47:12.480,1.27339,1.27361,1.50,1.35
2013.05.03 05:47:14.924,1.2734,1.27361,1.50,1.35
2013.05.03 05:47:15.171,1.27343,1.27362,1.50,1.35
2013.05.03 05:47:15.420,1.2734,1.27361,1.50,1.58
2013.05.03 05:47:15.480,1.27338,1.27359,1.13,1.35
2013.05.03 05:47:16.123,1.27338,1.27359,1.13,1.35
2013.05.03 05:47:19.981,1.27342,1.27363,1.50,3.04
2013.05.03 05:47:20.520,1.27341,1.27361,1.50,1.35
2013.05.03 05:47:20.950,1.27337,1.27361,1.35,2.10
2013.05.03 05:47:23.790,1.27338,1.27361,1.50,1.35
2013.05.03 05:47:24.337,1.27338,1.27361,1.50,1.35
2013.05.03 05:47:24.689,1.27339,1.27361,1.50,1.35
2013.05.03 05:47:25.011,1.27339,1.27361,1.50,2.10
2013.05.03 05:47:25.130,1.27339,1.27361,1.50,2.10
2013.05.03 05:47:25.370,1.27337,1.27361,1.35,2.10
2013.05.03 05:47:26.141,1.27341,1.27361,1.50,2.10
2013.05.03 05:47:26.573,1.27341,1.27361,1.50,1.35
2013.05.03 05:47:26.700,1.27344,1.27362,1.50,2.10
2013.05.03 05:47:27.600,1.27344,1.27362,1.50,2.10
2013.05.03 05:47:29.951,1.27344,1.27362,1.50,1.35
2013.05.03 05:47:40.491,1.27342,1.27362,1.35,2.40
2013.05.03 05:47:40.861,1.27337,1.27361,1.50,2.10
2013.05.03 05:47:41.760,1.2734,1.27361,1.50,1.35
2013.05.03 05:47:43.084,1.27339,1.27359,1.35,1.47
2013.05.03 05:47:43.391,1.27338,1.27359,1.50,1.17
2013.05.03 05:47:47.991,1.27338,1.27359,1.50,1.17
2013.05.03 05:47:50.362,1.27338,1.27359,1.50,1.17
2013.05.03 05:47:54.161,1.27338,1.27361,1.65,1.58
2013.05.03 05:47:54.341,1.27343,1.27365,1.50,2.29
2013.05.03 05:47:54.520,1.27343,1.27365,2.10,1.69
2013.05.03 05:47:54.581,1.27343,1.27366,2.10,1.50
2013.05.03 05:47:54.784,1.27348,1.27366,1.50,2.33
2013.05.03 05:47:54.911,1.27345,1.27366,1.35,1.35
2013.05.03 05:47:54.972,1.27345,1.27366,1.35,1.35
2013.05.03 05:47:55.030,1.27346,1.27368,1.35,2.10
2013.05.03 05:47:55.281,1.27346,1.27368,1.35,1.35
2013.05.03 05:47:55.810,1.27345,1.27368,2.10,1.35
2013.05.03 05:47:56.370,1.27345,1.27368,1.35,2.10
2013.05.03 05:47:57.810,1.27346,1.27368,1.35,2.10
2013.05.03 05:47:58.462,1.27346,1.27368,1.35,2.10
2013.05.03 05:48:00.490,1.27346,1.27368,1.35,2.10
2013.05.03 05:48:22.734,1.27347,1.27369,1.35,1.35
2013.05.03 05:48:24.610,1.27347,1.27368,1.35,1.50
2013.05.03 05:48:24.992,1.27347,1.27369,1.35,1.35
2013.05.03 05:48:26.753,1.27347,1.2737,2.10,2.10
2013.05.03 05:48:32.142,1.27349,1.27371,1.35,1.35
2013.05.03 05:48:32.572,1.27349,1.27371,1.35,1.35
2013.05.03 05:48:32.822,1.27347,1.27369,1.35,1.35
2013.05.03 05:48:32.950,1.27346,1.27369,1.35,1.35
2013.05.03 05:48:33.130,1.27347,1.27368,1.50,1.35
2013.05.03 05:48:33.490,1.27348,1.27369,1.35,1.35
2013.05.03 05:48:38.180,1.27348,1.27369,2.10,1.35
2013.05.03 05:48:40.190,1.27354,1.27369,1.17,1.35
2013.05.03 05:48:40.810,1.27354,1.27369,1.17,1.35
2013.05.03 05:48:41.470,1.27354,1.27369,1.17,1.35
2013.05.03 05:48:50.051,1.27353,1.27369,1.17,1.50
2013.05.03 05:48:50.112,1.27347,1.27369,2.10,1.50
2013.05.03 05:48:50.784,1.27348,1.27369,1.35,1.50
2013.05.03 05:48:51.390,1.27348,1.27369,1.35,1.50
2013.05.03 05:49:01.300,1.27347,1.27369,1.35,1.50
2013.05.03 05:49:01.661,1.27347,1.27368,1.35,1.65
2013.05.03 05:49:02.020,1.27348,1.2737,1.35,1.13
2013.05.03 05:49:05.980,1.27349,1.2737,2.25,1.35
2013.05.03 05:49:13.070,1.2735,1.27372,1.35,3.00
2013.05.03 05:49:31.491,1.2735,1.27369,2.63,1.35
2013.05.03 05:49:33.692,1.2735,1.27372,3.23,2.10
2013.05.03 05:49:41.824,1.27354,1.27374,1.50,2.25
2013.05.03 05:49:41.892,1.27354,1.27374,1.88,1.50
2013.05.03 05:49:42.493,1.27355,1.27378,1.65,2.29
2013.05.03 05:49:43.011,1.27355,1.27378,2.78,1.35
2013.05.03 05:49:43.152,1.27356,1.27378,1.65,1.35
2013.05.03 05:49:44.241,1.27356,1.27378,1.65,1.35
2013.05.03 05:49:47.890,1.27356,1.27378,2.40,1.35
2013.05.03 05:49:47.951,1.27361,1.27379,1.50,2.10
2013.05.03 05:49:48.132,1.27361,1.27379,2.10,1.50
2013.05.03 05:49:48.440,1.2736,1.27379,2.10,1.50
2013.05.03 05:49:50.111,1.27362,1.27379,1.35,1.50
2013.05.03 05:49:50.652,1.27361,1.27381,2.85,1.65
2013.05.03 05:49:51.141,1.27362,1.2738,1.35,1.65
2013.05.03 05:49:51.684,1.27362,1.27384,1.35,1.65
2013.05.03 05:49:51.757,1.27362,1.27384,2.10,1.65
2013.05.03 05:49:52.310,1.27362,1.27383,1.50,1.65
2013.05.03 05:49:53.817,1.27361,1.27383,3.38,1.65
2013.05.03 05:49:55.471,1.27361,1.27381,2.10,1.65
2013.05.03 05:49:55.923,1.27362,1.27382,1.35,1.88
2013.05.03 05:49:55.991,1.27362,1.27382,2.10,1.50
2013.05.03 05:49:56.171,1.27362,1.27385,2.10,1.88
2013.05.03 05:49:56.820,1.27365,1.27385,1.13,1.13
2013.05.03 05:49:57.689,1.27365,1.27385,1.88,1.13
2013.05.03 05:49:58.984,1.27365,1.27385,1.88,1.13
2013.05.03 05:49:59.314,1.27369,1.27385,1.02,1.13
2013.05.03 05:50:09.701,1.27366,1.27385,1.02,1.73
2013.05.03 05:50:10.060,1.27368,1.27385,1.02,1.73
2013.05.03 05:50:10.230,1.27362,1.27385,1.62,1.73
2013.05.03 05:50:13.831,1.27367,1.27383,1.02,1.13
2013.05.03 05:50:16.058,1.27367,1.27384,1.02,1.65
2013.05.03 05:50:20.630,1.27367,1.27384,1.02,2.40
2013.05.03 05:50:21.161,1.27367,1.27384,1.02,2.59
2013.05.03 05:50:21.541,1.27367,1.27383,1.02,1.88
2013.05.03 05:50:21.850,1.27358,1.27376,1.50,1.13
2013.05.03 05:50:21.910,1.27357,1.27376,1.50,1.50
2013.05.03 05:50:22.151,1.27358,1.27376,2.33,1.50
2013.05.03 05:50:22.510,1.2736,1.27377,1.35,1.13
2013.05.03 05:50:24.501,1.2736,1.2738,1.35,2.25
2013.05.03 05:50:27.693,1.27359,1.27377,1.50,3.38
2013.05.03 05:50:29.180,1.27358,1.27378,1.50,1.50
2013.05.03 05:50:49.256,1.27357,1.2738,2.40,3.53
2013.05.03 05:50:55.804,1.27358,1.27379,1.50,1.95
2013.05.03 05:50:56.361,1.27357,1.27376,2.25,1.35
2013.05.03 05:50:56.921,1.27358,1.27376,1.50,1.35
2013.05.03 05:51:04.542,1.27355,1.27374,2.25,1.77
2013.05.03 05:51:04.661,1.27355,1.27373,2.25,3.08
2013.05.03 05:51:04.782,1.27355,1.27374,1.50,1.54
2013.05.03 05:51:04.902,1.27356,1.27376,1.35,1.13
2013.05.03 05:51:05.440,1.27357,1.27375,1.50,1.88
2013.05.03 05:51:05.961,1.27358,1.27375,1.50,1.13
2013.05.03 05:51:06.394,1.27357,1.27376,1.50,3.60
2013.05.03 05:51:06.641,1.27357,1.27376,1.50,2.10
2013.05.03 05:51:07.150,1.27357,1.27374,1.88,1.13
2013.05.03 05:51:08.561,1.27357,1.27377,1.13,2.85
2013.05.03 05:51:09.012,1.27356,1.27373,1.50,1.50
2013.05.03 05:51:09.132,1.27356,1.27371,1.50,1.88
2013.05.03 05:51:09.491,1.27347,1.27367,1.50,1.20
2013.05.03 05:51:09.671,1.27346,1.27369,2.10,1.50
2013.05.03 05:51:09.850,1.27343,1.27365,1.35,1.50
2013.05.03 05:51:10.152,1.27338,1.27363,1.28,2.70
2013.05.03 05:51:10.343,1.27343,1.27365,1.35,1.88
2013.05.03 05:51:10.413,1.27343,1.27367,1.35,2.48
2013.05.03 05:51:10.661,1.27349,1.27369,1.50,2.48
2013.05.03 05:51:10.911,1.27352,1.27371,1.35,1.65
2013.05.03 05:51:11.662,1.27349,1.27371,2.85,1.50
2013.05.03 05:51:12.602,1.27349,1.27371,2.25,1.50
2013.05.03 05:51:17.862,1.27349,1.27372,2.85,1.73
2013.05.03 05:51:18.700,1.27351,1.27372,1.50,1.73
2013.05.03 05:51:19.120,1.27345,1.27369,2.63,1.88
2013.05.03 05:51:21.810,1.27348,1.27366,1.50,1.35
2013.05.03 05:51:22.050,1.27348,1.27369,1.50,1.35
2013.05.03 05:51:23.080,1.27348,1.27369,1.50,1.73
2013.05.03 05:51:23.201,1.27346,1.27366,2.10,1.13
2013.05.03 05:51:23.420,1.27343,1.27367,1.50,1.95
2013.05.03 05:51:23.840,1.27344,1.27363,1.50,1.54
2013.05.03 05:51:23.962,1.27339,1.27359,2.10,1.13
2013.05.03 05:51:24.510,1.27335,1.27358,1.35,1.20
2013.05.03 05:51:26.640,1.27332,1.27355,2.70,1.73
2013.05.03 05:51:26.701,1.27332,1.27353,1.88,1.35
2013.05.03 05:51:26.941,1.27332,1.27353,2.63,1.35
2013.05.03 05:51:31.511,1.27332,1.27352,1.50,1.13
2013.05.03 05:51:33.161,1.27328,1.27351,1.35,1.35
2013.05.03 05:51:36.880,1.27332,1.27352,1.50,1.58
2013.05.03 05:51:37.411,1.27335,1.27352,1.50,1.35
2013.05.03 05:51:39.390,1.27336,1.27352,1.50,1.35
2013.05.03 05:51:40.431,1.27336,1.27354,1.50,1.95
2013.05.03 05:51:41.101,1.27336,1.27354,1.50,1.73
2013.05.03 05:51:45.151,1.27336,1.27355,1.50,1.35
2013.05.03 05:51:45.700,1.27334,1.27354,1.50,1.13
2013.05.03 05:51:58.894,1.27334,1.27352,2.10,1.13
2013.05.03 05:52:00.770,1.27331,1.2735,1.50,1.13
2013.05.03 05:52:00.892,1.2733,1.27347,1.73,1.88
2013.05.03 05:52:01.202,1.27323,1.2734,2.25,1.13
2013.05.03 05:52:01.261,1.27323,1.2734,1.50,1.13
2013.05.03 05:52:01.797,1.27315,1.27336,1.73,1.73
2013.05.03 05:52:02.363,1.27313,1.27338,1.13,1.20
2013.05.03 05:52:02.921,1.27313,1.27338,1.13,1.20
2013.05.03 05:52:03.400,1.27313,1.27337,1.50,2.48
2013.05.03 05:52:04.202,1.27313,1.27333,1.88,2.25
2013.05.03 05:52:04.452,1.27311,1.27331,1.50,1.35
2013.05.03 05:52:04.631,1.27309,1.27327,1.13,1.13
2013.05.03 05:52:04.810,1.27309,1.27327,1.50,1.13
2013.05.03 05:52:06.190,1.27309,1.27327,2.10,1.50
2013.05.03 05:52:06.757,1.27309,1.27327,1.35,2.25
2013.05.03 05:52:12.181,1.27309,1.27328,1.35,1.50
2013.05.03 05:52:12.242,1.2731,1.2733,1.50,1.28
2013.05.03 05:52:13.890,1.27313,1.27332,1.35,1.88
2013.05.03 05:52:13.950,1.27313,1.27332,1.35,1.50
2013.05.03 05:52:14.131,1.27315,1.27334,1.50,2.25
2013.05.03 05:52:14.710,1.27315,1.27334,1.50,1.65
2013.05.03 05:52:16.640,1.27314,1.27333,2.48,2.25
2013.05.03 05:52:16.760,1.27315,1.27333,1.35,2.25
2013.05.03 05:52:19.461,1.27314,1.27333,1.73,1.50
2013.05.03 05:52:20.000,1.27311,1.27334,1.35,2.63
2013.05.03 05:52:20.461,1.27311,1.27333,2.10,1.50
2013.05.03 05:52:20.774,1.27311,1.2733,2.10,1.13
2013.05.03 05:52:24.201,1.27312,1.2733,1.35,1.13
2013.05.03 05:52:24.381,1.27314,1.27331,1.50,1.13
2013.05.03 05:52:24.500,1.27315,1.27336,1.50,2.85
2013.05.03 05:52:25.870,1.27314,1.27334,3.23,1.13
2013.05.03 05:52:26.484,1.27314,1.27333,1.35,1.65
2013.05.03 05:52:26.970,1.27312,1.27332,1.88,1.50
2013.05.03 05:52:27.030,1.2731,1.27332,3.98,1.50
2013.05.03 05:52:28.901,1.2731,1.27332,2.25,1.50
2013.05.03 05:52:29.451,1.27311,1.27332,1.50,1.50
2013.05.03 05:52:29.992,1.27312,1.27332,1.35,1.50
2013.05.03 05:52:30.950,1.27313,1.27334,1.50,1.13
2013.05.03 05:52:31.342,1.27315,1.27335,1.35,1.50
2013.05.03 05:52:31.881,1.27315,1.27336,1.35,1.50
2013.05.03 05:52:32.240,1.27313,1.27331,1.35,1.13
2013.05.03 05:52:32.421,1.27308,1.27331,1.88,2.33
2013.05.03 05:52:32.661,1.27308,1.27328,1.13,1.35
2013.05.03 05:52:40.092,1.27304,1.27325,1.35,1.13
2013.05.03 05:52:43.932,1.27306,1.27324,1.50,1.13
2013.05.03 05:52:43.991,1.27306,1.27328,1.50,1.50
2013.05.03 05:52:44.052,1.27307,1.27329,1.58,1.50
2013.05.03 05:52:44.361,1.27312,1.2733,2.48,1.50
2013.05.03 05:52:44.481,1.27313,1.27333,1.50,1.28
2013.05.03 05:52:44.540,1.27312,1.27335,3.98,1.73
2013.05.03 05:52:46.471,1.27314,1.27336,1.50,1.28
2013.05.03 05:52:47.112,1.27315,1.27335,2.10,1.50
2013.05.03 05:52:47.786,1.27316,1.27335,2.10,1.50
2013.05.03 05:52:48.581,1.27316,1.27336,2.10,1.65
2013.05.03 05:52:49.971,1.27318,1.27338,1.35,1.13
2013.05.03 05:52:50.271,1.27321,1.27342,1.35,1.99
2013.05.03 05:52:50.331,1.27322,1.27343,2.63,1.28
2013.05.03 05:52:50.631,1.27326,1.27344,1.28,1.50
2013.05.03 05:52:50.811,1.27326,1.27346,1.28,1.35
2013.05.03 05:52:52.121,1.27324,1.27339,1.95,1.13
2013.05.03 05:52:52.611,1.2732,1.27339,2.10,1.88
2013.05.03 05:52:53.222,1.27321,1.27339,1.50,2.63
2013.05.03 05:52:53.541,1.27321,1.2734,1.50,1.13
2013.05.03 05:52:54.162,1.27323,1.27343,1.35,1.65
2013.05.03 05:52:58.271,1.27325,1.27346,2.25,2.85
2013.05.03 05:52:58.331,1.27325,1.27346,2.25,1.73
2013.05.03 05:52:58.391,1.27325,1.27347,3.00,2.78
2013.05.03 05:52:58.452,1.27329,1.27348,1.58,1.43
2013.05.03 05:52:58.760,1.27328,1.27349,1.35,1.13
2013.05.03 05:52:59.265,1.27329,1.27349,1.35,1.13
2013.05.03 05:53:01.676,1.27328,1.27349,1.50,1.13
2013.05.03 05:53:02.101,1.27329,1.2735,1.58,1.13
2013.05.03 05:53:02.161,1.27329,1.27351,1.95,1.13
2013.05.03 05:53:02.221,1.27332,1.27352,2.25,1.28
2013.05.03 05:53:02.728,1.27331,1.27352,1.50,1.50
2013.05.03 05:53:03.191,1.27332,1.27352,1.50,1.88
2013.05.03 05:53:03.850,1.27332,1.27351,1.50,1.50
2013.05.03 05:53:06.063,1.2733,1.2735,1.50,1.13
2013.05.03 05:53:07.602,1.2733,1.2735,3.75,2.48
2013.05.03 05:53:07.840,1.27331,1.2735,3.00,1.50
2013.05.03 05:53:10.352,1.27331,1.27347,3.00,1.50
2013.05.03 05:53:11.151,1.27328,1.27347,1.35,1.65
2013.05.03 05:53:11.704,1.27328,1.27347,1.35,1.65
2013.05.03 05:53:12.021,1.27326,1.27346,1.13,1.65
2013.05.03 05:53:12.082,1.27324,1.27346,1.50,1.65
2013.05.03 05:53:12.278,1.27323,1.27347,1.35,1.50
2013.05.03 05:53:12.344,1.27323,1.27348,3.75,2.48
2013.05.03 05:53:14.211,1.27325,1.27345,1.35,1.50
2013.05.03 05:53:14.332,1.27326,1.27345,1.35,1.50
2013.05.03 05:53:14.842,1.27328,1.27348,1.35,1.13
2013.05.03 05:53:19.291,1.27329,1.27348,1.35,1.13
2013.05.03 05:53:20.944,1.27329,1.27346,1.35,2.22
2013.05.03 05:53:21.191,1.27324,1.27345,1.13,1.50
2013.05.03 05:53:21.431,1.27321,1.27342,1.50,1.35
2013.05.03 05:53:26.849,1.27321,1.27342,1.73,1.35
2013.05.03 05:53:28.722,1.2732,1.27341,1.13,2.67
2013.05.03 05:53:28.851,1.2732,1.27341,1.13,3.94
2013.05.03 05:53:28.971,1.27317,1.27341,2.25,5.44
2013.05.03 05:53:29.272,1.27313,1.2734,2.85,2.78
2013.05.03 05:53:31.150,1.27316,1.27337,1.50,1.35
2013.05.03 05:53:31.748,1.27316,1.2734,1.50,3.53
2013.05.03 05:53:32.080,1.27316,1.27339,1.50,1.20
2013.05.03 05:53:32.271,1.27314,1.27334,1.50,2.29
2013.05.03 05:53:33.722,1.27313,1.27332,1.35,1.65
2013.05.03 05:53:34.351,1.27313,1.27332,2.10,1.65
2013.05.03 05:53:36.571,1.27312,1.27332,1.50,1.65
2013.05.03 05:53:46.192,1.27315,1.27333,1.73,1.13
2013.05.03 05:53:46.260,1.27315,1.27335,1.73,2.10
2013.05.03 05:53:46.442,1.27315,1.27335,1.35,1.65
2013.05.03 05:53:46.502,1.27314,1.27335,2.85,1.65
2013.05.03 05:53:46.561,1.27314,1.27336,2.48,1.50
2013.05.03 05:53:52.084,1.27315,1.27336,1.50,1.50
2013.05.03 05:53:52.391,1.2732,1.27338,1.13,2.10
2013.05.03 05:53:55.071,1.27319,1.27338,1.13,1.50
2013.05.03 05:53:55.131,1.27318,1.27338,1.13,2.25
2013.05.03 05:53:55.796,1.27317,1.27337,2.03,1.35
2013.05.03 05:53:56.501,1.27318,1.27337,1.13,1.35
2013.05.03 05:53:58.251,1.27317,1.27335,1.13,1.47
2013.05.03 05:53:58.431,1.27313,1.27336,1.13,2.82
2013.05.03 05:53:58.552,1.27312,1.27334,1.50,1.35
2013.05.03 05:53:58.612,1.27312,1.27334,1.50,2.10
2013.05.03 05:53:59.230,1.27309,1.27334,3.23,2.10
2013.05.03 05:53:59.815,1.27309,1.27333,3.98,1.35
2013.05.03 05:54:00.370,1.27312,1.27333,1.50,1.35
2013.05.03 05:54:02.250,1.27309,1.27333,1.73,1.92
2013.05.03 05:54:02.389,1.27309,1.27333,1.73,1.92
2013.05.03 05:54:08.992,1.27309,1.27333,2.48,1.35
2013.05.03 05:54:09.292,1.27312,1.27335,1.58,2.07
2013.05.03 05:54:10.115,1.27314,1.27335,1.35,2.82
2013.05.03 05:54:10.898,1.27314,1.27335,2.10,2.82
2013.05.03 05:54:11.231,1.27318,1.27335,1.28,1.35
2013.05.03 05:54:11.291,1.27318,1.27336,1.28,1.35
2013.05.03 05:54:12.082,1.27318,1.27335,1.65,1.35
2013.05.03 05:54:12.641,1.27318,1.27338,2.63,1.35
2013.05.03 05:54:17.702,1.27318,1.27337,1.73,2.10
2013.05.03 05:54:17.761,1.27317,1.27336,2.63,1.35
2013.05.03 05:54:18.289,1.27317,1.27336,2.03,1.35
2013.05.03 05:54:19.552,1.27317,1.27336,2.03,1.35
2013.05.03 05:54:19.612,1.27318,1.27336,1.73,1.35
2013.05.03 05:54:19.791,1.27319,1.27338,1.88,2.10
2013.05.03 05:54:23.352,1.2732,1.27337,1.50,1.35
2013.05.03 05:54:23.995,1.27318,1.27337,1.13,1.35
2013.05.03 05:54:24.068,1.27315,1.27337,1.28,1.58
2013.05.03 05:54:24.721,1.27316,1.27338,1.50,2.10
2013.05.03 05:54:25.251,1.27316,1.27338,1.50,1.35
2013.05.03 05:54:25.801,1.27316,1.27338,2.25,2.10
2013.05.03 05:54:46.852,1.27318,1.27338,1.50,1.50
2013.05.03 05:54:57.421,1.27321,1.27338,2.10,1.50
2013.05.03 05:55:00.331,1.27321,1.27341,3.98,1.50
2013.05.03 05:55:00.833,1.27323,1.27341,1.13,1.50
2013.05.03 05:55:01.342,1.27322,1.27341,1.13,1.50
2013.05.03 05:55:07.517,1.27322,1.27343,1.73,1.50
2013.05.03 05:55:08.053,1.27322,1.27341,2.48,1.50
2013.05.03 05:55:09.360,1.27322,1.27341,2.85,1.50
2013.05.03 05:55:12.653,1.27323,1.27344,1.28,1.35
2013.05.03 05:55:13.071,1.27327,1.2735,1.35,1.88
2013.05.03 05:55:13.251,1.2733,1.27351,1.35,2.10
2013.05.03 05:55:13.942,1.2733,1.27351,1.50,1.73
2013.05.03 05:55:14.481,1.2733,1.27355,2.78,2.48
2013.05.03 05:55:15.103,1.2733,1.27354,1.50,1.50
2013.05.03 05:55:15.293,1.2733,1.27352,1.50,1.50
2013.05.03 05:55:15.960,1.27331,1.27354,1.65,3.00
2013.05.03 05:55:16.310,1.27331,1.27353,1.65,1.65
2013.05.03 05:55:20.031,1.2733,1.27352,2.10,1.88
2013.05.03 05:55:20.272,1.2733,1.27352,1.35,1.88
2013.05.03 05:55:21.153,1.27327,1.27351,1.35,2.25
2013.05.03 05:55:21.281,1.27327,1.27348,1.35,1.50
2013.05.03 05:55:21.895,1.27327,1.27351,2.85,2.25
2013.05.03 05:55:29.126,1.2733,1.27349,1.73,1.50
2013.05.03 05:55:29.192,1.27333,1.27353,1.65,2.48
2013.05.03 05:55:29.851,1.27333,1.27353,1.65,2.10
2013.05.03 05:55:31.512,1.27333,1.27352,2.25,1.50
2013.05.03 05:55:31.751,1.27333,1.2735,1.65,1.35
2013.05.03 05:55:33.453,1.2733,1.27351,1.65,1.35
2013.05.03 05:55:33.898,1.27327,1.27349,1.73,1.65
2013.05.03 05:55:34.033,1.27325,1.27346,1.35,1.50
2013.05.03 05:55:34.221,1.27322,1.27343,1.50,1.50
2013.05.03 05:55:34.461,1.27318,1.2734,1.73,1.13
2013.05.03 05:55:34.996,1.27318,1.2734,1.35,1.73
2013.05.03 05:55:37.421,1.27318,1.27339,1.35,1.50
2013.05.03 05:55:39.581,1.27315,1.27337,3.75,2.25
2013.05.03 05:55:39.882,1.27314,1.27335,1.88,1.58
2013.05.03 05:55:40.122,1.27314,1.27335,1.50,1.95
2013.05.03 05:55:40.421,1.27311,1.27333,1.13,3.53
2013.05.03 05:55:40.781,1.27311,1.27331,1.13,1.88
2013.05.03 05:55:41.604,1.27308,1.27333,1.28,2.25
2013.05.03 05:55:41.934,1.27308,1.27332,1.28,1.35
2013.05.03 05:55:46.171,1.27308,1.27328,1.65,2.25
2013.05.03 05:55:46.531,1.27308,1.27322,1.50,1.35
2013.05.03 05:55:46.771,1.27303,1.27321,1.13,1.73
2013.05.03 05:55:47.322,1.27297,1.2732,1.84,1.50
2013.05.03 05:55:47.873,1.27298,1.27321,2.40,1.73
2013.05.03 05:55:48.378,1.27301,1.27322,1.50,1.35
2013.05.03 05:55:50.062,1.27296,1.2732,1.73,3.00
2013.05.03 05:55:50.123,1.27296,1.2732,1.73,3.00
2013.05.03 05:55:50.808,1.27296,1.27317,1.13,1.58
2013.05.03 05:55:51.581,1.27296,1.27315,1.13,1.35
2013.05.03 05:55:52.291,1.27297,1.27315,1.65,1.35
2013.05.03 05:55:52.532,1.27301,1.2732,1.50,2.25
2013.05.03 05:55:53.092,1.27296,1.27315,1.88,1.35
2013.05.03 05:55:53.151,1.27296,1.27314,1.88,1.35
2013.05.03 05:55:53.212,1.27294,1.27311,3.38,2.10
2013.05.03 05:55:53.272,1.27294,1.27311,2.25,3.23
2013.05.03 05:55:53.332,1.27293,1.27308,1.50,1.35
2013.05.03 05:55:53.393,1.27286,1.27308,1.50,2.25
2013.05.03 05:55:53.466,1.27285,1.27304,1.50,1.13
2013.05.03 05:55:53.654,1.27273,1.27297,2.63,1.20
2013.05.03 05:55:53.781,1.27272,1.27294,1.28,1.35
