2010.02.05 06:00:01.154,1.58155,1.58185,1.80,1.00
2010.02.05 06:00:01.730,1.58155,1.5819,1.90,4.30
2010.02.05 06:00:02.310,1.58155,1.5819,3.50,2.70
2010.02.05 06:00:12.523,1.58155,1.5818,3.50,1.60
2010.02.05 06:00:12.722,1.58155,1.5818,1.90,1.60
2010.02.05 06:00:13.278,1.58155,1.5818,1.00,1.60
2010.02.05 06:00:13.507,1.5815,1.5818,1.90,1.60
2010.02.05 06:00:14.666,1.5815,1.58175,1.00,4.80
2010.02.05 06:00:14.937,1.5814,1.58165,1.00,1.50
2010.02.05 06:00:15.210,1.58135,1.58165,1.90,1.50
2010.02.05 06:00:16.087,1.5813,1.58165,1.90,1.50
2010.02.05 06:00:16.436,1.58135,1.58165,1.00,1.50
2010.02.05 06:00:18.577,1.5814,1.58165,1.00,1.50
2010.02.05 06:00:29.634,1.5814,1.58165,1.00,3.10
2010.02.05 06:00:30.484,1.5814,1.58175,1.00,7.60
2010.02.05 06:00:31.195,1.58145,1.58175,1.00,4.80
2010.02.05 06:00:31.551,1.5814,1.58175,2.00,1.60
2010.02.05 06:00:32.091,1.58145,1.5817,1.00,3.90
2010.02.05 06:00:32.880,1.58135,1.58155,1.00,1.50
2010.02.05 06:00:33.582,1.58135,1.58165,1.90,5.20
2010.02.05 06:00:33.722,1.5814,1.58165,1.00,1.50
2010.02.05 06:00:34.990,1.5814,1.5816,1.00,1.50
2010.02.05 06:00:35.176,1.5814,1.5816,1.00,1.60
2010.02.05 06:00:35.690,1.5814,1.58165,1.00,1.00
2010.02.05 06:00:36.348,1.5814,1.5816,1.90,1.00
2010.02.05 06:00:36.714,1.58135,1.58175,1.90,2.70
2010.02.05 06:00:36.982,1.58145,1.58175,1.00,1.30
2010.02.05 06:00:37.520,1.58145,1.58175,1.00,1.20
2010.02.05 06:00:37.779,1.58145,1.5818,1.00,4.40
2010.02.05 06:00:40.621,1.58145,1.58175,1.00,1.00
2010.02.05 06:00:40.919,1.5814,1.58175,1.00,4.40
2010.02.05 06:00:43.669,1.5814,1.58175,1.80,2.80
2010.02.05 06:00:44.417,1.58145,1.5818,1.00,6.70
2010.02.05 06:00:44.641,1.58145,1.5818,1.80,3.00
2010.02.05 06:00:45.476,1.58145,1.58175,1.00,1.50
2010.02.05 06:00:45.840,1.5814,1.5817,1.00,1.50
2010.02.05 06:00:46.715,1.5814,1.5817,1.00,3.10
2010.02.05 06:00:47.101,1.58135,1.58155,1.90,1.50
2010.02.05 06:00:47.260,1.58135,1.58155,1.00,1.50
2010.02.05 06:00:47.415,1.5813,1.58155,1.90,1.50
2010.02.05 06:00:48.678,1.58135,1.58165,1.00,1.00
2010.02.05 06:00:49.674,1.58135,1.58165,1.90,1.00
2010.02.05 06:00:49.804,1.5814,1.58165,1.00,1.00
2010.02.05 06:01:00.619,1.5814,1.5817,1.00,1.50
2010.02.05 06:01:00.719,1.5814,1.58175,1.00,2.80
2010.02.05 06:01:01.072,1.5814,1.58175,1.00,4.40
2010.02.05 06:01:11.592,1.5814,1.58165,1.00,1.00
2010.02.05 06:01:11.994,1.5814,1.58175,1.00,4.40
2010.02.05 06:01:12.582,1.5814,1.58175,1.00,6.00
2010.02.05 06:01:12.876,1.58145,1.58175,1.60,5.90
2010.02.05 06:01:13.165,1.58145,1.58175,3.10,1.20
2010.02.05 06:01:14.819,1.58145,1.58175,3.20,1.20
2010.02.05 06:01:17.422,1.58145,1.5818,5.10,1.30
2010.02.05 06:01:17.606,1.5815,1.5818,1.00,1.20
2010.02.05 06:01:17.790,1.58155,1.58185,1.50,4.40
2010.02.05 06:01:18.315,1.58155,1.58185,1.50,2.80
2010.02.05 06:01:18.891,1.58155,1.58185,1.60,2.80
2010.02.05 06:01:20.714,1.58155,1.58185,3.10,1.20
2010.02.05 06:01:20.875,1.58155,1.5819,3.40,5.90
2010.02.05 06:01:21.034,1.58145,1.58185,7.50,2.70
2010.02.05 06:01:21.192,1.58145,1.58185,5.10,4.30
2010.02.05 06:01:21.954,1.58145,1.5818,5.10,1.60
2010.02.05 06:01:22.249,1.58145,1.5818,5.10,2.80
2010.02.05 06:01:23.096,1.58145,1.5818,5.10,2.90
2010.02.05 06:01:25.232,1.58145,1.58175,5.10,1.00
2010.02.05 06:01:25.762,1.58145,1.58175,1.00,1.60
2010.02.05 06:01:26.126,1.58145,1.58175,1.00,1.60
2010.02.05 06:01:27.079,1.58145,1.58175,1.60,1.60
2010.02.05 06:01:27.781,1.58145,1.5818,3.20,2.90
2010.02.05 06:01:31.842,1.58145,1.58175,3.20,1.00
2010.02.05 06:01:32.014,1.5814,1.58165,1.90,1.50
2010.02.05 06:01:32.190,1.5814,1.58165,1.00,1.50
2010.02.05 06:01:33.835,1.5814,1.58165,1.00,1.60
2010.02.05 06:01:35.041,1.5814,1.5816,1.00,1.00
2010.02.05 06:01:35.259,1.58135,1.58155,1.60,1.50
2010.02.05 06:01:35.373,1.58125,1.58155,1.90,1.50
2010.02.05 06:01:35.725,1.58115,1.58145,1.00,1.50
2010.02.05 06:01:37.734,1.58115,1.58145,1.00,1.60
2010.02.05 06:01:37.931,1.58115,1.58145,1.00,1.60
2010.02.05 06:01:38.556,1.58115,1.58145,1.00,2.40
2010.02.05 06:01:38.854,1.581,1.5813,2.70,1.50
2010.02.05 06:01:39.408,1.581,1.5813,1.00,1.50
2010.02.05 06:01:40.832,1.581,1.5813,1.00,1.60
2010.02.05 06:01:46.592,1.58095,1.5812,1.00,1.50
2010.02.05 06:01:47.514,1.5809,1.58125,2.00,2.70
2010.02.05 06:01:47.780,1.58095,1.58125,1.00,1.50
2010.02.05 06:01:49.044,1.5809,1.58125,2.00,2.70
2010.02.05 06:01:51.737,1.5809,1.58125,2.00,2.80
2010.02.05 06:01:56.836,1.5809,1.58125,3.60,2.70
2010.02.05 06:01:57.513,1.58095,1.58125,1.50,1.20
2010.02.05 06:01:57.985,1.58095,1.58125,1.60,1.20
2010.02.05 06:01:59.300,1.5809,1.58125,1.90,2.80
2010.02.05 06:01:59.897,1.5809,1.58125,2.00,2.80
2010.02.05 06:02:00.904,1.5809,1.5813,3.50,4.40
2010.02.05 06:02:01.570,1.5809,1.58115,2.00,1.60
2010.02.05 06:02:01.667,1.5809,1.58125,1.90,4.30
2010.02.05 06:02:01.755,1.5809,1.58125,1.90,2.70
2010.02.05 06:02:03.880,1.5809,1.58125,1.90,2.80
2010.02.05 06:02:04.086,1.5809,1.58125,1.90,4.40
2010.02.05 06:02:04.299,1.5808,1.58115,1.90,5.20
2010.02.05 06:02:05.058,1.5808,1.58115,3.50,5.20
2010.02.05 06:02:05.295,1.58085,1.58115,1.60,2.80
2010.02.05 06:02:05.761,1.58085,1.58115,1.60,2.80
2010.02.05 06:02:05.987,1.58085,1.58115,1.90,1.60
2010.02.05 06:02:06.571,1.5809,1.5812,3.10,1.20
2010.02.05 06:02:06.812,1.5809,1.5813,3.40,4.40
2010.02.05 06:02:07.667,1.5809,1.58125,3.40,1.00
2010.02.05 06:02:08.178,1.5809,1.5811,1.00,1.50
2010.02.05 06:02:08.536,1.5808,1.5811,3.50,1.60
2010.02.05 06:02:08.899,1.58075,1.58105,1.90,1.50
2010.02.05 06:02:10.437,1.58075,1.5811,3.40,2.80
2010.02.05 06:02:10.675,1.58075,1.58105,1.90,1.50
2010.02.05 06:02:12.293,1.58075,1.581,1.90,1.00
2010.02.05 06:02:13.761,1.58075,1.58105,1.90,1.50
2010.02.05 06:02:14.120,1.5808,1.58105,1.00,1.50
2010.02.05 06:02:14.483,1.5808,1.58105,1.00,1.60
2010.02.05 06:02:14.736,1.5808,1.581,1.00,1.00
2010.02.05 06:02:14.953,1.5808,1.581,1.00,1.00
2010.02.05 06:02:16.994,1.5808,1.5809,1.00,1.00
2010.02.05 06:02:17.740,1.5808,1.58095,1.00,1.50
2010.02.05 06:02:20.570,1.58065,1.5809,1.60,1.50
2010.02.05 06:02:20.812,1.5807,1.58105,3.40,2.80
2010.02.05 06:02:21.480,1.58075,1.5811,1.90,4.30
2010.02.05 06:02:21.839,1.58085,1.5812,1.00,2.80
2010.02.05 06:02:22.197,1.5809,1.5812,1.50,1.20
2010.02.05 06:02:22.556,1.5809,1.58125,1.50,2.80
2010.02.05 06:02:23.064,1.5809,1.58125,3.40,2.80
2010.02.05 06:02:23.772,1.58085,1.5812,1.90,1.20
2010.02.05 06:02:23.844,1.58085,1.5811,1.90,1.50
2010.02.05 06:02:24.212,1.58085,1.5811,1.60,1.50
2010.02.05 06:02:24.778,1.5808,1.58105,1.00,1.50
2010.02.05 06:02:25.046,1.58075,1.58105,1.50,1.20
2010.02.05 06:02:25.928,1.5808,1.5811,1.50,1.30
2010.02.05 06:02:26.245,1.5809,1.58115,3.10,2.80
2010.02.05 06:02:26.548,1.58075,1.5811,3.50,1.50
2010.02.05 06:02:27.098,1.5808,1.5811,1.50,1.20
2010.02.05 06:02:27.825,1.5808,1.5811,1.60,1.20
2010.02.05 06:02:28.001,1.5808,1.58115,3.50,2.80
2010.02.05 06:02:29.513,1.5808,1.58115,3.40,2.80
2010.02.05 06:02:29.724,1.5808,1.5811,1.90,1.50
2010.02.05 06:02:32.000,1.5808,1.58115,3.40,2.80
2010.02.05 06:02:33.102,1.5808,1.58115,3.50,2.80
2010.02.05 06:02:34.141,1.58085,1.5812,1.90,4.40
2010.02.05 06:02:36.275,1.58085,1.58115,1.90,1.00
2010.02.05 06:02:36.466,1.58085,1.5811,1.90,1.60
2010.02.05 06:02:36.663,1.5808,1.5811,1.50,5.20
2010.02.05 06:02:37.379,1.5808,1.5811,1.50,1.20
2010.02.05 06:02:38.808,1.5808,1.5811,1.60,1.20
2010.02.05 06:02:39.046,1.5808,1.5811,1.60,1.20
2010.02.05 06:02:39.864,1.5808,1.58115,3.50,1.20
2010.02.05 06:02:40.139,1.58085,1.5812,2.00,2.70
2010.02.05 06:02:40.243,1.58085,1.5812,3.50,1.20
2010.02.05 06:02:41.297,1.58095,1.5812,1.50,1.20
2010.02.05 06:02:42.819,1.58085,1.5812,3.50,2.70
2010.02.05 06:02:43.349,1.58085,1.5811,1.00,1.50
2010.02.05 06:02:43.702,1.58075,1.5811,1.60,2.70
2010.02.05 06:02:44.417,1.58075,1.5811,1.60,4.30
2010.02.05 06:02:45.095,1.58075,1.58105,1.60,1.20
2010.02.05 06:03:00.696,1.58075,1.5811,1.90,4.30
2010.02.05 06:03:01.301,1.58075,1.5811,1.80,8.40
2010.02.05 06:03:01.513,1.5807,1.581,1.90,1.50
2010.02.05 06:03:02.921,1.5807,1.581,1.60,2.70
2010.02.05 06:03:03.121,1.58065,1.581,5.10,2.70
2010.02.05 06:03:03.323,1.58065,1.58095,3.20,2.80
2010.02.05 06:03:03.525,1.58055,1.58095,1.90,4.40
2010.02.05 06:03:04.230,1.58075,1.58095,4.70,1.20
2010.02.05 06:03:04.501,1.58075,1.5813,1.80,4.30
2010.02.05 06:03:05.242,1.58085,1.5813,3.40,4.40
2010.02.05 06:03:05.567,1.5809,1.58125,1.90,4.40
2010.02.05 06:03:05.876,1.5809,1.58125,3.50,4.40
2010.02.05 06:03:06.724,1.58085,1.58115,3.50,1.50
2010.02.05 06:03:07.631,1.5808,1.5811,1.60,1.20
2010.02.05 06:03:07.892,1.58075,1.5811,1.90,4.30
2010.02.05 06:03:08.654,1.5807,1.58105,1.80,2.80
2010.02.05 06:03:08.859,1.5807,1.581,1.50,1.20
2010.02.05 06:03:11.387,1.5807,1.58095,1.50,1.20
2010.02.05 06:03:16.178,1.5807,1.58095,1.60,1.20
2010.02.05 06:03:18.254,1.58065,1.581,1.90,4.40
2010.02.05 06:03:18.799,1.58065,1.581,1.00,2.80
2010.02.05 06:03:19.160,1.5807,1.581,1.80,2.40
2010.02.05 06:03:19.310,1.5807,1.58105,1.80,6.80
2010.02.05 06:03:21.176,1.5807,1.58105,1.80,6.70
2010.02.05 06:03:21.526,1.5807,1.581,1.50,1.00
2010.02.05 06:03:21.565,1.5807,1.581,1.50,1.00
2010.02.05 06:03:21.605,1.5807,1.581,1.50,2.90
2010.02.05 06:03:21.645,1.5807,1.581,1.50,4.20
2010.02.05 06:03:21.685,1.5807,1.5809,1.50,2.40
2010.02.05 06:03:21.728,1.5806,1.58085,1.90,1.50
2010.02.05 06:03:21.936,1.5807,1.5809,1.50,4.80
2010.02.05 06:03:22.025,1.5807,1.5809,1.50,2.40
2010.02.05 06:03:22.564,1.5807,1.581,1.50,1.20
2010.02.05 06:03:22.703,1.5807,1.581,1.50,2.80
2010.02.05 06:03:23.763,1.5807,1.581,1.60,2.80
2010.02.05 06:03:32.314,1.58075,1.58105,1.80,1.20
2010.02.05 06:03:32.365,1.58075,1.58105,3.40,1.20
2010.02.05 06:03:32.396,1.5808,1.58115,1.00,9.10
2010.02.05 06:03:32.972,1.5808,1.58115,1.00,6.70
2010.02.05 06:03:33.326,1.58085,1.58115,1.00,1.50
2010.02.05 06:03:34.005,1.58085,1.58115,1.90,1.50
2010.02.05 06:03:35.227,1.58085,1.58105,1.00,1.50
2010.02.05 06:03:35.859,1.5808,1.58105,1.00,1.50
2010.02.05 06:03:36.145,1.58075,1.58105,1.00,1.50
2010.02.05 06:03:39.543,1.5808,1.5811,1.50,6.10
2010.02.05 06:03:39.790,1.5808,1.58115,1.50,6.80
2010.02.05 06:03:41.122,1.58075,1.58105,1.90,1.50
2010.02.05 06:03:41.398,1.5808,1.5811,1.50,4.80
2010.02.05 06:03:41.674,1.5808,1.58115,1.50,6.80
2010.02.05 06:03:42.620,1.5808,1.5811,1.50,1.00
2010.02.05 06:03:43.170,1.58075,1.58105,1.90,1.50
2010.02.05 06:03:46.799,1.5808,1.5811,1.90,1.60
2010.02.05 06:03:47.018,1.5808,1.5811,1.00,1.60
2010.02.05 06:03:47.231,1.5808,1.5811,1.00,1.50
2010.02.05 06:03:48.048,1.5808,1.58115,1.90,4.30
2010.02.05 06:03:49.335,1.58075,1.5811,2.10,2.80
2010.02.05 06:03:52.059,1.5808,1.5811,1.90,1.60
2010.02.05 06:03:52.175,1.5808,1.58115,1.80,4.30
2010.02.05 06:03:52.299,1.58075,1.58105,2.00,1.50
2010.02.05 06:03:53.090,1.58075,1.58105,1.00,2.70
2010.02.05 06:03:53.364,1.5807,1.5809,1.00,1.50
2010.02.05 06:03:53.638,1.5807,1.581,1.60,2.80
2010.02.05 06:03:55.892,1.5807,1.581,1.70,2.80
2010.02.05 06:03:57.461,1.5807,1.5809,1.00,1.20
2010.02.05 06:03:59.472,1.5807,1.58085,1.00,1.50
2010.02.05 06:04:02.058,1.58045,1.5807,1.80,1.50
2010.02.05 06:04:02.334,1.58065,1.58095,1.00,2.80
2010.02.05 06:04:02.610,1.58065,1.58105,1.00,1.50
2010.02.05 06:04:04.216,1.58065,1.58095,2.00,1.50
2010.02.05 06:04:04.998,1.58065,1.58095,1.00,3.10
2010.02.05 06:04:05.166,1.58065,1.58085,1.00,1.50
2010.02.05 06:04:05.468,1.58065,1.58085,1.00,2.70
2010.02.05 06:04:11.727,1.58065,1.58085,1.00,2.80
2010.02.05 06:04:14.512,1.58065,1.5808,1.00,1.60
2010.02.05 06:04:15.230,1.58065,1.5807,1.00,1.50
2010.02.05 06:04:15.576,1.58065,1.5809,1.00,4.40
2010.02.05 06:04:16.260,1.58065,1.5809,1.00,2.80
2010.02.05 06:04:16.810,1.58065,1.5808,1.00,1.50
2010.02.05 06:04:17.484,1.58065,1.58085,1.00,1.50
2010.02.05 06:04:18.558,1.58065,1.58095,1.60,2.70
2010.02.05 06:04:18.830,1.5807,1.58095,1.00,1.50
2010.02.05 06:04:19.376,1.5807,1.58085,1.00,1.50
2010.02.05 06:04:19.651,1.58065,1.5808,1.00,1.50
2010.02.05 06:04:20.717,1.58065,1.5809,2.00,1.60
2010.02.05 06:04:21.773,1.58065,1.5809,2.00,1.50
2010.02.05 06:04:22.282,1.58065,1.58095,2.00,2.40
2010.02.05 06:04:22.485,1.5807,1.581,1.00,1.50
2010.02.05 06:04:22.681,1.5807,1.581,1.90,1.50
2010.02.05 06:04:22.881,1.58075,1.58105,1.00,1.60
2010.02.05 06:04:25.509,1.58075,1.5809,1.00,1.50
2010.02.05 06:04:25.881,1.58065,1.5809,1.00,1.50
2010.02.05 06:04:27.854,1.58065,1.5809,1.00,1.60
2010.02.05 06:04:29.413,1.58065,1.58095,2.10,1.60
2010.02.05 06:04:33.795,1.58065,1.58095,2.10,1.00
2010.02.05 06:04:35.251,1.58065,1.58095,1.00,1.00
2010.02.05 06:04:35.322,1.58065,1.58095,1.00,1.30
2010.02.05 06:04:37.211,1.58065,1.58095,1.00,8.40
2010.02.05 06:04:37.702,1.58065,1.5809,1.00,1.20
2010.02.05 06:04:38.389,1.58065,1.58095,1.00,2.80
2010.02.05 06:04:38.597,1.58065,1.58095,1.00,1.60
2010.02.05 06:04:39.417,1.58065,1.58095,2.10,1.60
2010.02.05 06:04:41.457,1.5807,1.581,1.90,1.60
2010.02.05 06:04:41.681,1.58075,1.58105,1.60,2.80
2010.02.05 06:04:42.268,1.5807,1.58105,1.90,4.30
2010.02.05 06:04:44.434,1.5807,1.58105,1.90,4.40
2010.02.05 06:04:44.620,1.58075,1.58105,1.60,2.80
2010.02.05 06:04:46.027,1.5808,1.58105,1.00,2.80
2010.02.05 06:04:46.370,1.58065,1.58095,1.00,1.50
2010.02.05 06:04:46.987,1.58065,1.58095,1.00,4.30
2010.02.05 06:04:47.798,1.58065,1.58095,1.00,4.30
2010.02.05 06:04:47.917,1.58065,1.58095,1.00,4.30
2010.02.05 06:04:48.905,1.58065,1.58095,1.00,4.40
2010.02.05 06:04:53.844,1.58065,1.58085,1.00,1.00
2010.02.05 06:04:54.527,1.58045,1.58065,1.00,1.50
2010.02.05 06:04:55.378,1.58025,1.58065,1.00,1.50
2010.02.05 06:04:56.624,1.58035,1.58065,2.00,1.50
2010.02.05 06:04:59.032,1.5804,1.58065,1.90,1.50
2010.02.05 06:04:59.207,1.5804,1.58075,3.40,2.80
2010.02.05 06:04:59.390,1.5804,1.58075,1.90,1.60
2010.02.05 06:05:00.100,1.58045,1.58075,1.00,1.60
2010.02.05 06:05:00.270,1.58045,1.5806,1.00,1.50
2010.02.05 06:05:00.441,1.5803,1.5806,1.00,1.50
2010.02.05 06:05:01.230,1.5804,1.5807,1.90,2.40
2010.02.05 06:05:01.707,1.5804,1.58075,1.90,2.70
2010.02.05 06:05:02.053,1.58045,1.58075,1.00,1.50
2010.02.05 06:05:02.652,1.58045,1.58075,1.00,3.10
2010.02.05 06:05:02.776,1.5804,1.58075,1.00,4.30
2010.02.05 06:05:05.457,1.5804,1.58075,1.00,6.70
2010.02.05 06:05:05.604,1.58035,1.58065,1.60,1.20
2010.02.05 06:05:05.941,1.5803,1.58065,1.80,2.80
2010.02.05 06:05:06.273,1.5803,1.5806,1.00,1.50
2010.02.05 06:05:06.606,1.5803,1.58065,1.90,2.80
2010.02.05 06:05:07.912,1.58035,1.58065,1.00,2.80
2010.02.05 06:05:08.184,1.58035,1.58065,1.00,2.80
2010.02.05 06:05:08.719,1.5803,1.58065,1.90,2.80
2010.02.05 06:05:09.552,1.58015,1.5804,1.00,1.50
2010.02.05 06:05:09.775,1.58005,1.5804,1.00,1.50
2010.02.05 06:05:10.024,1.57995,1.5804,1.90,1.50
2010.02.05 06:05:10.649,1.57995,1.5803,3.50,2.70
2010.02.05 06:05:10.890,1.58,1.5803,1.00,2.70
2010.02.05 06:05:11.473,1.58,1.5803,1.00,1.50
2010.02.05 06:05:12.050,1.58,1.58035,1.90,7.60
2010.02.05 06:05:12.193,1.58,1.58035,1.90,2.70
2010.02.05 06:05:17.704,1.58005,1.58035,1.50,1.20
2010.02.05 06:05:19.282,1.5802,1.5804,1.90,1.50
2010.02.05 06:05:19.450,1.58035,1.58045,1.00,2.40
2010.02.05 06:05:19.625,1.58045,1.58065,1.50,1.00
2010.02.05 06:05:20.418,1.5805,1.58075,1.60,1.50
2010.02.05 06:05:20.696,1.5806,1.58085,1.50,1.20
2010.02.05 06:05:21.361,1.5805,1.58085,1.90,1.20
2010.02.05 06:05:23.098,1.5805,1.58085,1.90,1.40
2010.02.05 06:05:23.179,1.5805,1.58085,1.90,2.20
2010.02.05 06:05:23.255,1.5805,1.5808,1.90,1.00
2010.02.05 06:05:23.400,1.5805,1.58065,1.00,1.50
2010.02.05 06:05:23.470,1.5803,1.58065,2.00,2.70
2010.02.05 06:05:23.540,1.5803,1.58055,1.60,1.60
2010.02.05 06:05:23.610,1.5803,1.58055,1.60,2.80
2010.02.05 06:05:24.049,1.5802,1.5805,1.00,1.50
2010.02.05 06:05:24.869,1.5802,1.58055,1.80,2.80
2010.02.05 06:05:26.349,1.5802,1.58055,1.90,2.80
2010.02.05 06:05:29.133,1.5802,1.5805,1.00,1.50
2010.02.05 06:05:29.278,1.58015,1.5805,3.40,2.70
2010.02.05 06:05:30.965,1.58015,1.5805,3.40,2.80
2010.02.05 06:05:31.885,1.58015,1.58045,3.40,1.00
2010.02.05 06:05:32.005,1.58015,1.5804,3.40,1.00
2010.02.05 06:05:32.125,1.58015,1.5804,1.80,1.00
2010.02.05 06:05:32.249,1.5801,1.5804,1.90,1.60
2010.02.05 06:05:33.806,1.5801,1.5804,1.90,1.60
2010.02.05 06:05:38.189,1.58005,1.5804,3.40,2.80
2010.02.05 06:05:38.775,1.58005,1.5804,3.40,2.70
2010.02.05 06:05:38.857,1.58015,1.5804,1.50,1.20
2010.02.05 06:05:39.505,1.58015,1.58045,1.50,2.90
2010.02.05 06:05:40.459,1.5801,1.5804,1.00,1.60
2010.02.05 06:05:40.694,1.58005,1.5804,1.80,4.40
2010.02.05 06:05:41.902,1.58005,1.5804,1.80,4.50
2010.02.05 06:05:43.765,1.58005,1.5804,1.80,4.30
2010.02.05 06:05:43.964,1.58015,1.5804,1.50,2.80
2010.02.05 06:05:50.373,1.58015,1.5804,1.50,2.90
2010.02.05 06:05:50.892,1.58005,1.5804,3.40,4.40
2010.02.05 06:05:51.207,1.57995,1.5803,1.90,4.30
2010.02.05 06:05:51.832,1.57995,1.5803,2.00,4.30
2010.02.05 06:05:52.141,1.57995,1.5803,1.90,4.40
2010.02.05 06:05:52.975,1.58,1.5803,1.00,1.50
2010.02.05 06:05:53.327,1.58015,1.5804,1.50,2.80
2010.02.05 06:05:53.685,1.5802,1.58045,1.50,2.80
2010.02.05 06:05:55.096,1.5802,1.58045,1.60,2.80
2010.02.05 06:05:56.474,1.5802,1.58045,1.60,2.80
2010.02.05 06:05:56.724,1.58015,1.58045,1.60,2.80
2010.02.05 06:05:58.459,1.5801,1.5804,1.60,1.20
2010.02.05 06:06:00.200,1.5801,1.5804,1.60,1.30
2010.02.05 06:06:00.878,1.58015,1.5804,1.00,1.20
2010.02.05 06:06:00.967,1.58015,1.5804,1.60,1.20
2010.02.05 06:06:01.848,1.5802,1.5804,1.00,1.20
2010.02.05 06:06:02.440,1.58025,1.58055,1.50,3.60
2010.02.05 06:06:02.519,1.58025,1.5806,1.50,2.80
2010.02.05 06:06:02.594,1.58025,1.5806,1.80,2.80
2010.02.05 06:06:02.958,1.58025,1.5806,1.90,2.80
2010.02.05 06:06:04.690,1.5802,1.5806,1.80,9.10
2010.02.05 06:06:04.808,1.58025,1.58055,1.50,2.40
2010.02.05 06:06:05.384,1.58025,1.58055,3.40,2.40
2010.02.05 06:06:05.511,1.58035,1.58065,1.00,1.50
2010.02.05 06:06:06.120,1.5803,1.58065,1.00,4.30
2010.02.05 06:06:06.478,1.5804,1.58075,1.50,2.80
2010.02.05 06:06:06.958,1.5804,1.58075,1.80,2.80
2010.02.05 06:06:07.743,1.5804,1.58075,1.00,4.30
2010.02.05 06:06:07.885,1.5804,1.58075,1.80,2.80
2010.02.05 06:06:09.141,1.5804,1.58075,1.90,2.80
2010.02.05 06:06:10.334,1.5804,1.58075,1.90,1.20
2010.02.05 06:06:10.552,1.58055,1.58085,1.50,2.80
2010.02.05 06:06:10.761,1.58045,1.5808,2.40,1.50
2010.02.05 06:06:10.971,1.5803,1.58065,3.50,1.50
2010.02.05 06:06:11.179,1.58025,1.58065,2.30,1.50
2010.02.05 06:06:11.382,1.5803,1.5807,1.50,1.20
2010.02.05 06:06:12.126,1.5804,1.58075,3.40,1.20
2010.02.05 06:06:14.630,1.5804,1.58075,3.50,1.20
2010.02.05 06:06:16.894,1.5804,1.5808,3.60,2.80
2010.02.05 06:06:18.289,1.58045,1.5807,1.00,1.50
2010.02.05 06:06:19.197,1.58045,1.58065,1.00,1.50
2010.02.05 06:06:19.382,1.5804,1.58065,1.90,1.50
2010.02.05 06:06:19.573,1.58035,1.58065,1.00,1.50
2010.02.05 06:06:20.124,1.58035,1.58065,1.00,1.60
2010.02.05 06:06:20.242,1.58035,1.58065,1.60,2.80
2010.02.05 06:06:21.007,1.58035,1.5807,1.60,2.80
2010.02.05 06:06:21.112,1.58035,1.5807,1.90,2.80
2010.02.05 06:06:22.880,1.58055,1.5807,1.50,2.80
2010.02.05 06:06:22.998,1.58055,1.5808,1.50,5.20
2010.02.05 06:06:23.116,1.58035,1.58065,7.10,1.50
2010.02.05 06:06:23.235,1.58035,1.58065,1.90,1.50
2010.02.05 06:06:23.355,1.58035,1.58065,1.00,1.50
2010.02.05 06:06:23.473,1.58035,1.5807,1.80,1.20
2010.02.05 06:06:24.029,1.58035,1.5807,1.80,2.80
2010.02.05 06:06:24.872,1.58035,1.5807,1.90,2.80
2010.02.05 06:06:35.648,1.58035,1.5807,3.50,1.20
2010.02.05 06:06:36.202,1.58035,1.5807,1.90,1.20
2010.02.05 06:06:36.423,1.58035,1.5806,3.40,1.00
2010.02.05 06:06:37.105,1.58035,1.5806,1.60,1.50
2010.02.05 06:06:37.330,1.58035,1.58065,1.90,1.50
2010.02.05 06:06:38.042,1.5804,1.58065,1.90,1.50
2010.02.05 06:06:38.391,1.5804,1.5807,1.90,4.80
2010.02.05 06:06:38.740,1.58035,1.5807,1.00,4.80
2010.02.05 06:06:38.948,1.58035,1.5807,1.90,4.80
2010.02.05 06:06:42.158,1.58035,1.5807,5.00,4.80
2010.02.05 06:06:42.193,1.58035,1.5807,3.40,4.80
2010.02.05 06:06:42.264,1.58035,1.5807,3.40,2.40
2010.02.05 06:06:42.286,1.58035,1.58075,3.40,6.70
2010.02.05 06:06:43.160,1.5804,1.58075,1.00,6.70
2010.02.05 06:06:43.514,1.5804,1.58075,1.90,2.70
2010.02.05 06:06:44.062,1.58045,1.58075,1.60,1.20
2010.02.05 06:06:44.424,1.5805,1.5808,1.00,6.00
2010.02.05 06:06:45.378,1.5805,1.5808,1.00,3.60
2010.02.05 06:06:46.498,1.5805,1.5808,1.00,1.20
2010.02.05 06:06:47.845,1.5805,1.5808,1.00,3.60
2010.02.05 06:06:48.291,1.5804,1.58075,1.90,2.70
2010.02.05 06:06:49.878,1.58035,1.5807,3.40,1.20
2010.02.05 06:06:52.213,1.58035,1.58065,1.60,2.80
2010.02.05 06:06:52.389,1.58035,1.5807,1.50,2.80
2010.02.05 06:06:52.578,1.5804,1.58065,1.00,1.50
2010.02.05 06:06:53.304,1.5804,1.5807,1.60,2.80
2010.02.05 06:06:53.670,1.5805,1.58075,1.60,2.80
2010.02.05 06:06:55.139,1.5805,1.58075,1.50,2.80
2010.02.05 06:06:55.432,1.58035,1.5807,6.40,4.30
2010.02.05 06:06:55.721,1.5803,1.58065,1.90,1.50
2010.02.05 06:06:56.548,1.5803,1.5805,1.00,1.50
2010.02.05 06:06:56.905,1.5802,1.5806,3.40,2.80
2010.02.05 06:06:57.404,1.5802,1.5805,1.90,1.50
2010.02.05 06:06:58.013,1.5802,1.58055,1.00,2.70
2010.02.05 06:06:58.539,1.5802,1.5805,1.00,1.50
2010.02.05 06:06:58.798,1.5802,1.5805,1.00,1.50
2010.02.05 06:06:59.528,1.5802,1.5805,1.00,1.50
2010.02.05 06:06:59.833,1.5802,1.5805,1.00,6.70
2010.02.05 06:07:00.131,1.5802,1.5805,1.00,1.50
2010.02.05 06:07:01.377,1.58025,1.5805,1.00,1.50
2010.02.05 06:07:01.587,1.58025,1.5806,1.00,2.80
2010.02.05 06:07:02.693,1.5802,1.58055,1.80,2.80
2010.02.05 06:07:03.815,1.5803,1.58055,1.60,2.70
2010.02.05 06:07:04.177,1.5803,1.58055,1.90,1.50
2010.02.05 06:07:05.097,1.5803,1.58065,3.40,1.20
2010.02.05 06:07:05.381,1.5804,1.5807,1.00,2.80
2010.02.05 06:07:06.170,1.5805,1.5808,3.10,1.20
2010.02.05 06:07:06.535,1.58055,1.5809,1.60,2.80
2010.02.05 06:07:07.352,1.58055,1.5809,1.90,2.80
2010.02.05 06:07:08.766,1.5805,1.58085,1.60,4.30
2010.02.05 06:07:09.136,1.5805,1.58075,1.60,2.80
2010.02.05 06:07:09.487,1.5805,1.5807,1.60,1.20
2010.02.05 06:07:10.315,1.5804,1.58065,1.00,1.60
2010.02.05 06:07:10.616,1.5803,1.5806,1.00,1.50
2010.02.05 06:07:11.171,1.58035,1.58065,1.50,1.20
2010.02.05 06:07:11.455,1.58035,1.5807,1.50,1.20
2010.02.05 06:07:12.522,1.58045,1.5807,1.50,1.20
2010.02.05 06:07:13.047,1.58045,1.58075,1.50,2.80
2010.02.05 06:07:13.993,1.58045,1.5807,1.60,1.20
2010.02.05 06:07:15.471,1.5804,1.5807,1.60,2.80
2010.02.05 06:07:15.730,1.5804,1.58065,1.60,1.60
2010.02.05 06:07:16.022,1.5804,1.58065,1.60,2.80
2010.02.05 06:07:19.090,1.5803,1.58065,6.70,4.30
2010.02.05 06:07:19.439,1.5803,1.58065,1.90,4.30
2010.02.05 06:07:20.334,1.5804,1.58055,1.00,3.10
2010.02.05 06:07:20.608,1.5803,1.58055,1.00,3.10
2010.02.05 06:07:21.620,1.58025,1.58055,1.90,3.10
2010.02.05 06:07:23.680,1.5802,1.58045,1.00,1.50
2010.02.05 06:07:23.925,1.5803,1.58055,1.50,2.80
2010.02.05 06:07:24.389,1.5803,1.5806,1.50,4.40
2010.02.05 06:07:24.957,1.58025,1.58055,1.00,3.10
2010.02.05 06:07:26.947,1.58025,1.5805,1.00,3.20
2010.02.05 06:07:27.514,1.5802,1.5805,1.00,3.20
2010.02.05 06:07:28.249,1.5802,1.5805,3.50,1.60
2010.02.05 06:07:28.599,1.58025,1.58055,1.00,3.10
2010.02.05 06:07:30.743,1.5802,1.5805,1.00,1.60
2010.02.05 06:07:30.958,1.58015,1.5804,2.40,1.20
2010.02.05 06:07:31.672,1.58015,1.5805,2.70,4.30
2010.02.05 06:07:31.841,1.5802,1.58055,1.00,4.40
2010.02.05 06:07:32.151,1.5802,1.58055,1.00,2.70
2010.02.05 06:07:32.817,1.5802,1.58055,1.00,2.80
2010.02.05 06:07:32.996,1.5802,1.58055,1.90,2.80
2010.02.05 06:07:34.917,1.5802,1.58055,1.90,2.70
2010.02.05 06:07:36.247,1.58025,1.58055,1.00,1.20
2010.02.05 06:07:36.852,1.5803,1.5805,1.20,1.50
2010.02.05 06:07:37.076,1.5802,1.58055,1.50,2.80
2010.02.05 06:07:37.288,1.58025,1.58055,1.60,2.80
2010.02.05 06:07:37.985,1.58025,1.58055,1.60,1.20
2010.02.05 06:07:38.200,1.58025,1.5806,3.50,6.70
2010.02.05 06:07:38.405,1.58025,1.5806,3.50,3.10
2010.02.05 06:07:38.697,1.58025,1.5806,3.50,1.50
2010.02.05 06:07:39.730,1.5803,1.58065,3.60,1.20
2010.02.05 06:07:39.975,1.5803,1.58065,5.50,1.20
2010.02.05 06:07:41.277,1.5804,1.58065,1.00,1.20
2010.02.05 06:07:41.876,1.58045,1.58065,1.00,1.20
2010.02.05 06:07:42.169,1.58035,1.58065,1.00,1.20
2010.02.05 06:07:42.447,1.58035,1.58065,1.00,1.20
2010.02.05 06:07:43.115,1.58035,1.58065,1.20,1.20
2010.02.05 06:07:43.250,1.58035,1.58065,1.90,1.20
2010.02.05 06:07:43.854,1.58035,1.58065,1.80,1.20
2010.02.05 06:07:47.683,1.58035,1.58065,1.50,1.20
2010.02.05 06:07:47.743,1.58035,1.58065,1.50,1.30
2010.02.05 06:07:47.917,1.5803,1.58065,1.90,2.80
2010.02.05 06:07:47.964,1.5803,1.58065,1.00,4.40
2010.02.05 06:07:48.015,1.58025,1.58065,3.40,6.00
2010.02.05 06:07:48.112,1.58025,1.5806,1.80,1.60
2010.02.05 06:07:48.682,1.5802,1.5805,1.00,1.60
2010.02.05 06:07:49.078,1.58015,1.5805,3.50,1.20
2010.02.05 06:07:49.954,1.58015,1.5805,1.90,2.80
2010.02.05 06:07:51.963,1.58015,1.5805,4.70,2.80
2010.02.05 06:07:52.285,1.58025,1.5806,1.80,2.80
2010.02.05 06:07:53.114,1.5803,1.5806,1.50,2.80
2010.02.05 06:07:53.703,1.5803,1.58055,1.00,1.50
2010.02.05 06:07:54.048,1.58025,1.58055,1.90,1.50
2010.02.05 06:07:55.793,1.58025,1.58055,1.90,1.60
2010.02.05 06:07:56.109,1.58025,1.58055,1.90,1.60
2010.02.05 06:07:57.380,1.5803,1.58055,1.00,1.60
2010.02.05 06:07:57.686,1.5803,1.58055,1.90,1.60
2010.02.05 06:07:58.963,1.5802,1.58055,3.40,1.60
2010.02.05 06:07:59.308,1.5802,1.58055,3.40,2.80
2010.02.05 06:08:04.526,1.5802,1.58045,3.40,1.00
2010.02.05 06:08:04.831,1.58005,1.5803,1.90,1.50
2010.02.05 06:08:05.567,1.58015,1.58045,1.00,1.50
2010.02.05 06:08:05.995,1.5802,1.58045,1.50,1.20
2010.02.05 06:08:06.432,1.5802,1.5803,1.50,1.30
2010.02.05 06:08:07.024,1.58,1.58015,3.20,1.60
2010.02.05 06:08:07.196,1.57985,1.58015,3.90,2.80
2010.02.05 06:08:07.841,1.57985,1.58015,1.50,2.80
2010.02.05 06:08:08.000,1.57985,1.5801,1.60,1.20
2010.02.05 06:08:09.500,1.5797,1.58,1.60,2.80
2010.02.05 06:08:09.816,1.57975,1.58005,3.20,2.80
2010.02.05 06:08:10.398,1.57975,1.58005,4.80,1.20
2010.02.05 06:08:10.689,1.5798,1.58015,1.90,2.70
2010.02.05 06:08:10.976,1.5799,1.5802,1.00,1.50
2010.02.05 06:08:12.040,1.5799,1.58025,1.00,2.80
2010.02.05 06:08:12.823,1.5799,1.58015,1.00,1.50
2010.02.05 06:08:13.566,1.5798,1.58015,1.90,3.10
2010.02.05 06:08:13.862,1.5798,1.5801,1.00,1.50
2010.02.05 06:08:16.051,1.5798,1.5801,1.00,1.50
2010.02.05 06:08:16.616,1.5799,1.58015,1.50,1.20
2010.02.05 06:08:16.980,1.58,1.5802,1.50,1.20
2010.02.05 06:08:17.334,1.58005,1.5803,1.50,1.20
2010.02.05 06:08:18.072,1.58005,1.58035,1.50,2.80
2010.02.05 06:08:18.562,1.58005,1.5804,1.50,2.80
2010.02.05 06:08:18.794,1.58,1.5804,8.20,2.80
2010.02.05 06:08:19.516,1.58005,1.5805,1.90,2.80
2010.02.05 06:08:19.813,1.58,1.58035,1.00,4.30
2010.02.05 06:08:20.098,1.57995,1.58035,3.40,4.30
2010.02.05 06:08:20.375,1.57995,1.5803,3.40,1.20
2010.02.05 06:08:20.655,1.57995,1.5803,3.40,2.80
2010.02.05 06:08:26.346,1.5799,1.5802,1.90,1.50
2010.02.05 06:08:29.477,1.5799,1.58015,1.90,1.50
2010.02.05 06:08:29.829,1.57975,1.5801,3.40,1.20
2010.02.05 06:08:29.949,1.57975,1.5801,3.50,2.70
2010.02.05 06:08:30.064,1.5798,1.5801,1.60,1.20
2010.02.05 06:08:30.179,1.5798,1.5801,5.50,1.20
2010.02.05 06:08:30.745,1.5798,1.58015,3.40,2.80
2010.02.05 06:08:31.206,1.5798,1.58015,1.80,2.80
2010.02.05 06:08:32.052,1.57975,1.5801,1.90,1.20
2010.02.05 06:08:32.175,1.5798,1.58015,1.00,2.80
2010.02.05 06:08:33.490,1.57975,1.5801,1.90,1.20
2010.02.05 06:08:36.423,1.5798,1.58015,1.00,2.80
2010.02.05 06:08:36.633,1.5798,1.5802,1.00,2.80
2010.02.05 06:08:37.155,1.5798,1.5802,1.90,2.80
2010.02.05 06:08:37.293,1.57985,1.5802,1.00,2.80
2010.02.05 06:08:37.561,1.57985,1.5801,1.00,1.50
2010.02.05 06:08:37.840,1.57975,1.5801,1.90,1.50
2010.02.05 06:08:38.375,1.57975,1.58005,1.00,1.60
2010.02.05 06:08:38.732,1.5797,1.58005,1.80,2.80
2010.02.05 06:08:39.912,1.5797,1.58005,1.00,4.30
2010.02.05 06:08:40.517,1.57975,1.58005,1.50,2.80
2010.02.05 06:08:41.824,1.5799,1.58005,1.50,2.80
2010.02.05 06:08:41.939,1.57965,1.5801,3.80,1.50
2010.02.05 06:08:42.050,1.57965,1.5801,3.50,1.50
2010.02.05 06:08:42.161,1.5797,1.58015,1.50,2.80
2010.02.05 06:08:42.479,1.5797,1.58015,1.80,2.80
2010.02.05 06:08:43.972,1.5798,1.58015,1.90,2.80
2010.02.05 06:08:46.622,1.5798,1.5802,3.50,4.30
2010.02.05 06:08:47.190,1.5798,1.5801,2.00,1.50
2010.02.05 06:08:47.368,1.5798,1.5801,1.90,1.50
2010.02.05 06:08:47.548,1.5798,1.5801,1.00,1.50
2010.02.05 06:08:49.969,1.5798,1.58005,1.00,1.60
2010.02.05 06:08:50.568,1.5798,1.58005,1.00,1.50
2010.02.05 06:08:53.018,1.5798,1.58,1.00,1.60
2010.02.05 06:08:53.078,1.57965,1.58,3.50,1.60
2010.02.05 06:08:53.163,1.57965,1.58,3.50,2.80
2010.02.05 06:08:53.202,1.57965,1.58,3.50,4.40
2010.02.05 06:08:54.012,1.5796,1.57995,1.90,2.80
2010.02.05 06:08:55.351,1.57975,1.57995,1.60,2.80
2010.02.05 06:08:55.997,1.57985,1.5801,1.50,2.80
2010.02.05 06:08:56.134,1.57985,1.5801,1.60,2.80
2010.02.05 06:08:56.850,1.57985,1.5801,1.60,2.80
2010.02.05 06:08:57.842,1.57985,1.5801,1.70,2.80
2010.02.05 06:08:57.946,1.57985,1.5801,1.60,2.80
2010.02.05 06:08:58.146,1.57985,1.5801,1.60,3.10
2010.02.05 06:08:58.256,1.57985,1.5801,1.60,1.50
2010.02.05 06:08:58.607,1.57975,1.5801,3.60,2.70
2010.02.05 06:08:59.281,1.57975,1.58005,3.50,1.50
2010.02.05 06:08:59.837,1.57975,1.58005,3.50,1.60
2010.02.05 06:09:01.766,1.57975,1.58005,3.50,1.50
2010.02.05 06:09:01.975,1.57985,1.58015,1.90,7.90
2010.02.05 06:09:02.188,1.57985,1.58025,3.50,7.60
2010.02.05 06:09:02.397,1.57995,1.58025,1.50,7.60
2010.02.05 06:09:03.116,1.58005,1.58035,1.60,4.40
2010.02.05 06:09:03.256,1.58005,1.58035,1.90,1.50
2010.02.05 06:09:03.506,1.5801,1.5804,1.00,3.60
2010.02.05 06:09:03.761,1.5801,1.5804,1.50,1.20
2010.02.05 06:09:04.010,1.58015,1.5804,2.40,1.20
2010.02.05 06:09:04.743,1.58015,1.58045,2.40,1.20
2010.02.05 06:09:04.947,1.5801,1.58045,3.40,1.20
2010.02.05 06:09:05.350,1.58005,1.5804,1.90,1.20
2010.02.05 06:09:05.558,1.58,1.58035,1.90,1.50
2010.02.05 06:09:06.744,1.57995,1.5803,1.80,2.80
2010.02.05 06:09:08.669,1.5798,1.58015,2.00,1.50
2010.02.05 06:09:09.024,1.5798,1.58015,2.00,4.30
2010.02.05 06:09:09.662,1.5798,1.58015,1.00,4.30
2010.02.05 06:09:10.796,1.5798,1.58015,1.00,4.40
2010.02.05 06:09:14.499,1.57985,1.58015,1.00,1.00
2010.02.05 06:09:15.387,1.57985,1.58015,1.60,1.00
2010.02.05 06:09:16.120,1.5799,1.5802,1.00,2.80
2010.02.05 06:09:20.239,1.5799,1.5802,1.70,1.20
2010.02.05 06:09:20.643,1.57995,1.58025,1.60,1.20
2010.02.05 06:09:21.966,1.5799,1.58005,2.30,1.50
2010.02.05 06:09:22.172,1.57975,1.58005,1.00,1.50
2010.02.05 06:09:22.382,1.57975,1.57995,1.00,1.20
2010.02.05 06:09:22.591,1.5796,1.57995,1.60,1.20
2010.02.05 06:09:22.801,1.57975,1.58,1.00,4.80
2010.02.05 06:09:23.010,1.57975,1.5801,1.00,6.80
2010.02.05 06:09:26.624,1.57975,1.58005,1.00,1.60
2010.02.05 06:09:26.861,1.5797,1.5799,1.00,1.50
2010.02.05 06:09:27.179,1.5797,1.58,1.80,2.40
2010.02.05 06:09:27.498,1.5799,1.58015,1.50,1.60
2010.02.05 06:09:28.100,1.5799,1.58015,1.90,1.20
2010.02.05 06:09:28.238,1.5799,1.58025,2.20,2.80
2010.02.05 06:09:28.488,1.5799,1.58025,2.20,3.00
2010.02.05 06:09:28.624,1.5799,1.58025,2.20,2.90
2010.02.05 06:09:28.763,1.5799,1.58025,2.30,2.80
2010.02.05 06:09:29.483,1.5799,1.58025,2.20,3.00
2010.02.05 06:09:29.832,1.57975,1.58,1.00,1.50
2010.02.05 06:09:30.182,1.57975,1.58015,2.40,1.20
2010.02.05 06:09:30.532,1.57995,1.5803,1.00,2.70
2010.02.05 06:09:31.395,1.57985,1.58015,1.20,2.80
2010.02.05 06:09:32.892,1.5799,1.58015,1.00,2.80
2010.02.05 06:09:33.687,1.5799,1.58005,1.00,1.50
2010.02.05 06:09:34.051,1.5797,1.58005,1.50,4.30
2010.02.05 06:09:34.406,1.57965,1.57995,2.80,2.70
2010.02.05 06:09:34.959,1.5797,1.57995,1.50,1.20
2010.02.05 06:09:37.916,1.57965,1.57995,1.10,2.70
2010.02.05 06:09:37.994,1.57965,1.57995,1.00,2.70
2010.02.05 06:09:39.103,1.5796,1.5799,1.50,2.80
2010.02.05 06:09:43.600,1.5796,1.5799,1.60,2.80
2010.02.05 06:09:44.379,1.5796,1.57995,1.90,2.70
2010.02.05 06:09:44.690,1.5797,1.58,1.90,2.80
2010.02.05 06:09:44.959,1.5797,1.58,2.70,2.80
2010.02.05 06:09:46.567,1.57975,1.58005,1.90,3.20
2010.02.05 06:09:46.838,1.5797,1.58005,3.20,4.50
2010.02.05 06:09:46.922,1.5797,1.58005,3.10,4.40
2010.02.05 06:09:47.759,1.57975,1.58005,3.20,1.20
2010.02.05 06:09:47.850,1.5798,1.5801,1.00,2.80
2010.02.05 06:09:48.659,1.57975,1.58005,1.00,4.30
2010.02.05 06:09:48.915,1.5797,1.58005,2.80,4.30
2010.02.05 06:09:49.268,1.5798,1.58005,1.20,2.80
2010.02.05 06:09:49.771,1.5798,1.58005,1.20,4.30
2010.02.05 06:09:50.137,1.5798,1.58005,1.00,1.50
2010.02.05 06:09:50.202,1.5798,1.5801,1.00,2.80
2010.02.05 06:09:51.243,1.5798,1.58015,1.00,4.30
2010.02.05 06:09:51.599,1.5799,1.5801,1.00,1.20
2010.02.05 06:09:54.091,1.5799,1.5801,1.00,1.20
2010.02.05 06:09:56.653,1.5799,1.58015,1.00,1.20
2010.02.05 06:09:57.682,1.5799,1.58015,1.00,1.20
2010.02.05 06:09:57.803,1.5799,1.58015,1.00,2.80
2010.02.05 06:09:58.345,1.5799,1.58015,1.00,4.40
2010.02.05 06:09:58.464,1.5799,1.5801,1.00,1.20
2010.02.05 06:09:59.505,1.5798,1.5801,2.40,1.20
2010.02.05 06:09:59.694,1.57975,1.58005,1.00,2.70
2010.02.05 06:10:00.675,1.5797,1.58005,3.10,2.70
2010.02.05 06:10:00.881,1.5797,1.58005,2.30,2.70
2010.02.05 06:10:01.091,1.5797,1.58005,2.40,2.70
2010.02.05 06:10:01.302,1.57975,1.58005,2.70,1.20
2010.02.05 06:10:01.512,1.5798,1.5801,1.00,1.20
2010.02.05 06:10:03.684,1.57975,1.58005,1.50,2.90
2010.02.05 06:10:03.837,1.57965,1.58005,4.70,4.40
2010.02.05 06:10:03.984,1.5797,1.58005,2.30,2.80
2010.02.05 06:10:04.927,1.57975,1.5801,3.90,1.50
2010.02.05 06:10:07.221,1.57975,1.5801,1.00,4.30
2010.02.05 06:10:07.584,1.5798,1.5801,1.00,4.30
2010.02.05 06:10:07.731,1.5798,1.5801,1.20,2.80
2010.02.05 06:10:08.510,1.5798,1.5801,1.00,2.80
2010.02.05 06:10:08.777,1.5798,1.5801,1.20,2.80
2010.02.05 06:10:10.704,1.5798,1.58005,1.00,2.70
2010.02.05 06:10:10.923,1.5797,1.58005,1.90,2.70
2010.02.05 06:10:11.130,1.5797,1.58005,2.70,2.70
2010.02.05 06:10:11.537,1.5797,1.58,2.70,1.20
2010.02.05 06:10:13.409,1.5797,1.58,1.20,1.20
2010.02.05 06:10:13.623,1.5797,1.58,1.00,1.20
2010.02.05 06:10:13.840,1.5797,1.58,1.60,1.20
2010.02.05 06:10:14.451,1.5797,1.58005,4.30,1.20
2010.02.05 06:10:14.775,1.5798,1.58005,1.90,1.20
2010.02.05 06:10:15.100,1.5798,1.58015,2.20,2.80
2010.02.05 06:10:16.857,1.5798,1.58015,2.30,2.80
2010.02.05 06:10:20.243,1.5798,1.5801,1.00,1.50
2010.02.05 06:10:20.436,1.57975,1.5801,3.90,2.70
2010.02.05 06:10:21.498,1.57975,1.5801,2.30,2.70
2010.02.05 06:10:24.986,1.5798,1.5801,1.00,2.70
2010.02.05 06:10:25.162,1.5798,1.58015,3.20,4.30
2010.02.05 06:10:25.331,1.57985,1.58015,1.00,1.50
2010.02.05 06:10:25.505,1.57995,1.58025,1.50,4.00
2010.02.05 06:10:26.100,1.57995,1.58015,1.00,1.50
2010.02.05 06:10:26.430,1.57985,1.58015,1.90,1.50
2010.02.05 06:10:27.857,1.5799,1.58025,1.00,6.70
2010.02.05 06:10:28.116,1.5799,1.5802,1.00,2.00
2010.02.05 06:10:28.764,1.5799,1.58015,1.10,5.50
2010.02.05 06:10:28.962,1.5799,1.58015,1.00,1.50
2010.02.05 06:10:29.156,1.5799,1.58025,1.00,4.30
2010.02.05 06:10:30.694,1.57995,1.58015,1.00,1.50
2010.02.05 06:10:30.952,1.57985,1.58015,1.60,3.10
2010.02.05 06:10:31.193,1.57985,1.5801,1.60,1.20
2010.02.05 06:10:32.952,1.5798,1.5801,1.00,1.20
2010.02.05 06:10:33.012,1.5798,1.5801,1.00,1.20
2010.02.05 06:10:33.064,1.5798,1.5801,1.00,1.20
2010.02.05 06:10:35.269,1.57965,1.58005,1.10,6.40
2010.02.05 06:10:35.588,1.57965,1.57995,1.00,4.30
2010.02.05 06:10:35.809,1.5796,1.57995,1.20,4.30
2010.02.05 06:10:36.505,1.5796,1.5799,1.00,1.60
2010.02.05 06:10:36.715,1.57955,1.5799,2.40,2.80
2010.02.05 06:10:37.046,1.57955,1.5799,2.30,2.80
2010.02.05 06:10:37.574,1.57965,1.5799,1.00,2.80
2010.02.05 06:10:37.802,1.5796,1.5799,2.80,2.80
2010.02.05 06:10:38.041,1.5796,1.5799,2.70,2.80
2010.02.05 06:10:39.682,1.5796,1.57985,2.00,1.20
2010.02.05 06:10:40.320,1.5796,1.57985,1.60,1.20
2010.02.05 06:10:40.806,1.5796,1.5798,1.50,1.00
2010.02.05 06:10:41.435,1.5795,1.5798,2.80,2.80
2010.02.05 06:10:41.786,1.5795,1.5798,1.00,2.80
2010.02.05 06:10:43.199,1.5795,1.5799,3.90,4.30
2010.02.05 06:10:43.347,1.5796,1.5799,1.00,4.30
2010.02.05 06:10:43.514,1.5796,1.5798,1.00,1.60
2010.02.05 06:10:44.336,1.5796,1.5799,1.00,4.40
2010.02.05 06:10:44.901,1.5796,1.5799,1.00,4.30
2010.02.05 06:10:47.177,1.5796,1.5799,1.00,4.40
2010.02.05 06:10:49.919,1.57955,1.5798,1.10,1.50
2010.02.05 06:10:50.231,1.5795,1.5798,1.00,1.50
2010.02.05 06:10:51.359,1.5795,1.5798,1.00,1.50
2010.02.05 06:10:52.058,1.5795,1.5797,1.00,1.00
2010.02.05 06:10:52.230,1.57945,1.5797,1.10,1.60
2010.02.05 06:10:52.819,1.57945,1.5797,1.00,1.60
2010.02.05 06:10:53.610,1.57945,1.5797,1.00,1.50
2010.02.05 06:10:54.253,1.5795,1.57985,3.80,2.80
2010.02.05 06:10:54.442,1.57955,1.57985,1.50,1.60
2010.02.05 06:10:54.823,1.57955,1.57985,1.50,1.50
2010.02.05 06:10:55.027,1.5796,1.5799,2.30,1.50
2010.02.05 06:10:55.218,1.5796,1.5799,3.10,1.50
2010.02.05 06:10:57.079,1.5798,1.58,1.00,2.40
2010.02.05 06:10:57.692,1.5798,1.5801,4.40,1.20
2010.02.05 06:10:57.792,1.57985,1.58015,1.00,2.70
2010.02.05 06:10:57.892,1.5798,1.58015,3.90,2.70
2010.02.05 06:10:59.611,1.5798,1.5801,1.00,1.60
2010.02.05 06:11:01.017,1.5798,1.5801,1.00,1.50
2010.02.05 06:11:02.993,1.57985,1.58015,1.50,2.80
2010.02.05 06:11:03.706,1.57985,1.58015,1.50,1.20
2010.02.05 06:11:03.774,1.5798,1.58015,6.40,2.70
2010.02.05 06:11:03.868,1.5798,1.5801,2.00,1.20
2010.02.05 06:11:05.244,1.5798,1.5801,1.00,2.70
2010.02.05 06:11:05.994,1.5798,1.5801,1.00,2.80
2010.02.05 06:11:08.807,1.5798,1.58,1.00,1.50
2010.02.05 06:11:09.258,1.5798,1.58015,1.00,4.30
2010.02.05 06:11:09.604,1.5798,1.58015,1.00,6.70
2010.02.05 06:11:10.138,1.5798,1.5802,1.00,11.00
2010.02.05 06:11:10.394,1.5798,1.58015,1.00,4.40
2010.02.05 06:11:10.652,1.57975,1.5801,1.80,2.90
2010.02.05 06:11:10.900,1.57975,1.58005,1.00,1.50
2010.02.05 06:11:11.563,1.5797,1.58005,2.00,1.50
2010.02.05 06:11:11.892,1.5797,1.58005,2.00,2.70
2010.02.05 06:11:12.216,1.5797,1.58005,2.00,2.80
2010.02.05 06:11:14.822,1.5797,1.58005,1.60,2.80
2010.02.05 06:11:15.083,1.5797,1.58005,1.00,4.40
2010.02.05 06:11:16.507,1.5797,1.58,1.00,2.80
2010.02.05 06:11:16.740,1.57965,1.58,1.00,4.40
2010.02.05 06:11:17.798,1.57965,1.5799,1.00,1.60
2010.02.05 06:11:18.094,1.57965,1.5799,1.00,1.50
2010.02.05 06:11:18.389,1.57965,1.58,1.00,4.40
2010.02.05 06:11:20.376,1.5797,1.57995,1.00,1.60
2010.02.05 06:11:20.505,1.57965,1.57995,3.10,2.80
2010.02.05 06:11:20.752,1.57965,1.57995,1.50,2.80
2010.02.05 06:11:21.382,1.5796,1.57995,3.90,2.80
2010.02.05 06:11:21.733,1.5796,1.57995,3.50,2.80
2010.02.05 06:11:22.993,1.5797,1.57995,1.00,2.80
2010.02.05 06:11:23.885,1.57965,1.57995,1.50,2.80
2010.02.05 06:11:24.303,1.57965,1.58,1.80,2.90
2010.02.05 06:11:24.657,1.5797,1.58,1.00,2.80
2010.02.05 06:11:25.017,1.57975,1.58,1.50,1.20
2010.02.05 06:11:27.877,1.57975,1.58005,1.50,2.90
2010.02.05 06:11:27.975,1.57975,1.58005,1.50,1.30
2010.02.05 06:11:28.077,1.57975,1.58005,3.10,1.30
2010.02.05 06:11:28.975,1.5797,1.58005,3.50,2.80
2010.02.05 06:11:29.913,1.5798,1.5801,1.50,1.20
2010.02.05 06:11:31.038,1.5798,1.5801,1.60,1.20
2010.02.05 06:11:35.607,1.5798,1.5801,1.50,1.30
2010.02.05 06:11:35.738,1.57975,1.5801,2.00,2.80
2010.02.05 06:11:36.743,1.5798,1.5801,1.60,1.20
2010.02.05 06:11:37.448,1.5798,1.5801,1.50,1.20
2010.02.05 06:11:37.599,1.57975,1.58005,1.90,1.50
2010.02.05 06:11:38.377,1.57975,1.58,1.90,1.50
2010.02.05 06:11:39.630,1.5797,1.58,2.00,1.50
2010.02.05 06:11:39.820,1.5797,1.5799,1.90,1.50
2010.02.05 06:11:40.373,1.5797,1.57985,1.00,1.50
2010.02.05 06:11:40.581,1.5796,1.57985,1.90,1.50
2010.02.05 06:11:40.775,1.5797,1.57985,1.00,1.50
2010.02.05 06:11:41.043,1.57975,1.58,1.50,2.80
2010.02.05 06:11:41.711,1.5798,1.58,1.50,1.20
2010.02.05 06:11:41.987,1.57985,1.58005,1.00,2.80
2010.02.05 06:11:42.247,1.57975,1.58,1.60,2.80
2010.02.05 06:11:42.746,1.57975,1.58,1.60,1.60
2010.02.05 06:11:43.255,1.57975,1.57995,1.00,1.50
2010.02.05 06:11:43.501,1.57965,1.57995,1.90,1.50
2010.02.05 06:11:43.741,1.57965,1.57995,1.00,1.50
2010.02.05 06:11:44.001,1.57965,1.58,1.90,1.20
2010.02.05 06:11:46.871,1.57965,1.57995,1.00,1.50
2010.02.05 06:11:48.293,1.57965,1.57985,1.00,1.50
2010.02.05 06:11:48.455,1.5796,1.57985,1.90,1.50
2010.02.05 06:11:49.094,1.5796,1.57985,1.00,1.50
2010.02.05 06:11:49.439,1.57955,1.57985,1.90,1.50
2010.02.05 06:11:53.519,1.57955,1.57985,1.60,1.50
2010.02.05 06:11:53.621,1.57955,1.5799,3.10,2.70
2010.02.05 06:11:53.659,1.57955,1.5799,1.50,4.30
2010.02.05 06:11:54.226,1.5796,1.5799,1.00,4.30
2010.02.05 06:11:55.265,1.5796,1.5799,1.60,2.80
2010.02.05 06:11:58.122,1.5796,1.5799,1.60,1.20
2010.02.05 06:11:58.829,1.57955,1.5799,1.60,4.40
2010.02.05 06:11:58.990,1.57955,1.5799,1.60,2.80
2010.02.05 06:11:59.152,1.5796,1.5799,1.60,1.20
2010.02.05 06:12:02.441,1.5797,1.57995,1.00,1.20
2010.02.05 06:12:02.742,1.5796,1.57995,3.50,1.20
2010.02.05 06:12:03.543,1.5797,1.58,1.50,1.30
2010.02.05 06:12:03.799,1.5797,1.58005,1.90,1.20
2010.02.05 06:12:04.053,1.57975,1.58005,1.00,4.00
2010.02.05 06:12:04.821,1.57965,1.57995,1.50,4.80
2010.02.05 06:12:05.183,1.57965,1.58,1.80,2.80
2010.02.05 06:12:06.058,1.57965,1.58,2.00,2.80
2010.02.05 06:12:06.352,1.57965,1.58,1.90,2.80
2010.02.05 06:12:08.146,1.57965,1.58,1.00,4.30
2010.02.05 06:12:08.341,1.57965,1.58,1.00,4.40
2010.02.05 06:12:08.618,1.57965,1.58,1.00,4.30
2010.02.05 06:12:09.346,1.57965,1.58,1.00,4.50
2010.02.05 06:12:09.554,1.57965,1.58,1.00,4.30
2010.02.05 06:12:12.016,1.5797,1.58005,3.80,1.20
2010.02.05 06:12:12.854,1.5797,1.58005,3.90,1.20
2010.02.05 06:12:13.507,1.5797,1.58005,3.90,5.20
2010.02.05 06:12:13.701,1.5798,1.58005,1.00,2.40
2010.02.05 06:12:14.362,1.57975,1.5801,1.60,2.80
2010.02.05 06:12:14.671,1.57975,1.5801,1.90,4.30
2010.02.05 06:12:16.162,1.5797,1.5801,5.10,4.40
2010.02.05 06:12:18.578,1.57975,1.58005,1.00,1.50
2010.02.05 06:12:18.636,1.5797,1.58005,1.90,5.10
2010.02.05 06:12:18.697,1.5797,1.58005,1.60,2.70
2010.02.05 06:12:19.573,1.57965,1.58,3.50,1.20
2010.02.05 06:12:19.957,1.57965,1.58,3.60,1.20
2010.02.05 06:12:20.187,1.57965,1.58,3.40,1.20
2010.02.05 06:12:20.931,1.5797,1.58,1.90,1.50
2010.02.05 06:12:22.002,1.5797,1.58,1.90,1.60
2010.02.05 06:12:23.202,1.5796,1.58,4.70,1.50
2010.02.05 06:12:23.542,1.5797,1.58005,1.90,5.20
2010.02.05 06:12:23.733,1.5797,1.58005,3.40,3.70
2010.02.05 06:12:24.293,1.57975,1.58005,1.50,1.30
2010.02.05 06:12:24.663,1.57975,1.5801,1.80,2.80
2010.02.05 06:12:26.221,1.57975,1.5801,1.90,2.80
2010.02.05 06:12:28.608,1.57985,1.5801,1.50,2.80
2010.02.05 06:12:29.216,1.57985,1.58015,1.50,5.20
2010.02.05 06:12:29.525,1.5798,1.58015,1.00,6.70
2010.02.05 06:12:30.319,1.5798,1.58015,1.00,9.10
2010.02.05 06:12:31.856,1.5798,1.58015,1.00,9.20
2010.02.05 06:12:34.517,1.5798,1.5801,1.00,1.60
2010.02.05 06:12:34.866,1.5796,1.57995,1.50,2.80
2010.02.05 06:12:35.196,1.5796,1.57995,1.50,3.60
2010.02.05 06:12:36.024,1.5795,1.5798,1.00,4.80
2010.02.05 06:12:36.377,1.57945,1.5798,1.00,6.00
2010.02.05 06:12:37.502,1.5795,1.5798,1.50,6.00
2010.02.05 06:12:37.775,1.5795,1.5798,1.80,1.20
2010.02.05 06:12:38.018,1.5795,1.5798,1.90,1.20
2010.02.05 06:12:39.120,1.57965,1.58015,2.70,1.00
2010.02.05 06:12:39.951,1.5798,1.5803,3.10,1.20
2010.02.05 06:12:40.323,1.5799,1.58,1.00,1.00
2010.02.05 06:12:41.092,1.5798,1.58005,1.50,1.20
2010.02.05 06:12:41.429,1.5799,1.58025,1.00,2.80
2010.02.05 06:12:42.194,1.5799,1.58025,1.00,3.60
2010.02.05 06:12:42.498,1.5798,1.58015,1.90,3.90
2010.02.05 06:12:43.453,1.5798,1.58015,1.90,5.10
2010.02.05 06:12:43.606,1.57985,1.58015,3.10,3.60
2010.02.05 06:12:43.758,1.57985,1.5802,4.70,2.80
2010.02.05 06:12:43.918,1.57985,1.5802,7.40,2.80
2010.02.05 06:12:44.609,1.57985,1.5802,5.80,2.80
2010.02.05 06:12:44.938,1.5797,1.58,2.80,4.30
2010.02.05 06:12:45.641,1.5797,1.58,1.00,4.30
2010.02.05 06:12:45.965,1.57965,1.58,3.50,4.30
2010.02.05 06:12:46.281,1.57965,1.58,3.50,4.40
2010.02.05 06:12:47.463,1.5798,1.58,1.00,1.00
2010.02.05 06:12:47.832,1.5798,1.58015,1.00,1.20
2010.02.05 06:12:48.702,1.57995,1.58015,3.10,1.20
2010.02.05 06:12:48.810,1.58,1.5803,1.00,1.20
2010.02.05 06:12:49.861,1.57995,1.5803,5.00,1.20
2010.02.05 06:12:50.809,1.57995,1.5802,3.40,2.40
2010.02.05 06:12:51.060,1.5799,1.58015,1.90,1.50
2010.02.05 06:12:51.305,1.57995,1.58025,1.50,1.20
2010.02.05 06:12:51.541,1.57995,1.5803,1.50,2.80
2010.02.05 06:12:52.982,1.57995,1.5803,3.50,2.80
2010.02.05 06:12:53.251,1.58005,1.5803,1.50,2.80
2010.02.05 06:12:53.521,1.57995,1.5803,5.10,2.80
2010.02.05 06:12:54.188,1.57995,1.5803,3.50,2.80
2010.02.05 06:12:54.775,1.57995,1.58025,1.90,1.60
2010.02.05 06:12:55.111,1.5799,1.58025,1.90,4.30
2010.02.05 06:12:55.771,1.58,1.58025,1.60,4.30
2010.02.05 06:12:56.036,1.58005,1.58025,1.50,1.60
2010.02.05 06:12:56.298,1.58005,1.5803,1.50,2.80
2010.02.05 06:12:57.440,1.58,1.5803,1.60,2.80
2010.02.05 06:12:57.630,1.57995,1.58025,1.60,1.20
2010.02.05 06:12:57.999,1.57995,1.5802,1.50,1.20
2010.02.05 06:12:58.188,1.5799,1.5802,1.00,1.20
2010.02.05 06:12:58.990,1.57995,1.5802,1.50,1.20
2010.02.05 06:13:01.092,1.5799,1.5802,1.60,2.80
2010.02.05 06:13:01.322,1.5799,1.58025,2.00,4.40
2010.02.05 06:13:02.170,1.5799,1.58025,3.60,4.40
2010.02.05 06:13:02.536,1.5799,1.58025,3.50,4.40
2010.02.05 06:13:03.033,1.58,1.58025,1.00,4.30
2010.02.05 06:13:03.648,1.58015,1.58045,3.10,1.20
2010.02.05 06:13:03.813,1.5801,1.5804,2.70,1.00
2010.02.05 06:13:04.533,1.5801,1.5804,3.80,1.00
2010.02.05 06:13:04.693,1.5801,1.5804,1.90,1.00
2010.02.05 06:13:05.857,1.5801,1.5804,2.10,1.00
2010.02.05 06:13:06.083,1.5801,1.5804,2.00,1.00
2010.02.05 06:13:06.315,1.5801,1.58045,1.90,4.30
2010.02.05 06:13:07.012,1.58015,1.5805,1.90,4.40
2010.02.05 06:13:07.761,1.58015,1.5805,3.90,4.40
2010.02.05 06:13:08.807,1.58015,1.58045,2.20,1.00
2010.02.05 06:13:08.978,1.58015,1.58045,1.00,1.50
2010.02.05 06:13:10.558,1.5801,1.58045,1.00,6.00
2010.02.05 06:13:10.737,1.5801,1.58045,1.00,6.00
2010.02.05 06:13:10.914,1.5801,1.5804,1.00,1.00
2010.02.05 06:13:11.779,1.5801,1.5804,1.00,1.60
2010.02.05 06:13:12.125,1.5801,1.5804,1.00,2.90
2010.02.05 06:13:13.625,1.5802,1.5805,1.00,6.70
2010.02.05 06:13:13.734,1.58035,1.5805,2.00,6.70
2010.02.05 06:13:14.294,1.58035,1.58055,1.00,1.60
2010.02.05 06:13:14.608,1.5802,1.58055,1.50,2.80
2010.02.05 06:13:15.222,1.58015,1.5805,5.40,2.70
2010.02.05 06:13:18.014,1.5802,1.5805,1.90,1.20
2010.02.05 06:13:19.524,1.58015,1.5805,5.40,2.70
2010.02.05 06:13:20.932,1.5802,1.5805,1.90,1.20
2010.02.05 06:13:21.570,1.5802,1.58055,1.90,2.80
2010.02.05 06:13:21.926,1.5802,1.58055,2.00,2.80
2010.02.05 06:13:22.873,1.58025,1.58055,1.00,2.80
2010.02.05 06:13:29.857,1.5802,1.58055,1.00,4.40
2010.02.05 06:13:30.224,1.58015,1.5805,5.50,1.20
2010.02.05 06:13:30.480,1.5802,1.5805,1.90,1.20
2010.02.05 06:13:31.127,1.58015,1.58045,1.00,1.00
2010.02.05 06:13:31.422,1.5802,1.58045,1.00,1.20
2010.02.05 06:13:32.691,1.58015,1.58045,1.90,1.00
2010.02.05 06:13:33.752,1.5802,1.5805,2.30,1.50
2010.02.05 06:13:34.069,1.5802,1.58055,3.80,2.80
2010.02.05 06:13:34.697,1.58025,1.58055,1.60,1.20
2010.02.05 06:13:35.022,1.58025,1.5806,2.30,4.40
2010.02.05 06:13:39.134,1.58025,1.5806,1.00,4.40
2010.02.05 06:13:39.254,1.5802,1.58055,4.70,1.20
2010.02.05 06:13:39.609,1.5802,1.58055,3.80,1.20
2010.02.05 06:13:39.962,1.5802,1.5805,1.90,1.50
2010.02.05 06:13:41.129,1.5802,1.58055,3.80,1.20
2010.02.05 06:13:42.076,1.5802,1.58055,3.90,1.20
2010.02.05 06:13:42.977,1.5804,1.5806,1.50,2.40
2010.02.05 06:13:43.201,1.5804,1.58075,4.20,1.60
2010.02.05 06:13:43.936,1.5805,1.5808,1.60,1.20
2010.02.05 06:13:44.221,1.5806,1.58095,1.80,2.80
2010.02.05 06:13:44.483,1.5806,1.58095,1.50,2.80
2010.02.05 06:13:45.059,1.5806,1.5809,1.60,1.60
2010.02.05 06:13:45.415,1.5806,1.5809,1.60,2.80
2010.02.05 06:13:46.358,1.58055,1.5809,1.00,4.50
2010.02.05 06:13:46.598,1.58055,1.5808,1.00,1.50
2010.02.05 06:13:46.837,1.58045,1.5808,2.30,1.50
2010.02.05 06:13:47.641,1.58045,1.5808,2.30,2.70
2010.02.05 06:13:48.210,1.58045,1.58075,2.30,1.50
2010.02.05 06:13:48.399,1.5804,1.58075,2.30,2.80
2010.02.05 06:13:48.587,1.5804,1.5807,1.90,1.50
2010.02.05 06:13:49.237,1.5804,1.5807,1.90,1.60
2010.02.05 06:13:49.495,1.58035,1.5807,4.50,2.80
2010.02.05 06:13:49.855,1.58035,1.58065,1.00,1.60
2010.02.05 06:13:51.124,1.58035,1.58065,1.00,1.50
2010.02.05 06:13:51.216,1.58035,1.58065,1.10,1.50
2010.02.05 06:13:51.309,1.5804,1.5807,5.50,2.80
2010.02.05 06:13:51.398,1.58045,1.58085,1.90,7.10
2010.02.05 06:13:51.496,1.58055,1.58085,1.60,5.10
2010.02.05 06:13:51.595,1.58055,1.58085,1.90,4.00
2010.02.05 06:13:51.686,1.58055,1.58085,1.90,1.60
2010.02.05 06:13:52.894,1.58055,1.5808,1.90,1.00
2010.02.05 06:13:53.247,1.5804,1.58075,3.80,1.50
2010.02.05 06:13:54.009,1.5804,1.58075,3.80,2.70
2010.02.05 06:13:54.868,1.5805,1.58075,1.00,2.70
2010.02.05 06:13:55.500,1.5805,1.58075,1.00,1.50
2010.02.05 06:13:55.814,1.58055,1.58075,1.10,1.50
2010.02.05 06:13:56.638,1.58055,1.5808,1.20,1.20
2010.02.05 06:13:56.981,1.58055,1.58085,1.20,4.30
2010.02.05 06:13:57.319,1.58055,1.58085,1.20,3.10
2010.02.05 06:13:57.660,1.5805,1.58085,1.90,1.50
2010.02.05 06:13:58.397,1.5805,1.5809,3.50,2.80
2010.02.05 06:13:58.567,1.58055,1.5809,1.90,1.50
2010.02.05 06:13:58.727,1.58055,1.58095,3.50,2.80
2010.02.05 06:13:59.309,1.58055,1.58085,3.60,1.50
2010.02.05 06:13:59.681,1.58055,1.5809,3.50,1.20
2010.02.05 06:14:00.795,1.58055,1.5809,1.90,1.20
2010.02.05 06:14:02.558,1.5806,1.58095,1.90,6.00
2010.02.05 06:14:02.889,1.5806,1.581,1.90,7.60
2010.02.05 06:14:03.708,1.58065,1.581,1.90,5.20
2010.02.05 06:14:03.852,1.58065,1.581,1.90,2.80
2010.02.05 06:14:05.653,1.58065,1.581,4.30,2.80
2010.02.05 06:14:06.003,1.58065,1.581,1.90,4.30
2010.02.05 06:14:07.106,1.58065,1.581,1.90,1.50
2010.02.05 06:14:07.741,1.5807,1.58105,1.50,2.80
2010.02.05 06:14:07.965,1.5807,1.58105,1.80,2.80
2010.02.05 06:14:08.399,1.5807,1.581,1.00,1.50
2010.02.05 06:14:10.010,1.58065,1.581,1.90,1.50
2010.02.05 06:14:10.968,1.5807,1.58105,1.50,2.80
2010.02.05 06:14:11.777,1.5807,1.58105,1.60,2.80
2010.02.05 06:14:12.132,1.5808,1.58105,3.10,1.20
2010.02.05 06:14:12.678,1.58075,1.5811,1.00,4.30
2010.02.05 06:14:12.841,1.5807,1.5811,3.60,4.30
2010.02.05 06:14:13.694,1.5807,1.581,2.10,1.50
2010.02.05 06:14:14.073,1.58075,1.581,1.00,1.60
2010.02.05 06:14:14.775,1.5807,1.581,1.00,1.60
2010.02.05 06:14:16.005,1.5806,1.58085,1.90,1.50
2010.02.05 06:14:16.229,1.5806,1.58095,1.90,1.60
2010.02.05 06:14:17.610,1.5806,1.58095,3.50,1.60
2010.02.05 06:14:17.873,1.5807,1.581,1.00,1.20
2010.02.05 06:14:18.696,1.5806,1.58095,1.90,2.70
2010.02.05 06:14:18.967,1.5806,1.5809,1.90,1.00
2010.02.05 06:14:19.759,1.5805,1.58075,2.40,3.10
2010.02.05 06:14:20.050,1.5803,1.58065,1.90,1.50
2010.02.05 06:14:20.600,1.5803,1.58065,1.90,2.70
2010.02.05 06:14:21.931,1.58045,1.58065,1.50,1.20
2010.02.05 06:14:22.207,1.58045,1.58075,1.50,2.80
2010.02.05 06:14:23.326,1.58045,1.58075,1.00,3.10
2010.02.05 06:14:23.425,1.5804,1.58075,3.50,3.10
2010.02.05 06:14:23.499,1.5805,1.5808,1.50,1.20
2010.02.05 06:14:23.563,1.58055,1.58085,1.80,4.00
2010.02.05 06:14:24.123,1.58055,1.58085,1.80,1.60
2010.02.05 06:14:24.200,1.5806,1.5809,1.00,1.20
2010.02.05 06:14:25.074,1.5806,1.58095,1.00,2.70
2010.02.05 06:14:26.077,1.58065,1.58095,1.50,1.20
2010.02.05 06:14:26.291,1.5806,1.581,5.00,1.20
2010.02.05 06:14:26.897,1.58075,1.581,1.50,1.20
2010.02.05 06:14:28.302,1.58085,1.581,1.50,1.20
2010.02.05 06:14:28.484,1.58085,1.5811,1.50,2.80
2010.02.05 06:14:29.842,1.5808,1.5811,1.50,2.80
2010.02.05 06:14:30.179,1.58075,1.5809,1.00,3.10
2010.02.05 06:14:30.501,1.5807,1.5809,1.50,1.60
2010.02.05 06:14:31.024,1.5807,1.581,1.50,3.60
2010.02.05 06:14:31.171,1.58065,1.581,1.00,9.10
2010.02.05 06:14:31.954,1.58065,1.581,1.00,9.20
2010.02.05 06:14:33.167,1.58065,1.58095,1.00,1.00
2010.02.05 06:14:34.685,1.58065,1.58085,1.00,1.00
2010.02.05 06:14:35.515,1.58065,1.58095,1.00,2.40
2010.02.05 06:14:35.763,1.58065,1.58095,1.00,2.50
2010.02.05 06:14:36.528,1.58065,1.58095,1.00,4.80
2010.02.05 06:14:36.874,1.5806,1.5809,1.50,2.90
2010.02.05 06:14:38.623,1.5806,1.58095,1.80,7.70
2010.02.05 06:14:38.672,1.5806,1.58085,1.80,1.00
2010.02.05 06:14:38.723,1.5806,1.58085,1.00,1.00
2010.02.05 06:14:38.794,1.58055,1.58085,5.00,1.00
2010.02.05 06:14:39.331,1.58055,1.58095,5.10,10.80
2010.02.05 06:14:39.380,1.58055,1.58085,5.00,1.00
2010.02.05 06:14:40.299,1.58055,1.5809,5.10,1.20
2010.02.05 06:14:40.657,1.58065,1.58095,1.50,2.80
2010.02.05 06:14:44.242,1.58055,1.5809,5.00,1.20
2010.02.05 06:14:44.878,1.58055,1.5809,5.00,1.30
2010.02.05 06:14:45.204,1.58065,1.5809,1.50,1.20
2010.02.05 06:14:48.303,1.58065,1.5809,1.50,2.80
2010.02.05 06:14:48.877,1.58055,1.5809,1.50,7.60
2010.02.05 06:14:49.935,1.58055,1.5808,1.50,1.20
2010.02.05 06:14:50.227,1.58045,1.58075,1.50,2.80
2010.02.05 06:14:50.782,1.5806,1.58075,1.50,1.20
2010.02.05 06:14:51.147,1.5806,1.58085,1.50,2.80
2010.02.05 06:14:52.376,1.5805,1.58085,1.80,2.80
2010.02.05 06:14:52.728,1.5805,1.58085,1.00,2.80
2010.02.05 06:14:53.322,1.58055,1.58075,1.50,1.00
2010.02.05 06:14:53.482,1.5805,1.5808,1.10,1.00
2010.02.05 06:14:54.210,1.5807,1.5808,3.40,1.00
2010.02.05 06:14:54.372,1.58075,1.58115,1.90,1.00
2010.02.05 06:14:54.945,1.5807,1.5811,1.50,2.80
2010.02.05 06:14:56.439,1.5809,1.581,2.40,1.20
2010.02.05 06:14:56.703,1.58095,1.58135,1.00,7.60
2010.02.05 06:14:57.458,1.58095,1.58115,5.90,1.60
2010.02.05 06:14:57.698,1.58085,1.58105,1.00,1.20
2010.02.05 06:14:58.411,1.58075,1.58085,1.00,1.60
2010.02.05 06:14:58.699,1.58055,1.58085,1.60,2.80
2010.02.05 06:14:58.980,1.5806,1.58085,1.50,2.80
2010.02.05 06:14:59.263,1.58055,1.5808,1.60,2.80
2010.02.05 06:14:59.984,1.5805,1.58075,1.50,1.20
2010.02.05 06:15:02.659,1.5807,1.5808,1.50,1.20
2010.02.05 06:15:02.887,1.5807,1.58085,1.50,2.80
2010.02.05 06:15:03.718,1.5807,1.58095,1.50,2.80
2010.02.05 06:15:03.904,1.5807,1.58085,1.50,1.20
2010.02.05 06:15:06.607,1.5807,1.5809,1.50,1.20
2010.02.05 06:15:08.588,1.58065,1.5809,1.70,1.20
2010.02.05 06:15:08.689,1.5807,1.5809,1.50,1.20
2010.02.05 06:15:09.269,1.58075,1.58095,1.50,2.80
2010.02.05 06:15:09.371,1.58075,1.58095,1.50,1.20
2010.02.05 06:15:09.470,1.58075,1.58095,1.50,2.80
2010.02.05 06:15:11.961,1.58085,1.58095,1.50,1.20
2010.02.05 06:15:12.243,1.58075,1.581,1.50,2.80
2010.02.05 06:15:14.519,1.58085,1.581,1.50,2.80
2010.02.05 06:15:15.031,1.58065,1.581,1.90,2.80
2010.02.05 06:15:15.401,1.58065,1.581,1.60,5.20
2010.02.05 06:15:15.841,1.58065,1.58095,1.60,1.60
2010.02.05 06:15:15.916,1.58065,1.5809,1.60,1.20
2010.02.05 06:15:16.684,1.58075,1.5809,1.50,1.20
2010.02.05 06:15:17.965,1.58075,1.58095,1.50,2.80
2010.02.05 06:15:19.032,1.58085,1.581,1.50,2.80
2010.02.05 06:15:19.359,1.58075,1.581,1.50,2.80
2010.02.05 06:15:21.640,1.58075,1.581,1.60,2.80
2010.02.05 06:15:23.091,1.5807,1.581,1.60,2.80
2010.02.05 06:15:24.768,1.58075,1.581,1.00,2.80
2010.02.05 06:15:25.803,1.58075,1.581,1.60,2.80
2010.02.05 06:15:33.773,1.5808,1.581,1.50,1.20
2010.02.05 06:15:33.912,1.5808,1.58105,1.60,1.20
2010.02.05 06:15:36.232,1.5808,1.581,1.60,1.20
2010.02.05 06:15:36.837,1.58075,1.581,1.60,2.80
2010.02.05 06:15:41.884,1.58075,1.581,1.60,1.20
2010.02.05 06:15:42.249,1.58075,1.58105,1.60,2.80
2010.02.05 06:15:45.888,1.5807,1.581,1.00,1.20
2010.02.05 06:15:46.258,1.5807,1.581,1.00,2.80
2010.02.05 06:15:47.141,1.58065,1.58085,1.00,3.20
2010.02.05 06:15:47.485,1.58045,1.58075,1.60,2.80
2010.02.05 06:15:48.352,1.5806,1.5808,2.40,1.50
2010.02.05 06:15:48.527,1.58065,1.5809,1.50,1.00
2010.02.05 06:15:48.690,1.58065,1.58095,1.50,1.00
2010.02.05 06:15:49.296,1.58065,1.581,1.50,2.80
2010.02.05 06:15:50.613,1.58075,1.58105,1.00,1.20
2010.02.05 06:15:50.919,1.58075,1.58105,1.50,1.20
2010.02.05 06:15:51.653,1.58065,1.58095,1.00,4.30
2010.02.05 06:15:52.002,1.5806,1.58095,1.00,4.30
2010.02.05 06:15:53.158,1.5806,1.58085,1.00,1.60
2010.02.05 06:15:53.519,1.58055,1.58085,1.00,1.60
2010.02.05 06:15:53.869,1.5805,1.5808,1.90,1.60
2010.02.05 06:15:56.233,1.58065,1.58095,1.00,4.00
2010.02.05 06:15:56.354,1.58055,1.5809,1.90,1.00
2010.02.05 06:15:56.447,1.58055,1.5809,1.90,1.30
2010.02.05 06:16:04.461,1.5806,1.5809,1.00,1.20
2010.02.05 06:16:04.817,1.58065,1.5809,1.50,1.20
2010.02.05 06:16:05.164,1.58065,1.581,1.50,2.80
2010.02.05 06:16:05.512,1.58065,1.581,1.80,2.80
2010.02.05 06:16:06.104,1.58065,1.581,1.80,2.90
2010.02.05 06:16:10.079,1.58065,1.581,3.40,1.00
2010.02.05 06:16:10.429,1.58065,1.581,5.00,1.00
2010.02.05 06:16:11.411,1.5807,1.58105,1.50,7.60
2010.02.05 06:16:11.646,1.58075,1.58105,1.60,7.60
2010.02.05 06:16:12.388,1.58075,1.581,1.50,2.80
2010.02.05 06:16:12.723,1.5807,1.581,1.50,2.80
2010.02.05 06:16:13.385,1.58075,1.581,1.50,1.20
2010.02.05 06:16:13.912,1.5807,1.581,1.50,1.20
2010.02.05 06:16:15.911,1.58075,1.58105,2.30,1.20
2010.02.05 06:16:17.921,1.58075,1.58105,2.40,1.20
2010.02.05 06:16:19.854,1.58085,1.58105,1.00,1.20
2010.02.05 06:16:20.457,1.58085,1.58105,1.60,1.20
2010.02.05 06:16:20.800,1.58085,1.5811,1.50,2.80
2010.02.05 06:16:23.749,1.58085,1.58105,1.50,1.60
2010.02.05 06:16:23.926,1.58075,1.58105,1.60,4.30
2010.02.05 06:16:24.103,1.58075,1.58105,1.50,7.60
2010.02.05 06:16:24.281,1.58075,1.58105,1.50,6.00
2010.02.05 06:16:25.030,1.58075,1.58105,1.50,1.20
2010.02.05 06:16:26.039,1.5808,1.58105,1.00,1.20
2010.02.05 06:16:26.231,1.5808,1.58105,1.50,1.20
2010.02.05 06:16:27.582,1.5808,1.5811,1.60,2.80
2010.02.05 06:16:28.990,1.58085,1.5811,1.00,2.80
2010.02.05 06:16:33.778,1.5808,1.5811,1.60,2.90
2010.02.05 06:16:37.236,1.5809,1.58115,1.50,2.80
2010.02.05 06:16:38.763,1.5809,1.5811,1.50,1.60
2010.02.05 06:16:38.794,1.5809,1.5811,1.50,2.80
2010.02.05 06:16:38.935,1.5808,1.5811,1.50,2.80
2010.02.05 06:16:47.199,1.5808,1.58115,1.80,2.90
2010.02.05 06:16:54.791,1.58075,1.5811,1.90,2.70
2010.02.05 06:16:55.894,1.58075,1.5811,1.90,2.80
2010.02.05 06:16:56.791,1.58075,1.5811,2.00,2.70
2010.02.05 06:16:57.652,1.58075,1.58105,1.60,1.20
2010.02.05 06:17:03.766,1.5808,1.58105,1.60,1.20
2010.02.05 06:17:11.809,1.5808,1.58105,1.60,2.80
2010.02.05 06:17:12.160,1.58075,1.5811,2.00,4.30
2010.02.05 06:17:15.175,1.5808,1.5811,1.50,2.80
2010.02.05 06:17:16.826,1.5808,1.5811,1.60,2.80
2010.02.05 06:17:19.508,1.5808,1.5811,1.50,2.80
2010.02.05 06:17:20.638,1.58085,1.58115,1.60,2.80
2010.02.05 06:17:20.871,1.58085,1.5812,1.90,9.20
2010.02.05 06:17:26.823,1.58085,1.58115,1.90,1.00
2010.02.05 06:17:32.140,1.58085,1.5812,1.90,9.10
2010.02.05 06:17:32.504,1.58085,1.5812,3.40,7.60
2010.02.05 06:17:32.681,1.58085,1.5812,3.40,7.70
2010.02.05 06:17:33.032,1.58085,1.5812,3.40,7.60
2010.02.05 06:17:33.211,1.58085,1.5812,3.40,5.20
2010.02.05 06:17:33.986,1.58085,1.5812,3.40,7.60
2010.02.05 06:17:34.541,1.58085,1.5812,3.40,5.20
2010.02.05 06:17:36.558,1.58085,1.5812,3.40,5.30
2010.02.05 06:17:38.297,1.58085,1.58115,3.10,2.80
2010.02.05 06:17:45.525,1.5808,1.5811,1.50,2.80
2010.02.05 06:17:46.480,1.5808,1.5811,3.90,2.80
2010.02.05 06:17:47.122,1.5809,1.58125,1.90,3.10
2010.02.05 06:17:47.365,1.5808,1.58115,3.40,1.60
2010.02.05 06:17:48.052,1.5808,1.58105,1.50,1.20
2010.02.05 06:17:49.650,1.5808,1.58105,1.60,1.20
2010.02.05 06:17:50.237,1.5808,1.5811,1.60,2.80
2010.02.05 06:17:50.447,1.58085,1.5811,1.50,2.80
2010.02.05 06:17:51.261,1.5808,1.5811,1.50,2.90
2010.02.05 06:17:51.549,1.5808,1.5811,1.60,2.80
2010.02.05 06:17:51.827,1.5808,1.5811,1.50,2.90
2010.02.05 06:17:52.637,1.5808,1.5811,1.60,2.80
2010.02.05 06:17:52.921,1.58085,1.5811,1.50,2.80
2010.02.05 06:17:53.204,1.5808,1.58105,1.60,1.20
2010.02.05 06:17:53.774,1.5808,1.58105,1.50,1.20
2010.02.05 06:17:57.078,1.5808,1.58105,1.60,1.20
2010.02.05 06:18:00.849,1.5808,1.5811,1.60,2.80
2010.02.05 06:18:01.722,1.5808,1.5811,1.50,3.00
2010.02.05 06:18:01.987,1.5809,1.58115,1.60,1.20
2010.02.05 06:18:02.753,1.58095,1.58115,1.50,1.20
2010.02.05 06:18:03.698,1.5809,1.58115,1.60,1.20
2010.02.05 06:18:03.869,1.58095,1.58115,1.50,1.20
2010.02.05 06:18:05.067,1.58095,1.58125,1.50,2.80
2010.02.05 06:18:05.309,1.58095,1.5812,1.50,2.80
2010.02.05 06:18:09.731,1.58085,1.58115,1.50,2.80
2010.02.05 06:18:12.576,1.5809,1.5812,1.50,2.80
2010.02.05 06:18:13.311,1.58085,1.58115,1.80,1.60
2010.02.05 06:18:13.435,1.58085,1.58115,1.50,2.80
2010.02.05 06:18:14.074,1.5808,1.5811,1.60,2.80
2010.02.05 06:18:14.205,1.5808,1.581,1.50,1.20
2010.02.05 06:18:14.878,1.5807,1.581,1.60,1.20
2010.02.05 06:18:16.116,1.5808,1.58105,1.50,1.20
2010.02.05 06:18:16.310,1.5808,1.5811,1.50,2.80
2010.02.05 06:18:16.682,1.58075,1.58105,1.50,1.20
2010.02.05 06:18:17.666,1.5807,1.581,1.80,1.60
2010.02.05 06:18:17.933,1.5807,1.58095,1.50,1.20
2010.02.05 06:18:18.437,1.58075,1.58095,1.50,1.20
2010.02.05 06:18:18.955,1.58075,1.581,1.50,1.20
2010.02.05 06:18:22.960,1.5807,1.581,1.50,1.20
2010.02.05 06:18:25.927,1.5807,1.581,1.50,2.80
2010.02.05 06:18:26.564,1.58065,1.58095,1.00,1.60
2010.02.05 06:18:26.781,1.5807,1.58095,1.50,2.80
2010.02.05 06:18:27.413,1.5807,1.58095,1.50,1.20
2010.02.05 06:18:36.646,1.5807,1.581,1.50,1.20
2010.02.05 06:18:37.785,1.5807,1.58105,1.80,5.30
2010.02.05 06:18:38.746,1.5807,1.5811,1.80,10.20
2010.02.05 06:18:38.853,1.5807,1.58105,1.80,5.30
2010.02.05 06:18:41.360,1.5808,1.58105,1.50,5.30
2010.02.05 06:18:41.590,1.5808,1.58105,1.50,4.00
2010.02.05 06:18:42.265,1.58075,1.5811,3.40,2.80
2010.02.05 06:18:42.569,1.58075,1.5811,1.80,2.80
2010.02.05 06:18:45.801,1.58075,1.5811,1.80,2.90
2010.02.05 06:18:56.242,1.5807,1.58105,1.50,2.90
2010.02.05 06:18:56.979,1.5807,1.581,1.50,1.20
2010.02.05 06:18:57.348,1.5807,1.581,1.50,2.80
2010.02.05 06:18:59.546,1.58075,1.581,1.50,1.20
2010.02.05 06:18:59.642,1.58075,1.58105,1.50,1.20
2010.02.05 06:19:01.795,1.58075,1.58105,1.50,1.30
2010.02.05 06:19:02.527,1.5807,1.58105,3.40,1.30
2010.02.05 06:19:02.884,1.5807,1.58105,1.80,1.00
2010.02.05 06:19:03.589,1.58075,1.581,1.60,1.20
2010.02.05 06:19:03.923,1.5806,1.581,3.90,2.90
2010.02.05 06:19:04.769,1.58065,1.58095,1.50,5.20
2010.02.05 06:19:05.138,1.58065,1.58095,1.50,1.40
2010.02.05 06:19:05.498,1.5806,1.58095,1.50,1.30
2010.02.05 06:19:06.279,1.5806,1.5809,1.50,1.20
2010.02.05 06:19:06.640,1.5807,1.58095,1.50,2.80
2010.02.05 06:19:07.281,1.5807,1.581,1.50,2.80
2010.02.05 06:19:07.606,1.58085,1.581,1.50,1.60
2010.02.05 06:19:08.171,1.58085,1.5811,1.50,1.20
2010.02.05 06:19:08.730,1.5808,1.5811,1.50,1.20
2010.02.05 06:19:09.274,1.5808,1.5811,1.50,2.80
2010.02.05 06:19:09.589,1.58075,1.5811,1.80,4.30
2010.02.05 06:19:09.741,1.58075,1.5811,1.50,4.30
2010.02.05 06:19:09.893,1.58075,1.5811,1.50,4.40
2010.02.05 06:19:10.589,1.58075,1.58105,1.50,2.80
2010.02.05 06:19:10.955,1.58075,1.58105,1.50,1.30
2010.02.05 06:19:15.649,1.5807,1.58105,1.90,4.40
2010.02.05 06:19:16.396,1.58075,1.581,1.50,1.00
2010.02.05 06:19:16.686,1.58075,1.58105,1.50,1.20
2010.02.05 06:19:17.458,1.58085,1.58115,1.50,2.90
2010.02.05 06:19:18.849,1.58085,1.5811,1.50,2.80
2010.02.05 06:19:24.774,1.5808,1.5811,1.50,2.90
2010.02.05 06:19:24.888,1.5808,1.58105,1.50,1.20
2010.02.05 06:19:25.251,1.58075,1.58105,1.60,1.20
2010.02.05 06:19:25.812,1.58075,1.58105,1.50,1.30
2010.02.05 06:19:27.985,1.5808,1.5811,1.50,1.30
2010.02.05 06:19:28.546,1.5808,1.58105,1.50,1.00
2010.02.05 06:19:41.307,1.5808,1.5811,1.50,1.30
2010.02.05 06:19:42.643,1.5808,1.58105,1.50,1.20
2010.02.05 06:19:43.323,1.58075,1.58105,1.60,1.20
2010.02.05 06:19:43.625,1.58075,1.58105,1.50,1.30
2010.02.05 06:19:46.230,1.58075,1.58105,3.10,1.30
2010.02.05 06:19:46.529,1.58075,1.58105,5.00,1.00
2010.02.05 06:19:47.626,1.5808,1.58105,1.60,1.00
2010.02.05 06:19:47.843,1.5808,1.5811,5.00,1.00
2010.02.05 06:19:48.582,1.5808,1.58105,3.40,1.00
2010.02.05 06:19:48.998,1.5808,1.58105,5.00,1.00
2010.02.05 06:19:49.801,1.5808,1.5811,5.00,1.00
2010.02.05 06:19:51.020,1.5808,1.5811,3.40,1.00
2010.02.05 06:19:52.119,1.5808,1.58105,3.40,1.00
2010.02.05 06:19:53.327,1.58085,1.5811,1.60,1.00
2010.02.05 06:19:53.516,1.5809,1.5812,3.10,1.30
2010.02.05 06:19:53.709,1.5809,1.58115,1.50,1.00
2010.02.05 06:19:54.472,1.58085,1.58115,3.40,1.00
2010.02.05 06:19:55.353,1.58085,1.58115,1.80,1.00
2010.02.05 06:19:58.309,1.58085,1.5812,1.80,5.20
2010.02.05 06:19:58.507,1.5809,1.5812,1.50,5.20
2010.02.05 06:19:58.706,1.5809,1.5812,1.50,2.80
2010.02.05 06:20:01.028,1.58105,1.5812,1.50,2.80
2010.02.05 06:20:10.900,1.5809,1.58115,1.50,1.20
2010.02.05 06:20:12.171,1.58095,1.58125,1.90,1.00
2010.02.05 06:20:12.723,1.581,1.5813,1.50,1.00
2010.02.05 06:20:13.004,1.581,1.5813,3.40,1.00
2010.02.05 06:20:13.572,1.58105,1.5813,1.80,1.00
2010.02.05 06:20:14.160,1.58115,1.5813,1.50,1.00
2010.02.05 06:20:14.312,1.58115,1.58145,1.50,1.20
2010.02.05 06:20:14.863,1.58115,1.58145,1.50,1.30
2010.02.05 06:20:15.874,1.58115,1.5814,1.50,1.00
2010.02.05 06:20:17.927,1.5812,1.58145,1.50,1.20
2010.02.05 06:20:22.116,1.5813,1.5815,1.50,1.20
2010.02.05 06:20:23.812,1.5813,1.58155,1.50,2.80
2010.02.05 06:20:26.742,1.5813,1.58155,1.50,1.60
2010.02.05 06:20:27.591,1.5813,1.5816,1.50,2.80
2010.02.05 06:20:28.206,1.5813,1.58155,1.50,1.20
2010.02.05 06:20:28.493,1.5812,1.58155,1.50,5.20
2010.02.05 06:20:28.781,1.5812,1.5815,1.50,1.20
2010.02.05 06:20:29.540,1.5812,1.5815,1.50,2.80
2010.02.05 06:20:41.571,1.58115,1.5814,1.90,1.60
2010.02.05 06:20:41.830,1.581,1.58135,1.00,2.70
2010.02.05 06:20:42.069,1.58105,1.58135,1.00,2.70
2010.02.05 06:20:43.077,1.58095,1.5813,3.40,1.20
2010.02.05 06:20:44.048,1.58095,1.5813,1.80,2.80
2010.02.05 06:20:54.662,1.58095,1.58125,1.50,1.20
2010.02.05 06:20:54.707,1.58095,1.58125,1.50,2.80
2010.02.05 06:20:56.151,1.58095,1.58125,1.80,1.60
2010.02.05 06:20:56.439,1.581,1.5813,1.50,1.20
2010.02.05 06:20:57.562,1.58095,1.5812,1.50,2.80
2010.02.05 06:20:57.919,1.58095,1.5812,1.60,2.80
2010.02.05 06:20:58.898,1.58095,1.5812,1.50,2.80
2010.02.05 06:21:11.004,1.58095,1.58115,1.50,1.20
2010.02.05 06:21:11.124,1.58095,1.58115,1.50,2.80
2010.02.05 06:21:20.335,1.58085,1.58115,1.60,2.80
2010.02.05 06:21:24.463,1.58095,1.58115,1.50,2.80
2010.02.05 06:21:27.872,1.58095,1.5812,1.60,2.80
2010.02.05 06:21:28.186,1.581,1.5812,1.50,2.80
2010.02.05 06:21:29.150,1.5809,1.5811,1.50,1.60
2010.02.05 06:21:29.445,1.5808,1.5811,2.70,3.10
2010.02.05 06:21:30.016,1.5807,1.58095,1.00,1.50
2010.02.05 06:21:30.378,1.58055,1.5809,1.90,1.20
2010.02.05 06:21:32.304,1.5806,1.5809,1.50,1.20
2010.02.05 06:21:34.171,1.5807,1.58095,1.50,2.80
2010.02.05 06:21:34.628,1.5807,1.5809,1.50,2.80
2010.02.05 06:21:34.804,1.5806,1.5809,5.20,2.80
2010.02.05 06:21:35.401,1.5806,1.5809,1.50,2.80
2010.02.05 06:21:36.107,1.5806,1.5809,1.60,2.80
2010.02.05 06:21:43.627,1.5806,1.5809,1.60,2.80
2010.02.05 06:21:43.775,1.5806,1.5809,1.60,2.80
2010.02.05 06:21:43.933,1.58065,1.58095,1.30,2.80
2010.02.05 06:21:44.472,1.5807,1.58095,1.50,2.80
2010.02.05 06:21:44.988,1.5806,1.58095,2.00,2.80
2010.02.05 06:21:45.900,1.5806,1.58095,1.90,2.80
2010.02.05 06:21:46.547,1.5806,1.5809,1.90,1.60
2010.02.05 06:21:46.754,1.5806,1.5809,1.60,2.80
2010.02.05 06:21:46.955,1.5806,1.58095,1.60,2.80
2010.02.05 06:21:47.149,1.5806,1.58095,1.90,2.80
2010.02.05 06:21:55.404,1.58065,1.58105,1.90,9.10
2010.02.05 06:21:55.597,1.58075,1.58105,1.00,2.80
2010.02.05 06:21:55.898,1.58075,1.58105,1.00,4.40
2010.02.05 06:21:56.588,1.58075,1.58105,1.50,4.40
2010.02.05 06:21:56.738,1.58075,1.58105,1.50,2.80
2010.02.05 06:21:57.428,1.5809,1.58115,1.50,2.00
2010.02.05 06:21:57.563,1.5808,1.58115,3.40,1.20
2010.02.05 06:21:57.913,1.5808,1.58115,3.10,2.80
2010.02.05 06:21:58.494,1.58075,1.581,3.30,1.50
2010.02.05 06:21:58.858,1.58065,1.581,1.60,4.30
2010.02.05 06:21:59.644,1.58065,1.58095,1.60,2.80
2010.02.05 06:21:59.926,1.58055,1.5809,3.40,1.20
2010.02.05 06:22:00.842,1.58055,1.5809,3.50,2.70
2010.02.05 06:22:01.218,1.58055,1.5809,3.40,1.20
2010.02.05 06:22:01.397,1.58055,1.5809,1.90,1.20
2010.02.05 06:22:02.089,1.5806,1.5809,1.00,1.60
2010.02.05 06:22:02.448,1.58055,1.58095,1.80,2.80
2010.02.05 06:22:04.064,1.5806,1.58095,1.00,2.80
2010.02.05 06:22:04.287,1.5808,1.581,1.50,7.60
2010.02.05 06:22:04.399,1.5808,1.581,1.50,2.80
2010.02.05 06:22:04.510,1.5807,1.581,2.80,2.80
2010.02.05 06:22:04.728,1.5807,1.581,1.50,2.80
2010.02.05 06:22:05.258,1.58065,1.581,1.50,2.80
2010.02.05 06:22:05.609,1.58065,1.58095,1.50,1.20
2010.02.05 06:22:05.941,1.58065,1.58095,1.60,1.20
2010.02.05 06:22:06.265,1.58065,1.5809,1.60,1.20
2010.02.05 06:22:09.233,1.58065,1.58095,1.60,1.20
2010.02.05 06:22:10.111,1.58075,1.581,1.50,2.80
2010.02.05 06:22:13.408,1.58065,1.581,3.30,2.80
2010.02.05 06:22:13.709,1.58065,1.58095,1.60,1.20
2010.02.05 06:22:14.297,1.58075,1.58095,1.50,1.20
2010.02.05 06:22:21.338,1.58065,1.58095,1.60,1.20
2010.02.05 06:22:22.903,1.5807,1.581,1.00,1.20
2010.02.05 06:22:23.532,1.5807,1.581,1.60,1.20
2010.02.05 06:22:23.886,1.5807,1.581,1.60,1.30
2010.02.05 06:22:29.509,1.5807,1.581,1.50,1.30
2010.02.05 06:22:29.694,1.58065,1.581,6.70,1.30
2010.02.05 06:22:29.894,1.5807,1.581,1.60,1.30
2010.02.05 06:22:31.189,1.5807,1.581,1.50,2.10
2010.02.05 06:22:31.322,1.58065,1.5809,1.90,1.50
2010.02.05 06:22:31.464,1.58065,1.58085,1.90,1.60
2010.02.05 06:22:31.613,1.58065,1.58085,1.90,1.50
2010.02.05 06:22:32.220,1.58065,1.58095,3.40,1.00
2010.02.05 06:22:32.591,1.58065,1.581,1.90,4.80
2010.02.05 06:22:33.396,1.58065,1.58095,1.00,1.60
2010.02.05 06:22:33.893,1.58065,1.5809,1.00,1.00
2010.02.05 06:22:34.814,1.58065,1.58095,1.00,1.60
2010.02.05 06:22:39.487,1.58065,1.58095,1.00,1.50
2010.02.05 06:22:40.105,1.5806,1.5809,1.00,1.00
2010.02.05 06:22:41.483,1.58065,1.58095,1.50,2.80
2010.02.05 06:22:42.098,1.58075,1.5811,1.90,1.20
2010.02.05 06:22:43.706,1.5808,1.58115,1.00,2.80
2010.02.05 06:22:43.757,1.5808,1.58115,1.90,2.80
2010.02.05 06:22:45.124,1.5809,1.58125,1.00,2.80
2010.02.05 06:22:45.666,1.5809,1.5812,1.00,1.60
2010.02.05 06:22:46.033,1.5808,1.58115,3.40,1.20
2010.02.05 06:22:46.471,1.5808,1.58115,1.90,2.00
2010.02.05 06:22:47.041,1.5808,1.5811,1.90,4.80
2010.02.05 06:22:47.342,1.5808,1.58115,1.90,9.90
2010.02.05 06:22:47.787,1.5808,1.58115,1.90,10.10
2010.02.05 06:22:48.084,1.5808,1.58115,1.90,10.00
2010.02.05 06:22:48.325,1.5808,1.58115,1.90,9.10
2010.02.05 06:22:49.046,1.5808,1.58115,1.90,7.60
2010.02.05 06:22:49.300,1.5808,1.58115,1.90,2.80
2010.02.05 06:22:53.903,1.5808,1.58115,1.90,1.20
2010.02.05 06:22:54.223,1.58085,1.58115,3.40,1.20
2010.02.05 06:22:54.918,1.58085,1.58115,1.50,2.80
2010.02.05 06:22:55.015,1.58085,1.58115,1.50,2.90
2010.02.05 06:22:56.313,1.58085,1.58115,1.50,2.80
2010.02.05 06:22:56.923,1.58085,1.58115,1.50,2.90
2010.02.05 06:23:00.624,1.58085,1.5811,1.50,1.20
2010.02.05 06:23:02.979,1.5808,1.5811,1.60,1.20
2010.02.05 06:23:09.064,1.58075,1.5811,1.90,4.30
2010.02.05 06:23:10.112,1.58075,1.5811,1.90,4.40
2010.02.05 06:23:10.415,1.5808,1.5811,1.50,1.20
2010.02.05 06:23:10.716,1.5808,1.58115,3.40,2.80
2010.02.05 06:23:13.389,1.5808,1.5811,1.90,1.50
2010.02.05 06:23:14.491,1.58075,1.5811,1.90,4.30
2010.02.05 06:23:15.309,1.58075,1.5811,1.90,1.50
2010.02.05 06:23:15.357,1.5808,1.5811,1.00,1.50
2010.02.05 06:23:16.130,1.5808,1.5811,1.00,1.60
2010.02.05 06:23:17.347,1.5808,1.5811,1.00,1.50
2010.02.05 06:23:20.461,1.5808,1.58115,1.80,2.80
2010.02.05 06:23:20.750,1.58085,1.5812,1.00,4.30
2010.02.05 06:23:22.059,1.58085,1.5812,1.90,2.80
2010.02.05 06:23:24.438,1.5808,1.5811,1.90,1.50
2010.02.05 06:23:26.926,1.5808,1.5811,1.90,1.60
2010.02.05 06:23:37.149,1.5808,1.5811,1.90,2.40
2010.02.05 06:23:37.212,1.5808,1.581,1.90,1.50
2010.02.05 06:23:37.255,1.58075,1.581,5.10,1.50
2010.02.05 06:23:37.304,1.58075,1.581,3.50,1.50
2010.02.05 06:23:38.248,1.58075,1.5811,1.90,1.60
2010.02.05 06:23:38.596,1.5808,1.5811,1.90,1.60
2010.02.05 06:23:38.885,1.5808,1.5811,1.90,1.60
2010.02.05 06:23:39.107,1.5808,1.5811,1.90,1.60
2010.02.05 06:23:39.307,1.58075,1.581,1.90,1.50
2010.02.05 06:23:40.952,1.58075,1.581,1.90,1.60
2010.02.05 06:23:41.921,1.58075,1.581,1.90,1.60
2010.02.05 06:23:43.604,1.5806,1.5808,1.00,1.50
2010.02.05 06:23:44.201,1.58065,1.58085,3.40,1.60
2010.02.05 06:23:44.263,1.58065,1.58105,3.40,2.80
2010.02.05 06:23:44.353,1.5807,1.58105,1.60,1.20
2010.02.05 06:23:44.401,1.5807,1.5811,1.90,7.60
2010.02.05 06:23:44.445,1.5807,1.5811,1.90,5.20
2010.02.05 06:23:44.531,1.5807,1.5811,1.90,2.80
2010.02.05 06:23:45.105,1.5807,1.5811,1.90,1.20
2010.02.05 06:23:50.947,1.58075,1.5811,1.60,1.30
2010.02.05 06:23:51.159,1.58075,1.5811,1.90,1.30
2010.02.05 06:23:51.365,1.58075,1.5811,3.40,1.20
2010.02.05 06:23:51.904,1.5808,1.5811,1.60,1.20
2010.02.05 06:23:52.054,1.58085,1.58115,1.00,1.50
2010.02.05 06:23:52.591,1.58085,1.58115,1.00,1.60
2010.02.05 06:23:53.140,1.5809,1.58115,1.50,1.00
2010.02.05 06:23:53.509,1.58085,1.5812,1.00,2.90
2010.02.05 06:23:53.868,1.58085,1.5812,1.00,5.30
2010.02.05 06:23:54.508,1.58075,1.5811,1.90,1.50
2010.02.05 06:23:54.698,1.5807,1.581,1.00,1.50
2010.02.05 06:23:55.953,1.58065,1.581,1.90,4.30
2010.02.05 06:23:56.300,1.58065,1.58095,1.00,1.60
2010.02.05 06:23:56.655,1.58055,1.58095,1.90,4.40
2010.02.05 06:23:57.355,1.5806,1.58085,1.60,1.00
2010.02.05 06:23:57.660,1.5806,1.58085,1.90,1.00
2010.02.05 06:23:58.660,1.5806,1.5808,1.00,1.60
2010.02.05 06:23:58.787,1.5805,1.5808,3.40,1.60
2010.02.05 06:23:58.945,1.5805,1.5808,1.90,1.50
2010.02.05 06:23:59.502,1.5806,1.5808,1.50,2.40
2010.02.05 06:23:59.633,1.5806,1.5809,1.50,1.20
2010.02.05 06:24:00.610,1.58055,1.58085,1.00,1.00
2010.02.05 06:24:00.984,1.5805,1.58085,3.40,1.20
2010.02.05 06:24:01.206,1.5805,1.58085,3.40,1.30
2010.02.05 06:24:02.379,1.58045,1.58085,1.80,7.60
2010.02.05 06:24:02.628,1.5806,1.58085,1.50,2.80
2010.02.05 06:24:03.652,1.58065,1.58095,1.50,2.80
2010.02.05 06:24:03.888,1.5807,1.581,1.50,2.80
2010.02.05 06:24:04.349,1.5806,1.581,1.90,2.80
2010.02.05 06:24:05.048,1.5806,1.581,1.90,5.20
2010.02.05 06:24:05.299,1.5806,1.58095,1.90,1.20
2010.02.05 06:24:06.466,1.5806,1.58095,1.00,1.20
2010.02.05 06:24:08.020,1.58065,1.58095,1.00,1.20
2010.02.05 06:24:08.212,1.5807,1.58095,1.50,1.20
2010.02.05 06:24:08.863,1.58065,1.58095,3.90,1.20
2010.02.05 06:24:09.158,1.5807,1.58095,1.50,1.20
2010.02.05 06:24:09.249,1.58075,1.58095,2.40,1.20
2010.02.05 06:24:10.699,1.58065,1.581,8.30,4.40
2010.02.05 06:24:11.051,1.5807,1.58095,3.90,1.20
2010.02.05 06:24:12.936,1.5807,1.58095,1.50,1.20
2010.02.05 06:24:13.926,1.5807,1.581,1.50,1.20
2010.02.05 06:24:14.829,1.5807,1.581,3.90,1.20
2010.02.05 06:24:15.049,1.5807,1.581,3.90,1.30
2010.02.05 06:24:15.258,1.58065,1.5809,2.40,1.50
2010.02.05 06:24:15.471,1.5807,1.581,1.50,2.80
2010.02.05 06:24:15.688,1.5807,1.581,1.50,1.20
2010.02.05 06:24:20.529,1.5807,1.581,2.30,1.20
2010.02.05 06:24:20.579,1.5807,1.581,3.90,1.20
2010.02.05 06:24:20.630,1.5808,1.581,1.50,1.20
2010.02.05 06:24:20.696,1.5808,1.58105,1.50,2.80
2010.02.05 06:24:21.697,1.58095,1.58115,1.50,2.80
2010.02.05 06:24:21.996,1.58085,1.58115,1.50,2.80
2010.02.05 06:24:23.258,1.58085,1.58115,1.60,2.80
2010.02.05 06:24:23.522,1.58085,1.58115,1.50,2.80
2010.02.05 06:24:23.785,1.58085,1.58115,1.60,2.80
2010.02.05 06:24:24.049,1.58085,1.58115,1.50,2.80
2010.02.05 06:24:25.315,1.5808,1.58115,3.10,2.90
2010.02.05 06:24:25.541,1.5808,1.58115,1.80,2.90
2010.02.05 06:24:25.757,1.5808,1.5811,1.60,2.80
2010.02.05 06:24:26.335,1.5808,1.5811,1.50,2.80
2010.02.05 06:24:27.080,1.58085,1.5811,1.60,2.80
2010.02.05 06:24:27.886,1.5808,1.58115,2.30,2.80
2010.02.05 06:24:28.247,1.5808,1.58115,2.20,2.90
2010.02.05 06:24:28.602,1.5808,1.5811,2.30,1.60
2010.02.05 06:24:29.368,1.5808,1.5811,1.90,2.80
2010.02.05 06:24:29.637,1.58075,1.5811,2.30,4.30
2010.02.05 06:24:29.844,1.5808,1.5811,1.90,2.80
2010.02.05 06:24:30.053,1.5808,1.58115,2.20,2.90
2010.02.05 06:24:30.880,1.5808,1.58115,2.30,2.90
2010.02.05 06:24:31.618,1.5808,1.58115,2.20,2.80
2010.02.05 06:24:32.964,1.5808,1.58115,2.20,1.60
2010.02.05 06:24:33.218,1.58085,1.5812,1.00,9.10
2010.02.05 06:24:34.116,1.5808,1.5812,3.80,9.20
2010.02.05 06:24:34.228,1.5808,1.58115,3.90,1.00
2010.02.05 06:24:34.334,1.5808,1.58115,3.90,1.30
2010.02.05 06:24:34.434,1.5808,1.58115,2.30,2.90
2010.02.05 06:24:35.993,1.5808,1.58115,2.20,2.80
2010.02.05 06:24:41.889,1.5808,1.58115,2.30,2.90
2010.02.05 06:24:42.055,1.5808,1.58115,2.20,2.90
2010.02.05 06:24:44.202,1.5808,1.58115,2.40,3.00
2010.02.05 06:24:44.760,1.5808,1.58115,2.30,2.90
2010.02.05 06:24:53.337,1.58085,1.58115,1.60,2.80
2010.02.05 06:24:53.691,1.5808,1.58115,4.40,1.20
2010.02.05 06:24:54.049,1.5809,1.58115,1.50,1.20
2010.02.05 06:24:55.666,1.5809,1.58115,1.50,1.40
2010.02.05 06:24:56.026,1.58085,1.58115,1.50,1.30
2010.02.05 06:24:57.063,1.58085,1.58115,3.90,1.30
2010.02.05 06:24:57.985,1.58085,1.58115,4.00,1.20
2010.02.05 06:24:58.335,1.58085,1.58115,3.90,1.30
2010.02.05 06:24:58.688,1.58085,1.58115,4.00,1.20
2010.02.05 06:24:59.663,1.58085,1.58115,4.00,2.80
2010.02.05 06:24:59.753,1.58085,1.58115,3.90,2.90
2010.02.05 06:25:00.187,1.58085,1.58105,3.90,2.80
2010.02.05 06:25:00.740,1.58085,1.58105,2.40,2.80
2010.02.05 06:25:01.120,1.5808,1.58105,1.50,2.90
2010.02.05 06:25:01.715,1.58075,1.58105,6.30,2.90
2010.02.05 06:25:02.320,1.5807,1.581,1.90,2.90
2010.02.05 06:25:02.452,1.58075,1.581,3.90,2.80
2010.02.05 06:25:03.220,1.5809,1.581,1.50,1.20
2010.02.05 06:25:03.593,1.5809,1.5812,6.30,2.80
2010.02.05 06:25:04.187,1.5809,1.5812,1.50,2.80
2010.02.05 06:25:06.411,1.58085,1.58115,1.80,1.00
2010.02.05 06:25:07.037,1.58085,1.5812,1.80,5.30
2010.02.05 06:25:08.309,1.58085,1.58115,1.90,1.20
2010.02.05 06:25:09.537,1.58085,1.5811,1.60,2.70
2010.02.05 06:25:10.164,1.58085,1.5811,1.60,1.20
2010.02.05 06:25:10.283,1.58075,1.58105,1.60,2.80
2010.02.05 06:25:12.732,1.58095,1.58115,1.00,1.60
2010.02.05 06:25:13.090,1.58095,1.5812,1.90,2.80
2010.02.05 06:25:13.262,1.58095,1.58125,2.70,1.20
2010.02.05 06:25:13.431,1.58095,1.5813,2.70,2.80
2010.02.05 06:25:13.599,1.58095,1.5813,1.90,2.80
2010.02.05 06:25:13.929,1.58095,1.5813,2.20,2.80
2010.02.05 06:25:15.068,1.58095,1.5813,3.80,2.80
2010.02.05 06:25:15.161,1.581,1.5813,1.50,2.80
2010.02.05 06:25:15.811,1.58095,1.5813,2.30,2.80
2010.02.05 06:25:16.163,1.58095,1.5813,1.80,2.80
2010.02.05 06:25:16.512,1.581,1.5813,1.50,2.80
2010.02.05 06:25:17.331,1.5811,1.5813,1.50,1.20
2010.02.05 06:25:19.939,1.5811,1.5813,1.60,1.20
2010.02.05 06:25:20.618,1.5811,1.5813,1.00,1.20
2010.02.05 06:25:20.972,1.581,1.58135,4.30,1.20
2010.02.05 06:25:21.727,1.58115,1.5814,1.50,2.40
2010.02.05 06:25:21.862,1.58115,1.58145,1.50,1.20
2010.02.05 06:25:27.000,1.5811,1.58145,1.00,4.30
2010.02.05 06:25:27.263,1.5811,1.58145,1.00,5.90
2010.02.05 06:25:27.774,1.5811,1.58145,1.00,4.30
2010.02.05 06:25:28.129,1.5811,1.58145,1.00,4.40
2010.02.05 06:25:28.481,1.5811,1.58135,1.00,1.50
2010.02.05 06:25:29.966,1.5811,1.58135,1.00,1.60
2010.02.05 06:25:30.242,1.5811,1.58135,1.00,3.20
2010.02.05 06:25:30.314,1.5811,1.58135,1.00,4.30
2010.02.05 06:25:30.436,1.58105,1.58135,1.50,2.80
2010.02.05 06:25:31.908,1.58105,1.5814,2.20,2.90
2010.02.05 06:25:32.107,1.58105,1.5814,2.20,2.80
2010.02.05 06:25:32.728,1.58105,1.58135,2.20,1.00
2010.02.05 06:25:33.407,1.581,1.58135,4.60,2.90
2010.02.05 06:25:36.353,1.58105,1.5813,1.20,1.60
2010.02.05 06:25:36.887,1.58105,1.58125,1.20,1.00
2010.02.05 06:25:37.819,1.58105,1.5813,1.20,1.60
2010.02.05 06:25:38.912,1.58105,1.58135,1.00,2.80
2010.02.05 06:25:39.910,1.5812,1.58135,1.50,2.80
2010.02.05 06:25:40.218,1.5812,1.5814,1.50,2.80
2010.02.05 06:25:49.474,1.5811,1.5814,2.30,2.80
2010.02.05 06:25:50.188,1.5811,1.5814,2.70,2.80
2010.02.05 06:25:55.275,1.58115,1.5814,1.00,1.20
2010.02.05 06:25:55.400,1.5813,1.58175,1.50,2.80
2010.02.05 06:26:00.034,1.5813,1.58165,4.70,2.80
2010.02.05 06:26:00.703,1.58135,1.58165,1.00,5.10
2010.02.05 06:26:01.062,1.58135,1.58165,1.00,7.50
2010.02.05 06:26:01.882,1.58135,1.5816,1.00,1.00
2010.02.05 06:26:03.088,1.58125,1.5816,3.80,1.30
2010.02.05 06:26:06.503,1.58125,1.5816,4.60,1.30
2010.02.05 06:26:06.774,1.58125,1.5816,4.60,6.10
2010.02.05 06:26:07.045,1.58125,1.5816,3.80,1.30
2010.02.05 06:26:08.069,1.58125,1.5816,4.50,6.10
2010.02.05 06:26:08.411,1.58125,1.5816,4.50,1.30
2010.02.05 06:26:08.779,1.58125,1.5816,4.60,1.30
2010.02.05 06:26:09.112,1.58125,1.5816,4.60,6.10
2010.02.05 06:26:11.883,1.58125,1.5816,3.10,7.60
2010.02.05 06:26:13.247,1.5813,1.58155,1.00,1.00
2010.02.05 06:26:13.597,1.58135,1.5816,1.00,1.50
2010.02.05 06:26:13.930,1.5814,1.5816,1.00,1.50
2010.02.05 06:26:15.060,1.5813,1.5816,1.50,1.50
2010.02.05 06:26:15.386,1.5813,1.58155,1.10,1.00
2010.02.05 06:26:16.132,1.58135,1.5816,1.00,1.50
2010.02.05 06:26:16.392,1.58135,1.5816,1.00,2.70
2010.02.05 06:26:16.544,1.58135,1.5816,1.00,4.30
2010.02.05 06:26:19.812,1.58135,1.5816,1.00,4.40
2010.02.05 06:26:22.689,1.58135,1.58155,1.00,1.00
2010.02.05 06:26:23.393,1.5813,1.58135,1.70,2.40
2010.02.05 06:26:23.675,1.58125,1.5815,1.50,2.80
2010.02.05 06:26:23.940,1.5812,1.5815,1.50,2.80
2010.02.05 06:26:24.208,1.5812,1.58155,3.90,2.80
2010.02.05 06:26:24.478,1.58125,1.58155,1.00,2.80
2010.02.05 06:26:24.625,1.58125,1.58155,1.00,1.20
2010.02.05 06:26:25.299,1.58135,1.58155,1.00,1.20
2010.02.05 06:26:29.472,1.5813,1.58155,1.20,1.30
2010.02.05 06:26:30.097,1.5813,1.5815,1.00,1.50
2010.02.05 06:26:30.245,1.58125,1.58155,1.20,1.20
2010.02.05 06:26:30.385,1.58125,1.58155,1.00,1.20
2010.02.05 06:26:34.889,1.58135,1.58155,1.00,1.20
2010.02.05 06:26:35.127,1.58135,1.58155,1.00,3.60
2010.02.05 06:26:36.491,1.58135,1.58155,1.00,1.20
2010.02.05 06:26:37.205,1.5813,1.58155,1.00,2.80
2010.02.05 06:26:37.274,1.5813,1.58145,1.00,2.80
2010.02.05 06:26:37.343,1.58095,1.58145,5.80,2.80
2010.02.05 06:26:37.419,1.58095,1.58145,1.80,2.80
2010.02.05 06:26:37.492,1.58095,1.58145,1.00,9.10
2010.02.05 06:26:37.560,1.58095,1.58145,1.00,9.20
2010.02.05 06:26:37.630,1.58095,1.5814,1.00,5.60
2010.02.05 06:26:38.204,1.58095,1.58135,1.00,1.60
2010.02.05 06:26:38.556,1.58105,1.5813,1.00,1.20
2010.02.05 06:26:38.910,1.581,1.5813,1.90,1.20
2010.02.05 06:26:43.931,1.58095,1.5813,1.50,4.30
2010.02.05 06:26:46.416,1.58095,1.5813,1.50,4.40
2010.02.05 06:26:46.723,1.5809,1.58125,1.90,1.50
2010.02.05 06:26:46.884,1.58085,1.5812,3.50,1.20
2010.02.05 06:26:47.733,1.58085,1.5812,1.90,2.80
2010.02.05 06:26:48.940,1.58085,1.5812,1.90,2.90
2010.02.05 06:26:53.517,1.58095,1.5812,1.50,2.80
2010.02.05 06:26:53.809,1.58095,1.58125,1.50,2.80
2010.02.05 06:26:55.466,1.58095,1.58125,1.90,1.20
2010.02.05 06:26:55.515,1.58105,1.58125,1.50,1.20
2010.02.05 06:26:56.022,1.58105,1.5813,1.50,2.80
2010.02.05 06:27:02.641,1.581,1.5813,1.00,4.40
2010.02.05 06:27:02.804,1.58095,1.5813,5.50,2.80
2010.02.05 06:27:03.784,1.58095,1.5813,5.10,2.80
2010.02.05 06:27:04.153,1.58095,1.5813,6.30,2.80
2010.02.05 06:27:04.743,1.58095,1.5813,6.30,5.20
2010.02.05 06:27:04.825,1.58095,1.5813,5.90,5.20
2010.02.05 06:27:04.905,1.58095,1.5813,3.60,6.70
2010.02.05 06:27:05.473,1.58095,1.58125,3.50,1.00
2010.02.05 06:27:05.781,1.58095,1.5813,3.60,6.70
2010.02.05 06:27:12.677,1.58095,1.5813,3.60,5.90
2010.02.05 06:27:14.764,1.58095,1.5813,3.60,4.30
2010.02.05 06:27:14.891,1.58095,1.5813,3.60,6.70
2010.02.05 06:27:14.944,1.58095,1.58125,3.50,1.00
2010.02.05 06:27:15.538,1.58095,1.5813,3.60,4.30
2010.02.05 06:27:15.896,1.58095,1.5813,4.00,4.30
2010.02.05 06:27:20.937,1.58095,1.5813,2.40,4.30
2010.02.05 06:27:25.814,1.58095,1.58125,2.30,1.00
2010.02.05 06:27:26.426,1.58095,1.58125,3.10,1.60
2010.02.05 06:27:26.775,1.581,1.58125,1.00,1.20
2010.02.05 06:27:26.993,1.581,1.58125,1.20,1.20
2010.02.05 06:27:27.069,1.581,1.58125,1.70,1.20
2010.02.05 06:27:28.142,1.58105,1.58125,1.20,1.20
2010.02.05 06:27:30.939,1.5811,1.58135,1.00,1.20
2010.02.05 06:27:31.659,1.58105,1.5814,6.30,1.20
2010.02.05 06:27:32.003,1.5812,1.58145,1.00,2.70
2010.02.05 06:27:32.348,1.5811,1.58145,2.30,2.70
2010.02.05 06:27:32.955,1.58105,1.58145,3.50,4.40
2010.02.05 06:27:33.181,1.5811,1.58145,1.00,4.40
2010.02.05 06:27:35.294,1.5811,1.58145,1.00,4.30
2010.02.05 06:27:35.323,1.5811,1.58145,1.00,2.80
2010.02.05 06:27:35.414,1.5811,1.58145,1.00,2.80
2010.02.05 06:27:35.451,1.5811,1.58145,2.30,1.20
2010.02.05 06:27:35.950,1.58115,1.5815,1.00,2.80
2010.02.05 06:27:36.257,1.5812,1.5815,1.00,2.80
2010.02.05 06:27:43.891,1.5812,1.58145,1.00,1.20
2010.02.05 06:27:44.131,1.5811,1.58145,1.20,4.30
2010.02.05 06:27:44.363,1.5811,1.58145,1.00,4.30
2010.02.05 06:27:44.592,1.5811,1.5814,1.00,1.20
2010.02.05 06:27:44.823,1.5811,1.5814,1.00,2.80
2010.02.05 06:27:45.785,1.5811,1.5814,1.90,2.80
2010.02.05 06:27:46.374,1.5811,1.5814,2.70,2.80
2010.02.05 06:27:47.522,1.5811,1.58135,2.70,1.00
2010.02.05 06:27:47.581,1.5811,1.58135,1.00,2.90
2010.02.05 06:27:48.177,1.5811,1.58135,1.00,1.30
2010.02.05 06:27:48.529,1.58105,1.58135,1.00,2.90
2010.02.05 06:27:48.886,1.58095,1.5813,9.50,2.90
2010.02.05 06:27:49.532,1.5811,1.58135,1.50,2.80
2010.02.05 06:27:49.703,1.5811,1.5814,1.50,1.20
2010.02.05 06:27:50.952,1.5811,1.5814,3.10,1.20
2010.02.05 06:27:51.301,1.5811,1.58145,3.40,1.20
2010.02.05 06:27:55.982,1.5811,1.58145,3.40,1.30
2010.02.05 06:27:57.136,1.5811,1.58145,3.40,1.20
2010.02.05 06:28:01.675,1.5811,1.58145,3.50,1.20
2010.02.05 06:28:01.697,1.5811,1.58145,3.90,1.20
2010.02.05 06:28:01.750,1.58115,1.58145,1.50,1.20
2010.02.05 06:28:05.045,1.5811,1.5814,1.50,1.20
2010.02.05 06:28:05.206,1.58105,1.5814,2.30,2.70
2010.02.05 06:28:06.688,1.58105,1.58135,1.00,1.20
2010.02.05 06:28:07.754,1.58105,1.58135,1.00,1.30
2010.02.05 06:28:11.156,1.58105,1.5813,1.00,1.20
2010.02.05 06:28:11.517,1.581,1.5813,1.00,1.30
2010.02.05 06:28:12.388,1.5809,1.5812,1.50,1.00
2010.02.05 06:28:12.578,1.5809,1.5812,1.00,1.30
2010.02.05 06:28:13.608,1.5809,1.5812,1.00,1.00
2010.02.05 06:28:15.639,1.58085,1.5812,2.30,4.40
2010.02.05 06:28:19.136,1.58085,1.5811,1.60,1.60
2010.02.05 06:28:19.672,1.58085,1.5811,1.60,3.20
2010.02.05 06:28:19.860,1.58085,1.5811,1.60,4.40
2010.02.05 06:28:20.325,1.58085,1.5811,1.60,1.60
2010.02.05 06:28:22.120,1.58085,1.5811,1.60,4.40
2010.02.05 06:28:22.725,1.58085,1.58105,1.60,1.00
2010.02.05 06:28:23.386,1.58075,1.58105,2.30,1.00
2010.02.05 06:28:23.743,1.58075,1.58105,1.00,1.00
2010.02.05 06:28:28.712,1.58075,1.58105,1.00,1.60
2010.02.05 06:28:28.929,1.58075,1.58105,1.00,2.90
2010.02.05 06:28:29.593,1.58075,1.58105,1.00,1.00
2010.02.05 06:28:30.227,1.58075,1.5811,1.00,5.20
2010.02.05 06:28:30.338,1.58075,1.5811,1.00,2.80
2010.02.05 06:28:31.935,1.5808,1.5811,1.00,1.20
2010.02.05 06:28:35.737,1.58075,1.58105,2.00,1.20
2010.02.05 06:28:36.390,1.58075,1.581,1.00,1.60
2010.02.05 06:28:36.482,1.5807,1.58105,1.60,2.90
2010.02.05 06:28:36.565,1.5808,1.581,1.50,2.80
2010.02.05 06:28:37.154,1.5808,1.5811,3.90,1.20
2010.02.05 06:28:37.249,1.5809,1.5812,1.00,1.30
2010.02.05 06:28:37.325,1.58085,1.5812,4.30,1.30
2010.02.05 06:28:37.675,1.58085,1.5812,5.40,1.30
2010.02.05 06:28:38.267,1.58085,1.5812,4.00,3.00
2010.02.05 06:28:38.624,1.58085,1.5812,3.90,2.90
2010.02.05 06:28:38.925,1.58105,1.5813,1.50,1.00
2010.02.05 06:28:39.226,1.58105,1.5814,1.90,2.80
2010.02.05 06:28:39.880,1.58115,1.5814,2.00,1.20
2010.02.05 06:28:40.174,1.5811,1.58135,3.60,1.20
2010.02.05 06:28:40.320,1.5811,1.58135,2.80,1.20
2010.02.05 06:28:40.470,1.5811,1.58135,1.90,1.20
2010.02.05 06:28:47.990,1.58105,1.58135,1.00,1.20
2010.02.05 06:28:50.381,1.581,1.58135,1.90,1.20
2010.02.05 06:28:51.790,1.581,1.58135,1.00,2.80
2010.02.05 06:28:51.850,1.58095,1.5813,3.80,1.20
2010.02.05 06:28:53.370,1.58105,1.58135,1.50,2.80
2010.02.05 06:28:55.268,1.58115,1.5814,1.50,2.80
2010.02.05 06:28:55.692,1.58115,1.5814,1.50,1.20
2010.02.05 06:29:00.258,1.58105,1.5814,3.90,1.20
2010.02.05 06:29:01.679,1.5811,1.5814,2.00,1.20
2010.02.05 06:29:08.561,1.5811,1.58145,3.90,1.30
2010.02.05 06:29:12.670,1.5811,1.58145,3.80,1.30
2010.02.05 06:29:12.775,1.5811,1.5814,1.90,2.80
2010.02.05 06:29:12.878,1.58105,1.5814,1.50,4.30
2010.02.05 06:29:13.395,1.58105,1.58135,1.50,1.60
2010.02.05 06:29:13.758,1.581,1.58135,4.60,2.80
2010.02.05 06:29:14.211,1.58105,1.58135,1.90,2.80
2010.02.05 06:29:15.417,1.5811,1.58135,1.50,2.80
2010.02.05 06:29:16.326,1.5811,1.58135,1.50,1.60
2010.02.05 06:29:16.846,1.5811,1.5814,1.50,2.80
2010.02.05 06:29:20.347,1.5811,1.58135,1.50,2.80
2010.02.05 06:29:21.977,1.58105,1.58135,1.60,1.20
2010.02.05 06:29:22.061,1.58105,1.58135,1.50,1.20
2010.02.05 06:29:22.131,1.58105,1.58135,1.50,2.80
2010.02.05 06:29:23.458,1.58105,1.58135,1.50,1.20
2010.02.05 06:29:23.827,1.5811,1.58145,5.10,2.70
2010.02.05 06:29:24.479,1.5811,1.5814,1.00,1.60
2010.02.05 06:29:24.822,1.5809,1.58115,1.90,1.00
2010.02.05 06:29:25.607,1.58085,1.5812,1.00,1.50
2010.02.05 06:29:25.923,1.5808,1.5811,1.00,2.80
2010.02.05 06:29:29.030,1.5808,1.5811,1.60,2.80
2010.02.05 06:29:29.241,1.5808,1.5811,4.00,2.80
2010.02.05 06:29:31.158,1.58085,1.58115,3.20,1.20
2010.02.05 06:29:31.519,1.5808,1.58115,2.00,1.20
2010.02.05 06:29:32.433,1.5808,1.5811,1.00,1.50
2010.02.05 06:29:32.617,1.5808,1.58115,4.20,1.20
2010.02.05 06:29:33.849,1.5808,1.58115,4.30,1.20
2010.02.05 06:29:35.203,1.58085,1.58115,1.50,1.20
2010.02.05 06:29:35.343,1.5809,1.58115,1.00,1.20
2010.02.05 06:29:36.815,1.58085,1.58115,6.40,1.20
2010.02.05 06:29:36.873,1.58085,1.58115,1.00,4.30
2010.02.05 06:29:37.573,1.58085,1.5812,1.60,2.80
2010.02.05 06:29:39.119,1.58085,1.5812,1.60,2.90
2010.02.05 06:29:39.420,1.58095,1.5812,1.50,2.90
2010.02.05 06:29:39.571,1.58095,1.5812,1.60,2.80
2010.02.05 06:29:39.719,1.58095,1.58125,1.60,4.50
2010.02.05 06:29:40.349,1.58095,1.5812,1.00,4.00
2010.02.05 06:29:40.609,1.5809,1.5812,1.50,2.80
2010.02.05 06:29:41.590,1.58095,1.5812,1.60,2.80
2010.02.05 06:29:42.270,1.581,1.58125,1.50,2.80
2010.02.05 06:29:42.897,1.58095,1.58125,3.00,1.20
2010.02.05 06:29:43.159,1.581,1.58125,1.60,1.20
2010.02.05 06:29:43.923,1.581,1.58125,1.60,2.80
2010.02.05 06:29:44.231,1.58095,1.58125,2.90,2.80
2010.02.05 06:29:45.043,1.58095,1.58125,1.60,2.80
2010.02.05 06:29:45.128,1.58095,1.5812,1.00,1.60
2010.02.05 06:29:45.303,1.58085,1.58115,1.50,2.80
2010.02.05 06:29:45.460,1.5808,1.58115,5.10,2.80
2010.02.05 06:29:46.001,1.5808,1.58115,2.70,2.80
2010.02.05 06:29:46.164,1.5808,1.58115,1.00,2.80
2010.02.05 06:29:46.518,1.5808,1.58115,1.70,2.80
2010.02.05 06:29:47.413,1.5809,1.58115,1.60,2.80
2010.02.05 06:29:47.630,1.5809,1.5812,1.60,2.80
2010.02.05 06:29:53.359,1.5809,1.5812,1.60,1.20
2010.02.05 06:29:53.719,1.581,1.58125,1.60,2.80
2010.02.05 06:29:55.636,1.58105,1.58125,1.60,2.80
2010.02.05 06:29:55.983,1.58105,1.5813,1.60,2.80
2010.02.05 06:29:57.587,1.58105,1.5813,1.60,1.20
2010.02.05 06:29:57.692,1.58105,1.58135,1.60,2.80
2010.02.05 06:30:03.909,1.58095,1.58125,1.00,4.30
2010.02.05 06:30:04.266,1.58095,1.58105,1.00,1.00
2010.02.05 06:30:04.928,1.5809,1.58115,1.00,1.60
2010.02.05 06:30:05.056,1.58085,1.58115,1.90,1.00
2010.02.05 06:30:05.664,1.5809,1.58115,1.00,1.00
2010.02.05 06:30:07.232,1.5808,1.5811,1.90,1.00
2010.02.05 06:30:08.522,1.5808,1.5811,1.00,1.00
2010.02.05 06:30:08.893,1.58075,1.5811,1.90,1.60
2010.02.05 06:30:09.249,1.5808,1.5811,1.90,6.50
2010.02.05 06:30:11.476,1.5808,1.5811,1.90,1.00
2010.02.05 06:30:11.880,1.58085,1.5811,1.00,1.00
2010.02.05 06:30:13.030,1.58085,1.58115,1.90,2.40
2010.02.05 06:30:13.322,1.5809,1.5812,1.00,2.80
2010.02.05 06:30:14.120,1.5809,1.5812,1.80,1.30
2010.02.05 06:30:14.417,1.5809,1.5812,1.80,1.00
2010.02.05 06:30:15.941,1.5809,1.5812,1.50,2.80
2010.02.05 06:30:16.152,1.5809,1.58125,1.50,2.90
2010.02.05 06:30:16.358,1.5809,1.58125,1.80,2.90
2010.02.05 06:30:16.568,1.5809,1.58125,3.40,2.90
2010.02.05 06:30:20.684,1.58085,1.58115,3.40,1.00
2010.02.05 06:30:21.479,1.58085,1.58115,1.50,1.60
2010.02.05 06:30:21.618,1.58075,1.58105,3.40,1.00
2010.02.05 06:30:26.576,1.58075,1.58105,1.80,1.00
2010.02.05 06:30:26.962,1.58075,1.58105,1.50,1.00
2010.02.05 06:30:27.901,1.5807,1.58095,2.70,1.60
2010.02.05 06:30:28.040,1.5807,1.58095,1.00,1.60
2010.02.05 06:30:29.208,1.58065,1.5809,1.00,1.00
2010.02.05 06:30:29.724,1.5807,1.5809,1.00,1.00
2010.02.05 06:30:30.679,1.58065,1.58095,1.00,4.00
2010.02.05 06:30:30.799,1.58065,1.581,1.80,3.50
2010.02.05 06:30:31.385,1.58065,1.58105,1.80,4.40
2010.02.05 06:30:32.575,1.58065,1.58105,3.40,4.40
2010.02.05 06:30:33.367,1.5806,1.581,1.90,4.40
2010.02.05 06:30:33.585,1.5806,1.581,1.90,9.20
2010.02.05 06:30:34.892,1.5806,1.58095,1.90,1.00
2010.02.05 06:30:35.026,1.5806,1.58095,1.90,1.60
2010.02.05 06:30:35.138,1.5806,1.5809,1.00,1.50
2010.02.05 06:30:35.763,1.5807,1.58095,1.50,3.60
2010.02.05 06:30:36.076,1.5807,1.58105,1.50,2.90
2010.02.05 06:30:36.382,1.5807,1.58105,1.80,2.90
2010.02.05 06:30:36.913,1.5809,1.58105,1.50,1.20
2010.02.05 06:30:37.271,1.5809,1.5812,1.50,1.20
2010.02.05 06:30:38.077,1.58095,1.58125,1.50,2.80
2010.02.05 06:30:38.424,1.58095,1.58125,1.50,1.20
2010.02.05 06:30:39.613,1.58115,1.5814,1.50,2.80
2010.02.05 06:30:40.564,1.5811,1.5814,1.30,2.80
2010.02.05 06:30:40.803,1.58105,1.5814,1.80,1.20
2010.02.05 06:30:41.026,1.5811,1.5814,1.00,1.20
2010.02.05 06:30:42.026,1.5811,1.58135,1.00,1.50
2010.02.05 06:30:44.029,1.5811,1.5814,1.00,1.00
2010.02.05 06:30:44.657,1.5811,1.58135,1.00,1.00
2010.02.05 06:30:44.896,1.5811,1.58135,1.00,1.60
2010.02.05 06:30:45.056,1.5811,1.58135,1.00,1.60
2010.02.05 06:30:45.369,1.58105,1.58135,1.00,1.50
2010.02.05 06:30:45.964,1.58115,1.5814,1.50,2.80
2010.02.05 06:30:46.665,1.5811,1.58135,2.40,2.80
2010.02.05 06:30:47.562,1.58095,1.5813,1.90,1.50
2010.02.05 06:30:47.738,1.58095,1.5813,1.90,4.30
2010.02.05 06:30:48.962,1.58095,1.5813,1.90,4.40
2010.02.05 06:30:50.196,1.581,1.58135,1.90,2.70
2010.02.05 06:30:50.921,1.581,1.58125,1.90,1.50
2010.02.05 06:30:51.277,1.581,1.5813,1.50,2.80
2010.02.05 06:30:52.454,1.58095,1.5813,1.00,2.80
2010.02.05 06:30:52.672,1.58095,1.5813,1.90,2.80
2010.02.05 06:30:52.892,1.58095,1.5813,1.90,1.20
2010.02.05 06:30:53.464,1.58095,1.58135,1.90,2.80
2010.02.05 06:30:53.815,1.5809,1.5812,1.90,1.50
2010.02.05 06:30:54.664,1.5809,1.5812,1.50,2.40
2010.02.05 06:30:54.820,1.5809,1.58125,1.50,2.90
2010.02.05 06:30:54.979,1.5809,1.58125,3.40,1.30
2010.02.05 06:30:56.011,1.5809,1.58125,3.40,1.20
2010.02.05 06:30:56.380,1.5809,1.58125,1.00,4.40
2010.02.05 06:30:56.735,1.5809,1.5812,1.00,2.40
2010.02.05 06:30:57.267,1.5809,1.5812,1.00,1.60
2010.02.05 06:30:57.413,1.58085,1.5812,1.90,4.30
2010.02.05 06:30:59.204,1.58085,1.5812,3.50,2.80
2010.02.05 06:30:59.562,1.58085,1.5812,3.40,2.80
2010.02.05 06:30:59.678,1.58085,1.5812,3.50,2.80
2010.02.05 06:31:01.517,1.5809,1.58125,1.00,2.80
2010.02.05 06:31:02.151,1.5809,1.58125,3.50,1.20
2010.02.05 06:31:02.260,1.58095,1.5813,1.00,9.10
2010.02.05 06:31:02.367,1.58095,1.5813,1.00,9.10
2010.02.05 06:31:02.939,1.5809,1.58125,2.00,1.60
2010.02.05 06:31:03.048,1.5809,1.58125,1.90,2.80
2010.02.05 06:31:03.910,1.5809,1.58125,1.90,2.90
2010.02.05 06:31:04.879,1.58095,1.58125,1.00,2.80
2010.02.05 06:31:11.811,1.58095,1.5813,1.90,1.20
2010.02.05 06:31:12.530,1.58105,1.5813,1.00,1.20
2010.02.05 06:31:13.424,1.58105,1.58135,1.00,2.80
2010.02.05 06:31:23.240,1.58105,1.58135,1.60,2.80
2010.02.05 06:31:26.262,1.58105,1.58135,1.60,1.60
2010.02.05 06:31:26.838,1.58105,1.5814,1.60,2.90
2010.02.05 06:31:28.320,1.58115,1.5814,1.50,2.90
2010.02.05 06:31:29.158,1.5812,1.5814,1.50,2.90
2010.02.05 06:31:29.611,1.58125,1.5814,1.50,2.80
2010.02.05 06:31:30.481,1.58125,1.5814,1.50,1.20
2010.02.05 06:31:30.651,1.58125,1.58145,1.50,2.90
2010.02.05 06:31:31.249,1.58125,1.58145,1.50,1.00
2010.02.05 06:31:31.703,1.58115,1.5815,3.40,2.90
2010.02.05 06:31:32.241,1.5813,1.5815,1.50,2.90
2010.02.05 06:31:32.508,1.58125,1.5815,1.50,3.20
2010.02.05 06:31:33.305,1.58125,1.5815,1.50,1.60
2010.02.05 06:31:33.630,1.5813,1.5815,1.50,3.60
2010.02.05 06:31:34.466,1.58125,1.5815,1.50,1.20
2010.02.05 06:31:34.941,1.58125,1.5815,1.50,1.30
2010.02.05 06:31:36.164,1.5812,1.58135,1.50,1.00
2010.02.05 06:31:36.957,1.58115,1.5815,3.40,4.30
2010.02.05 06:31:37.111,1.5813,1.5815,1.50,2.80
2010.02.05 06:31:37.996,1.5813,1.5815,1.50,2.90
2010.02.05 06:31:39.814,1.5812,1.58145,1.50,1.60
2010.02.05 06:31:41.305,1.5812,1.58145,1.50,1.60
2010.02.05 06:31:41.798,1.5812,1.5814,1.50,1.00
2010.02.05 06:31:42.005,1.5812,1.5814,1.50,1.00
2010.02.05 06:31:44.301,1.58115,1.5814,1.50,1.00
2010.02.05 06:31:45.007,1.5811,1.5813,1.80,1.00
2010.02.05 06:31:45.107,1.58105,1.5813,1.50,1.00
2010.02.05 06:31:45.746,1.58125,1.5814,1.50,1.20
2010.02.05 06:31:45.918,1.58115,1.5814,1.50,1.20
2010.02.05 06:31:46.521,1.58115,1.5814,1.50,2.80
2010.02.05 06:31:46.906,1.5813,1.58145,1.50,1.20
2010.02.05 06:31:47.824,1.5812,1.5815,1.50,6.00
2010.02.05 06:31:48.089,1.5812,1.5815,1.50,1.20
2010.02.05 06:31:48.804,1.5812,1.58145,1.80,1.60
2010.02.05 06:31:49.173,1.5812,1.58135,1.50,1.20
2010.02.05 06:31:50.043,1.58125,1.58135,1.50,1.20
2010.02.05 06:31:50.194,1.5812,1.58135,1.50,1.20
2010.02.05 06:31:51.293,1.581,1.58135,7.70,1.30
2010.02.05 06:31:51.841,1.58115,1.58135,1.50,2.90
2010.02.05 06:31:52.042,1.5812,1.58135,1.50,2.80
2010.02.05 06:31:52.806,1.58115,1.58135,1.50,1.20
2010.02.05 06:31:53.446,1.58115,1.5814,1.50,2.80
2010.02.05 06:31:54.595,1.58125,1.5814,1.50,2.80
2010.02.05 06:31:55.359,1.58115,1.5814,1.50,1.60
2010.02.05 06:31:55.616,1.58115,1.58145,1.50,2.80
2010.02.05 06:31:55.864,1.58115,1.58145,1.50,4.50
2010.02.05 06:31:56.116,1.58105,1.58135,1.00,1.50
2010.02.05 06:31:56.614,1.581,1.58135,2.00,4.30
2010.02.05 06:31:57.450,1.58105,1.58135,1.00,4.30
2010.02.05 06:31:57.750,1.5811,1.58135,1.00,3.20
2010.02.05 06:31:58.780,1.581,1.5813,1.00,5.90
2010.02.05 06:31:59.135,1.581,1.5813,1.00,4.70
2010.02.05 06:32:00.065,1.581,1.58125,1.00,2.80
2010.02.05 06:32:01.139,1.58085,1.5812,1.50,1.20
2010.02.05 06:32:02.009,1.58075,1.58105,1.00,1.50
2010.02.05 06:32:02.407,1.5807,1.581,1.90,1.50
2010.02.05 06:32:02.684,1.5807,1.58105,3.40,7.60
2010.02.05 06:32:03.441,1.5807,1.58105,3.40,2.80
2010.02.05 06:32:04.143,1.5807,1.58105,3.50,2.80
2010.02.05 06:32:04.496,1.5807,1.58105,3.50,1.20
2010.02.05 06:32:04.811,1.58075,1.58105,1.00,1.20
2010.02.05 06:32:06.461,1.58075,1.5811,1.00,4.70
2010.02.05 06:32:06.737,1.58075,1.5811,1.00,3.10
2010.02.05 06:32:09.278,1.5808,1.5811,1.50,1.60
2010.02.05 06:32:09.700,1.5808,1.58115,3.40,5.50
2010.02.05 06:32:09.912,1.5808,1.58115,3.40,4.70
2010.02.05 06:32:10.132,1.5808,1.58115,3.40,1.50
2010.02.05 06:32:10.697,1.58085,1.58115,1.00,1.50
2010.02.05 06:32:15.086,1.5809,1.5812,1.60,1.30
2010.02.05 06:32:15.319,1.5809,1.58125,1.90,2.80
2010.02.05 06:32:15.838,1.5809,1.58125,2.00,2.80
2010.02.05 06:32:22.407,1.58095,1.58125,1.50,3.20
2010.02.05 06:32:23.102,1.581,1.58125,4.00,2.70
2010.02.05 06:32:23.462,1.5811,1.5814,3.40,1.60
2010.02.05 06:32:24.326,1.5811,1.5813,1.60,1.50
2010.02.05 06:32:24.686,1.5811,1.5815,1.90,3.20
2010.02.05 06:32:27.098,1.5811,1.5815,1.90,5.50
2010.02.05 06:32:27.158,1.5811,1.5815,1.90,7.90
2010.02.05 06:32:27.216,1.5811,1.5815,1.90,10.30
2010.02.05 06:32:27.254,1.5811,1.5814,1.90,1.00
2010.02.05 06:32:27.894,1.5811,1.58135,1.90,1.00
2010.02.05 06:32:27.968,1.58105,1.58135,3.40,1.00
2010.02.05 06:32:28.029,1.58105,1.5814,3.40,1.90
2010.02.05 06:32:28.081,1.58115,1.5814,1.00,1.90
2010.02.05 06:32:32.096,1.58115,1.5814,1.90,1.90
2010.02.05 06:32:32.289,1.58115,1.58145,1.90,1.00
2010.02.05 06:32:33.551,1.58115,1.5814,1.90,1.00
2010.02.05 06:32:33.837,1.5811,1.58135,1.90,1.50
2010.02.05 06:32:34.631,1.5811,1.58135,1.00,1.50
