2014.11.03 03:00:01.197,1.43045,1.43066,1.00,1.50
2014.11.03 03:00:01.923,1.43044,1.43064,1.50,1.00
2014.11.03 03:00:02.725,1.43046,1.43065,1.00,1.00
2014.11.03 03:00:03.302,1.43046,1.43064,1.00,1.00
2014.11.03 03:00:03.632,1.4306,1.43076,1.00,1.00
2014.11.03 03:00:03.937,1.43062,1.43077,1.00,1.00
2014.11.03 03:00:04.596,1.43061,1.43077,1.00,1.00
2014.11.03 03:00:05.102,1.43062,1.43077,1.00,1.00
2014.11.03 03:00:08.874,1.43063,1.43077,1.00,1.00
2014.11.03 03:00:08.975,1.43061,1.43077,1.00,1.00
2014.11.03 03:00:09.592,1.4306,1.43077,1.00,1.00
2014.11.03 03:00:12.503,1.4306,1.43078,1.00,1.50
2014.11.03 03:00:12.705,1.43057,1.43075,1.00,1.00
2014.11.03 03:00:12.857,1.43055,1.43074,1.50,1.00
2014.11.03 03:00:12.911,1.43054,1.43072,1.00,1.00
2014.11.03 03:00:13.950,1.43053,1.43072,1.25,1.50
2014.11.03 03:00:19.208,1.43056,1.43074,1.00,1.50
2014.11.03 03:00:19.411,1.43053,1.43073,1.00,1.00
2014.11.03 03:00:19.564,1.43055,1.43074,1.00,1.50
2014.11.03 03:00:26.687,1.43055,1.43073,1.00,1.00
2014.11.03 03:00:27.189,1.43055,1.43074,1.00,1.00
2014.11.03 03:00:27.543,1.43057,1.43075,1.00,1.00
2014.11.03 03:00:27.594,1.43058,1.43078,1.00,1.00
2014.11.03 03:00:28.182,1.43058,1.43078,1.19,1.00
2014.11.03 03:00:28.234,1.43059,1.4308,1.25,1.50
2014.11.03 03:00:28.336,1.43061,1.43081,1.00,1.00
2014.11.03 03:00:28.640,1.43067,1.43088,1.00,1.00
2014.11.03 03:00:28.692,1.43069,1.43089,1.00,2.25
2014.11.03 03:00:28.844,1.43073,1.43094,1.00,1.00
2014.11.03 03:00:28.895,1.43071,1.43096,1.00,1.00
2014.11.03 03:00:28.997,1.43076,1.43094,1.00,1.00
2014.11.03 03:00:29.215,1.43073,1.43093,1.00,1.00
2014.11.03 03:00:29.787,1.43072,1.4309,1.50,1.00
2014.11.03 03:00:29.889,1.43073,1.43093,1.00,1.00
2014.11.03 03:00:30.662,1.43075,1.43094,1.00,1.00
2014.11.03 03:00:33.826,1.43073,1.43093,1.00,1.00
2014.11.03 03:00:34.237,1.43073,1.43091,1.50,1.00
2014.11.03 03:00:34.542,1.43071,1.43085,2.25,1.00
2014.11.03 03:00:34.795,1.4307,1.43087,1.00,1.00
2014.11.03 03:00:34.846,1.4307,1.43085,1.00,1.00
2014.11.03 03:00:35.151,1.43058,1.43076,1.19,1.00
2014.11.03 03:00:35.670,1.43057,1.43072,1.50,1.00
2014.11.03 03:00:35.874,1.43054,1.43071,1.00,1.50
2014.11.03 03:00:37.740,1.43054,1.43073,2.25,1.50
2014.11.03 03:00:37.791,1.43057,1.43073,1.00,1.50
2014.11.03 03:00:38.095,1.43057,1.43071,1.00,1.00
2014.11.03 03:00:39.143,1.43057,1.43073,1.50,1.00
2014.11.03 03:00:40.806,1.43055,1.43073,1.69,1.00
2014.11.03 03:00:40.856,1.4306,1.43073,1.00,1.00
2014.11.03 03:00:41.060,1.43056,1.43074,1.00,1.00
2014.11.03 03:00:41.467,1.43061,1.43076,1.00,1.00
2014.11.03 03:00:41.569,1.43061,1.43079,1.50,1.50
2014.11.03 03:00:41.721,1.43061,1.43075,1.00,1.00
2014.11.03 03:00:41.772,1.43059,1.43075,1.00,1.00
2014.11.03 03:00:41.823,1.43059,1.43073,1.00,1.00
2014.11.03 03:00:42.510,1.43058,1.43073,1.00,1.00
2014.11.03 03:00:45.682,1.43057,1.43073,1.00,1.00
2014.11.03 03:00:46.850,1.43057,1.43075,1.00,1.00
2014.11.03 03:00:47.003,1.4306,1.43075,1.00,1.00
2014.11.03 03:00:47.104,1.43062,1.43078,1.00,1.00
2014.11.03 03:00:47.313,1.43065,1.4308,1.00,1.00
2014.11.03 03:00:47.942,1.43067,1.4308,1.00,1.00
2014.11.03 03:00:48.145,1.43063,1.4308,1.50,1.00
2014.11.03 03:00:48.246,1.43066,1.4308,1.00,1.00
2014.11.03 03:00:48.792,1.43066,1.43081,1.00,1.00
2014.11.03 03:00:50.935,1.43066,1.43082,1.00,1.00
2014.11.03 03:00:51.037,1.43067,1.43086,1.00,1.00
2014.11.03 03:00:51.260,1.4307,1.43086,1.00,1.00
2014.11.03 03:00:51.312,1.43067,1.43086,1.00,1.00
2014.11.03 03:00:52.500,1.43067,1.43083,1.00,1.00
2014.11.03 03:00:52.602,1.43065,1.43082,1.00,1.00
2014.11.03 03:00:53.118,1.43062,1.43082,2.44,1.50
2014.11.03 03:00:53.231,1.43062,1.43082,2.25,1.50
2014.11.03 03:00:53.417,1.43065,1.43082,1.25,1.00
2014.11.03 03:00:53.722,1.4308,1.43091,1.00,1.00
2014.11.03 03:00:53.774,1.43081,1.43099,1.00,1.00
2014.11.03 03:00:53.876,1.43078,1.43096,1.00,1.00
2014.11.03 03:00:54.180,1.43075,1.43092,1.50,1.00
2014.11.03 03:00:54.434,1.43073,1.43092,1.00,1.00
2014.11.03 03:00:54.536,1.43078,1.43093,1.00,1.00
2014.11.03 03:00:54.587,1.43078,1.43097,1.50,1.50
2014.11.03 03:00:54.688,1.43076,1.43095,1.00,1.00
2014.11.03 03:00:54.993,1.43074,1.43093,1.00,1.50
2014.11.03 03:00:55.297,1.43075,1.43089,1.00,1.00
2014.11.03 03:00:55.399,1.43073,1.43089,1.00,1.00
2014.11.03 03:00:55.450,1.43073,1.43092,1.00,1.50
2014.11.03 03:00:55.501,1.43075,1.43092,1.00,1.00
2014.11.03 03:00:55.811,1.43075,1.4309,1.00,1.00
2014.11.03 03:00:55.913,1.43073,1.43093,1.00,1.00
2014.11.03 03:00:56.065,1.43072,1.43091,1.50,1.00
2014.11.03 03:00:56.382,1.43071,1.43089,1.25,1.50
2014.11.03 03:00:56.636,1.43072,1.43091,1.50,1.00
2014.11.03 03:00:56.687,1.43072,1.43093,2.25,1.50
2014.11.03 03:00:56.839,1.43074,1.43093,1.00,1.00
2014.11.03 03:00:57.345,1.43073,1.43093,1.00,1.50
2014.11.03 03:00:58.156,1.43074,1.43094,1.50,1.00
2014.11.03 03:00:58.466,1.43077,1.43094,1.00,1.00
2014.11.03 03:00:59.099,1.43077,1.43095,1.50,1.00
2014.11.03 03:01:00.971,1.43077,1.43094,1.50,1.00
2014.11.03 03:01:01.897,1.43077,1.4309,1.00,1.00
2014.11.03 03:01:02.049,1.43071,1.43086,1.00,1.00
2014.11.03 03:01:02.151,1.43067,1.43086,1.25,1.00
2014.11.03 03:01:02.254,1.43067,1.43083,1.00,1.00
2014.11.03 03:01:02.356,1.43062,1.43082,1.00,1.00
2014.11.03 03:01:02.408,1.43062,1.4308,1.00,1.00
2014.11.03 03:01:02.813,1.43061,1.43077,1.00,1.00
2014.11.03 03:01:02.864,1.43059,1.43077,1.00,1.50
2014.11.03 03:01:02.915,1.43058,1.43074,1.00,1.00
2014.11.03 03:01:03.119,1.43056,1.43074,1.00,1.50
2014.11.03 03:01:03.171,1.43056,1.43072,1.00,1.00
2014.11.03 03:01:03.273,1.43056,1.43074,1.00,1.00
2014.11.03 03:01:03.324,1.43058,1.43076,1.00,1.00
2014.11.03 03:01:03.857,1.43057,1.43076,1.00,1.00
2014.11.03 03:01:04.642,1.43055,1.43075,1.50,1.00
2014.11.03 03:01:06.615,1.43053,1.43073,2.25,1.00
2014.11.03 03:01:06.919,1.43056,1.43076,1.00,1.50
2014.11.03 03:01:07.225,1.43062,1.43081,1.00,1.00
2014.11.03 03:01:07.531,1.43062,1.43078,1.00,1.00
2014.11.03 03:01:08.531,1.43062,1.43079,1.00,1.00
2014.11.03 03:01:09.049,1.43061,1.43079,1.00,1.00
2014.11.03 03:01:09.405,1.43061,1.43077,1.00,1.00
2014.11.03 03:01:09.710,1.43059,1.43077,1.00,1.00
2014.11.03 03:01:10.501,1.43059,1.43076,1.00,1.00
2014.11.03 03:01:11.008,1.43059,1.43075,1.00,1.00
2014.11.03 03:01:11.726,1.43059,1.43078,1.00,1.00
2014.11.03 03:01:12.247,1.4306,1.43077,1.00,1.00
2014.11.03 03:01:12.572,1.43059,1.43079,1.00,1.00
2014.11.03 03:01:12.725,1.4306,1.43076,1.50,1.00
2014.11.03 03:01:12.980,1.43058,1.43077,1.00,1.50
2014.11.03 03:01:13.033,1.43058,1.43075,1.00,1.00
2014.11.03 03:01:13.584,1.43058,1.43076,1.00,2.25
2014.11.03 03:01:14.236,1.43059,1.43076,1.00,1.00
2014.11.03 03:01:14.287,1.43059,1.43078,1.00,1.00
2014.11.03 03:01:15.156,1.43059,1.43077,1.00,1.00
2014.11.03 03:01:15.662,1.4306,1.43077,1.00,1.00
2014.11.03 03:01:17.030,1.4306,1.43078,1.00,1.50
2014.11.03 03:01:23.462,1.43058,1.43076,1.00,1.00
2014.11.03 03:01:23.900,1.43056,1.43074,1.25,1.00
2014.11.03 03:01:24.233,1.43058,1.43075,1.00,1.50
2014.11.03 03:01:24.539,1.4306,1.43075,1.00,1.00
2014.11.03 03:01:25.781,1.43058,1.43076,1.50,1.50
2014.11.03 03:01:26.219,1.43061,1.43076,1.00,1.00
2014.11.03 03:01:26.524,1.43061,1.43074,1.00,1.00
2014.11.03 03:01:27.623,1.43061,1.43075,1.00,1.00
2014.11.03 03:01:27.927,1.43063,1.43075,1.00,1.00
2014.11.03 03:01:28.467,1.43063,1.43074,1.00,1.00
2014.11.03 03:01:28.772,1.43061,1.4307,1.00,1.00
2014.11.03 03:01:28.823,1.43061,1.43074,1.00,1.00
2014.11.03 03:01:29.077,1.43058,1.43076,1.00,1.00
2014.11.03 03:01:29.179,1.43058,1.43072,1.00,1.00
2014.11.03 03:01:29.281,1.43056,1.43072,1.00,1.00
2014.11.03 03:01:29.788,1.43055,1.43071,1.00,1.00
2014.11.03 03:01:35.334,1.43057,1.43073,1.00,1.00
2014.11.03 03:01:38.528,1.43055,1.43071,1.00,1.00
2014.11.03 03:01:38.865,1.43062,1.43074,1.00,1.00
2014.11.03 03:01:38.967,1.43063,1.43079,1.00,1.00
2014.11.03 03:01:39.069,1.43066,1.43082,1.00,1.00
2014.11.03 03:01:40.185,1.43064,1.43082,1.00,1.00
2014.11.03 03:01:40.287,1.43062,1.4308,1.00,1.00
2014.11.03 03:01:40.794,1.43061,1.43079,1.00,1.00
2014.11.03 03:01:41.403,1.43061,1.43077,1.00,1.00
2014.11.03 03:01:41.505,1.43062,1.4308,1.00,1.00
2014.11.03 03:01:44.681,1.43063,1.43079,1.00,1.00
2014.11.03 03:01:44.733,1.43069,1.43079,1.00,1.00
2014.11.03 03:01:44.885,1.43067,1.43083,1.00,1.00
2014.11.03 03:01:44.936,1.43069,1.43083,1.00,1.00
2014.11.03 03:01:45.140,1.43072,1.43089,1.50,1.00
2014.11.03 03:01:45.767,1.43071,1.43089,1.00,1.00
2014.11.03 03:01:46.285,1.43072,1.43089,1.00,1.00
2014.11.03 03:01:47.214,1.43076,1.43089,1.00,1.00
2014.11.03 03:01:47.417,1.4308,1.43098,1.00,1.00
2014.11.03 03:01:47.468,1.43082,1.43098,1.00,1.00
2014.11.03 03:01:47.773,1.43083,1.43102,2.25,1.00
2014.11.03 03:01:48.077,1.43086,1.43102,1.00,1.00
2014.11.03 03:01:48.431,1.43086,1.43105,1.00,2.25
2014.11.03 03:01:48.937,1.43086,1.43104,1.00,1.00
2014.11.03 03:01:49.477,1.43086,1.43105,1.00,2.25
2014.11.03 03:01:53.272,1.43084,1.43104,1.00,1.00
2014.11.03 03:01:53.931,1.43085,1.43105,1.00,1.00
2014.11.03 03:01:54.051,1.43085,1.43103,1.00,1.00
2014.11.03 03:01:58.870,1.43083,1.43102,1.00,1.00
2014.11.03 03:01:59.225,1.43085,1.43103,1.00,1.00
2014.11.03 03:01:59.327,1.43086,1.43105,1.00,1.00
2014.11.03 03:02:00.435,1.43084,1.43104,1.00,1.00
2014.11.03 03:02:00.486,1.43084,1.43101,1.00,1.00
2014.11.03 03:02:00.588,1.43081,1.431,1.00,1.00
2014.11.03 03:02:00.741,1.43083,1.43101,1.00,1.00
2014.11.03 03:02:01.819,1.43083,1.43097,1.00,1.00
2014.11.03 03:02:02.042,1.4308,1.43097,1.00,1.00
2014.11.03 03:02:02.550,1.43079,1.43097,1.00,1.00
2014.11.03 03:02:02.703,1.4308,1.431,1.00,1.50
2014.11.03 03:02:02.957,1.43079,1.43097,1.00,1.00
2014.11.03 03:02:03.517,1.43079,1.43096,1.00,1.00
2014.11.03 03:02:04.054,1.43079,1.43097,1.00,1.00
2014.11.03 03:02:06.271,1.43079,1.43096,1.00,1.00
2014.11.03 03:02:06.474,1.43077,1.43096,1.00,1.50
2014.11.03 03:02:06.831,1.43078,1.43098,1.00,1.00
2014.11.03 03:02:11.030,1.43078,1.43096,1.00,1.00
2014.11.03 03:02:11.335,1.43077,1.43094,1.00,1.00
2014.11.03 03:02:11.437,1.43075,1.43094,1.00,1.50
2014.11.03 03:02:11.967,1.43073,1.43092,1.69,1.00
2014.11.03 03:02:12.297,1.43073,1.43087,1.00,1.00
2014.11.03 03:02:12.349,1.43071,1.43088,1.00,1.00
2014.11.03 03:02:12.400,1.4307,1.43086,1.00,1.00
2014.11.03 03:02:12.452,1.43066,1.43086,1.25,1.00
2014.11.03 03:02:12.605,1.43065,1.43084,1.00,1.00
2014.11.03 03:02:12.909,1.43067,1.43085,1.00,1.00
2014.11.03 03:02:14.266,1.43064,1.43084,1.25,1.00
2014.11.03 03:02:14.368,1.43065,1.43086,1.00,1.00
2014.11.03 03:02:14.688,1.43067,1.43087,1.00,2.25
2014.11.03 03:02:15.146,1.43065,1.43085,1.00,1.00
2014.11.03 03:02:15.501,1.43067,1.43087,1.00,1.50
2014.11.03 03:02:15.811,1.43067,1.43083,1.00,1.00
2014.11.03 03:02:15.862,1.43063,1.43083,1.00,1.50
2014.11.03 03:02:17.234,1.43065,1.43084,1.00,1.00
2014.11.03 03:02:17.659,1.43067,1.43085,1.00,1.00
2014.11.03 03:02:21.288,1.43063,1.43084,1.69,1.00
2014.11.03 03:02:21.745,1.43066,1.43084,1.00,1.50
2014.11.03 03:02:22.291,1.43063,1.43083,1.00,1.50
2014.11.03 03:02:22.545,1.4306,1.4308,1.00,1.00
2014.11.03 03:02:23.197,1.43062,1.43082,1.00,1.00
2014.11.03 03:02:23.502,1.43067,1.43085,1.00,1.00
2014.11.03 03:02:24.076,1.43065,1.43083,1.00,1.00
2014.11.03 03:02:24.508,1.4306,1.4308,1.00,1.00
2014.11.03 03:02:24.611,1.43063,1.43081,1.00,1.00
2014.11.03 03:02:26.989,1.43065,1.43081,1.00,1.00
2014.11.03 03:02:27.143,1.43066,1.43083,1.00,1.00
2014.11.03 03:02:27.244,1.43067,1.43087,1.25,1.00
2014.11.03 03:02:27.498,1.4307,1.43088,1.00,1.00
2014.11.03 03:02:28.239,1.43067,1.43086,1.00,1.00
2014.11.03 03:02:38.569,1.43069,1.43087,1.00,1.00
2014.11.03 03:02:43.728,1.43066,1.43086,1.00,1.00
2014.11.03 03:02:44.083,1.43066,1.43084,1.00,1.00
2014.11.03 03:02:44.592,1.43067,1.43084,1.00,1.00
2014.11.03 03:02:45.100,1.43066,1.43084,1.00,1.00
2014.11.03 03:02:52.441,1.43068,1.43084,1.00,1.00
2014.11.03 03:03:00.135,1.43069,1.43084,1.00,1.00
2014.11.03 03:03:00.491,1.43066,1.43084,1.00,1.00
2014.11.03 03:03:05.629,1.43066,1.4308,1.00,1.00
2014.11.03 03:03:05.681,1.43063,1.4308,1.00,1.00
2014.11.03 03:03:05.731,1.4306,1.43073,1.00,1.00
2014.11.03 03:03:05.834,1.43057,1.43073,1.00,1.00
2014.11.03 03:03:05.987,1.43053,1.43069,1.00,1.00
2014.11.03 03:03:06.088,1.43049,1.4307,1.00,1.00
2014.11.03 03:03:06.291,1.43046,1.43066,1.00,1.00
2014.11.03 03:03:06.861,1.43046,1.43067,1.00,1.00
2014.11.03 03:03:07.726,1.43046,1.43064,1.00,1.00
2014.11.03 03:03:08.948,1.43045,1.43064,1.50,1.50
2014.11.03 03:03:11.848,1.43047,1.43064,1.00,1.00
2014.11.03 03:03:11.899,1.43048,1.43066,1.00,1.50
2014.11.03 03:03:12.401,1.43049,1.43066,1.00,1.00
2014.11.03 03:03:13.268,1.4305,1.43066,1.00,1.00
2014.11.03 03:03:13.320,1.4305,1.43068,1.50,1.00
2014.11.03 03:03:13.422,1.43052,1.4307,1.00,1.50
2014.11.03 03:03:13.726,1.43057,1.4307,1.00,1.00
2014.11.03 03:03:13.778,1.43058,1.43073,1.00,1.00
2014.11.03 03:03:13.879,1.4306,1.43077,1.00,1.00
2014.11.03 03:03:14.032,1.43066,1.43078,1.00,1.00
2014.11.03 03:03:14.161,1.43061,1.43078,1.00,1.00
2014.11.03 03:03:14.212,1.43059,1.4308,1.50,1.50
2014.11.03 03:03:14.365,1.43066,1.4308,1.00,1.50
2014.11.03 03:03:14.568,1.43056,1.43071,1.00,1.00
2014.11.03 03:03:14.670,1.43054,1.43071,1.00,1.25
2014.11.03 03:03:14.772,1.4305,1.43067,1.00,1.00
2014.11.03 03:03:14.873,1.43046,1.43066,2.25,1.00
2014.11.03 03:03:14.975,1.43046,1.43064,1.00,1.00
2014.11.03 03:03:15.229,1.43046,1.43066,1.50,1.00
2014.11.03 03:03:16.571,1.43048,1.43066,1.00,1.00
2014.11.03 03:03:19.578,1.43046,1.43066,1.00,1.00
2014.11.03 03:03:23.108,1.43045,1.43064,1.00,1.00
2014.11.03 03:03:23.683,1.43044,1.43064,1.00,1.50
2014.11.03 03:03:24.199,1.43043,1.43063,1.00,1.00
2014.11.03 03:03:28.079,1.43044,1.43063,1.00,1.00
2014.11.03 03:03:32.177,1.43044,1.43062,1.00,1.00
2014.11.03 03:03:33.207,1.43042,1.43062,1.00,1.00
2014.11.03 03:03:41.408,1.43041,1.43059,1.00,1.00
2014.11.03 03:03:41.511,1.43037,1.43056,1.00,1.00
2014.11.03 03:03:41.613,1.43035,1.43053,1.50,1.00
2014.11.03 03:03:41.716,1.43033,1.43053,1.00,1.00
2014.11.03 03:03:41.818,1.43029,1.43048,2.25,1.00
2014.11.03 03:03:42.123,1.4304,1.43058,1.00,1.00
2014.11.03 03:03:42.175,1.4304,1.4306,1.50,1.00
2014.11.03 03:03:42.276,1.43043,1.43061,1.00,1.00
2014.11.03 03:03:42.693,1.43045,1.43063,1.00,1.00
2014.11.03 03:03:43.466,1.43043,1.43063,1.50,1.00
2014.11.03 03:03:52.459,1.43043,1.4306,1.00,1.00
2014.11.03 03:03:52.764,1.43042,1.43058,1.50,1.00
2014.11.03 03:03:52.967,1.43042,1.4306,1.00,1.50
2014.11.03 03:03:53.271,1.4304,1.43059,1.69,1.00
2014.11.03 03:03:53.778,1.43039,1.43058,1.00,1.00
2014.11.03 03:03:54.285,1.43038,1.43058,1.25,1.50
2014.11.03 03:03:55.056,1.43038,1.43056,1.00,1.00
2014.11.03 03:03:55.361,1.43035,1.43055,1.19,1.00
2014.11.03 03:03:55.463,1.43035,1.43053,1.19,1.00
2014.11.03 03:03:55.982,1.43035,1.43053,1.00,1.00
2014.11.03 03:04:04.955,1.43032,1.43052,1.00,1.50
2014.11.03 03:04:05.006,1.43031,1.43047,1.00,1.00
2014.11.03 03:04:05.158,1.43026,1.43045,1.69,1.00
2014.11.03 03:04:05.361,1.43027,1.43047,1.00,1.00
2014.11.03 03:04:05.716,1.43025,1.43042,1.50,1.00
2014.11.03 03:04:05.919,1.43022,1.4304,1.00,1.00
2014.11.03 03:04:06.576,1.43022,1.43038,1.00,1.00
2014.11.03 03:04:12.741,1.43022,1.4304,1.00,1.50
2014.11.03 03:04:24.746,1.43022,1.43039,1.00,1.00
2014.11.03 03:04:24.798,1.4302,1.43036,1.00,1.00
2014.11.03 03:04:24.849,1.43016,1.43033,1.00,1.00
2014.11.03 03:04:24.951,1.43014,1.43033,1.00,1.50
2014.11.03 03:04:25.053,1.43011,1.4303,1.00,1.50
2014.11.03 03:04:25.155,1.43008,1.43029,1.50,1.00
2014.11.03 03:04:25.307,1.43007,1.43027,1.25,1.00
2014.11.03 03:04:28.996,1.43008,1.43028,1.00,1.00
2014.11.03 03:04:32.190,1.4301,1.43028,1.50,1.00
2014.11.03 03:04:32.241,1.4301,1.43031,1.50,1.00
2014.11.03 03:04:32.292,1.43015,1.43031,1.25,1.00
2014.11.03 03:04:32.343,1.43015,1.43034,1.25,1.00
2014.11.03 03:04:32.445,1.43019,1.43037,1.00,1.50
2014.11.03 03:04:35.820,1.43017,1.43036,1.00,1.00
2014.11.03 03:04:40.833,1.43017,1.43036,1.19,1.00
2014.11.03 03:04:41.343,1.43021,1.43037,1.00,1.50
2014.11.03 03:04:41.444,1.43019,1.43037,1.00,2.25
2014.11.03 03:04:41.647,1.43017,1.43035,1.00,1.00
2014.11.03 03:04:42.188,1.43018,1.43036,1.00,1.00
2014.11.03 03:04:43.302,1.4302,1.43038,1.00,1.00
2014.11.03 03:04:43.557,1.43017,1.43036,1.50,1.00
2014.11.03 03:04:43.812,1.43015,1.43033,1.00,1.00
2014.11.03 03:04:44.117,1.43022,1.4304,1.19,1.00
2014.11.03 03:04:44.219,1.43024,1.43042,1.00,1.50
2014.11.03 03:04:44.371,1.43025,1.43045,1.25,1.00
2014.11.03 03:04:44.524,1.43027,1.43045,1.00,1.00
2014.11.03 03:04:44.625,1.43025,1.43045,1.25,1.00
2014.11.03 03:04:45.157,1.43024,1.43044,1.00,1.00
2014.11.03 03:04:45.497,1.43027,1.43045,1.00,1.00
2014.11.03 03:04:46.689,1.43027,1.4304,1.00,1.00
2014.11.03 03:04:46.862,1.43027,1.43045,1.00,1.00
2014.11.03 03:04:47.219,1.43029,1.43045,1.00,1.00
2014.11.03 03:04:47.523,1.4302,1.43039,1.00,1.00
2014.11.03 03:04:47.574,1.4302,1.43028,1.00,1.00
2014.11.03 03:04:47.727,1.43016,1.43026,1.00,1.00
2014.11.03 03:04:47.778,1.43016,1.43023,1.00,1.00
2014.11.03 03:04:47.880,1.43011,1.43027,1.50,1.50
2014.11.03 03:04:47.931,1.43014,1.43027,1.00,1.00
2014.11.03 03:04:47.982,1.43014,1.43029,1.00,1.00
2014.11.03 03:04:48.084,1.43012,1.43031,1.00,1.50
2014.11.03 03:04:48.186,1.43017,1.43031,1.00,1.00
2014.11.03 03:04:48.237,1.43017,1.43033,1.00,1.00
2014.11.03 03:04:48.592,1.43014,1.43032,1.00,1.50
2014.11.03 03:04:48.694,1.43013,1.4303,1.00,1.00
2014.11.03 03:04:49.890,1.43013,1.43027,1.00,1.50
2014.11.03 03:04:50.195,1.4301,1.43027,1.50,1.50
2014.11.03 03:04:50.799,1.43012,1.43029,1.00,1.50
2014.11.03 03:04:50.901,1.43013,1.43032,1.00,1.50
2014.11.03 03:04:50.952,1.43015,1.43032,1.00,1.00
2014.11.03 03:04:51.054,1.43013,1.43032,1.00,1.00
2014.11.03 03:04:51.156,1.43015,1.43032,1.00,1.00
2014.11.03 03:04:51.512,1.43016,1.43035,1.00,1.00
2014.11.03 03:04:51.614,1.43019,1.43037,1.00,1.00
2014.11.03 03:04:51.919,1.43025,1.43042,1.00,1.00
2014.11.03 03:04:52.325,1.43023,1.43042,1.50,1.00
2014.11.03 03:04:52.477,1.43024,1.43038,1.00,1.00
2014.11.03 03:04:52.681,1.43028,1.43044,1.50,1.00
2014.11.03 03:04:52.732,1.43028,1.43048,1.50,1.00
2014.11.03 03:04:52.941,1.43032,1.43049,1.00,1.00
2014.11.03 03:04:52.992,1.43034,1.43053,1.00,1.69
2014.11.03 03:04:53.095,1.43032,1.43053,1.00,1.00
2014.11.03 03:04:53.146,1.43035,1.4306,1.25,1.50
2014.11.03 03:04:53.248,1.43038,1.4306,1.00,1.00
2014.11.03 03:04:53.350,1.43036,1.4306,1.00,1.00
2014.11.03 03:04:53.755,1.43043,1.4306,1.00,1.00
2014.11.03 03:04:54.112,1.43043,1.43056,1.00,1.00
2014.11.03 03:04:54.214,1.4304,1.43058,1.00,1.50
2014.11.03 03:04:55.852,1.43041,1.43061,1.00,1.50
2014.11.03 03:04:56.105,1.43043,1.43061,1.00,1.00
2014.11.03 03:04:56.712,1.43043,1.43062,1.00,1.00
2014.11.03 03:04:56.763,1.43041,1.43063,1.00,1.25
2014.11.03 03:04:57.220,1.43041,1.43061,1.00,1.00
2014.11.03 03:04:57.727,1.43041,1.4306,1.00,1.69
2014.11.03 03:04:57.931,1.43037,1.43058,1.00,1.00
2014.11.03 03:04:58.185,1.4304,1.43058,1.00,1.00
2014.11.03 03:05:00.268,1.43038,1.43058,1.00,1.00
2014.11.03 03:05:00.783,1.43039,1.43059,1.00,1.00
2014.11.03 03:05:01.369,1.43042,1.43059,1.00,1.00
2014.11.03 03:05:01.421,1.43042,1.43061,1.00,1.00
2014.11.03 03:05:01.932,1.43043,1.43062,1.00,1.25
2014.11.03 03:05:02.439,1.43042,1.43062,1.00,1.00
2014.11.03 03:05:03.734,1.43042,1.43061,1.00,1.00
2014.11.03 03:05:03.936,1.4304,1.4306,1.00,1.25
2014.11.03 03:05:04.472,1.43039,1.43059,1.00,1.00
2014.11.03 03:05:06.336,1.43041,1.43059,1.00,1.25
2014.11.03 03:05:06.488,1.43041,1.43061,1.00,1.50
2014.11.03 03:05:06.539,1.43043,1.43061,1.00,1.00
2014.11.03 03:05:07.062,1.43044,1.43061,1.00,1.00
2014.11.03 03:05:08.193,1.43045,1.43061,1.00,1.00
2014.11.03 03:05:08.244,1.43048,1.43065,1.00,1.00
2014.11.03 03:05:08.346,1.4305,1.43065,1.00,1.00
2014.11.03 03:05:08.398,1.43051,1.43068,1.00,1.00
2014.11.03 03:05:08.449,1.43051,1.43072,1.00,1.00
2014.11.03 03:05:08.551,1.43051,1.43074,1.50,1.69
2014.11.03 03:05:08.602,1.43055,1.43074,1.00,1.25
2014.11.03 03:05:08.754,1.43052,1.43074,1.00,2.44
2014.11.03 03:05:08.805,1.43052,1.43073,1.00,1.19
2014.11.03 03:05:08.974,1.43047,1.43067,1.00,1.00
2014.11.03 03:05:09.076,1.43045,1.43066,1.00,1.00
2014.11.03 03:05:09.330,1.43044,1.43063,1.00,1.00
2014.11.03 03:05:09.432,1.43042,1.43063,1.00,1.50
2014.11.03 03:05:09.939,1.43042,1.43062,1.00,1.00
2014.11.03 03:05:13.095,1.43042,1.43064,2.25,1.00
2014.11.03 03:05:13.248,1.43045,1.43065,1.00,1.00
2014.11.03 03:05:13.770,1.43045,1.43064,1.00,1.00
2014.11.03 03:05:14.662,1.43046,1.43064,1.00,1.00
2014.11.03 03:05:14.814,1.43046,1.43067,1.00,1.50
2014.11.03 03:05:14.916,1.43048,1.43068,1.00,1.50
2014.11.03 03:05:15.221,1.43054,1.43067,1.00,1.00
2014.11.03 03:05:15.576,1.43054,1.43071,1.00,1.00
2014.11.03 03:05:16.451,1.43052,1.43071,1.50,1.00
2014.11.03 03:05:17.628,1.43052,1.43068,1.00,1.00
2014.11.03 03:05:18.278,1.43055,1.43068,1.00,1.00
2014.11.03 03:05:22.916,1.43055,1.4307,1.00,1.00
2014.11.03 03:05:30.422,1.43052,1.4307,1.00,1.00
2014.11.03 03:05:30.524,1.43052,1.43066,1.00,1.00
2014.11.03 03:05:31.031,1.43051,1.43066,1.00,1.00
2014.11.03 03:05:33.376,1.43049,1.43066,1.00,1.00
2014.11.03 03:05:33.528,1.43049,1.43063,1.00,1.00
2014.11.03 03:05:33.579,1.43046,1.43063,1.00,1.50
2014.11.03 03:05:33.631,1.43046,1.4306,1.00,1.00
2014.11.03 03:05:33.682,1.43042,1.4306,1.00,1.00
2014.11.03 03:05:33.834,1.43037,1.4306,1.00,1.50
2014.11.03 03:05:34.157,1.43035,1.43058,1.67,1.00
2014.11.03 03:05:34.462,1.43035,1.43055,1.50,1.00
2014.11.03 03:05:34.767,1.43023,1.43045,1.19,1.00
2014.11.03 03:05:34.919,1.43023,1.43046,1.50,1.50
2014.11.03 03:05:35.122,1.43024,1.43044,1.50,1.00
2014.11.03 03:05:35.224,1.43025,1.43048,2.25,2.44
2014.11.03 03:05:35.478,1.43027,1.43048,1.00,1.19
2014.11.03 03:05:36.142,1.43027,1.43048,1.00,1.00
2014.11.03 03:05:36.652,1.43027,1.43049,1.00,1.00
2014.11.03 03:05:37.338,1.43028,1.43049,1.00,1.00
2014.11.03 03:05:37.644,1.43032,1.43054,1.50,1.00
2014.11.03 03:05:37.746,1.43035,1.43055,1.00,1.25
2014.11.03 03:05:38.050,1.43037,1.43056,1.00,1.19
2014.11.03 03:05:38.303,1.43034,1.43054,1.00,1.00
2014.11.03 03:05:38.709,1.43036,1.43054,1.00,1.00
2014.11.03 03:05:38.760,1.43037,1.43056,1.00,1.00
2014.11.03 03:05:39.272,1.43037,1.43057,1.00,1.50
2014.11.03 03:05:41.080,1.43039,1.43057,1.00,1.00
2014.11.03 03:05:41.232,1.43039,1.43059,1.00,1.00
2014.11.03 03:05:42.074,1.43045,1.43061,1.00,2.25
2014.11.03 03:05:42.379,1.43052,1.43064,1.00,1.00
2014.11.03 03:05:42.886,1.43051,1.43064,1.00,1.00
2014.11.03 03:05:43.393,1.43051,1.43062,1.00,1.00
2014.11.03 03:05:44.060,1.43049,1.43062,1.00,1.00
2014.11.03 03:05:44.163,1.43047,1.43062,1.00,1.00
2014.11.03 03:05:44.267,1.43047,1.43064,1.00,1.00
2014.11.03 03:05:44.318,1.43044,1.43062,1.00,1.00
2014.11.03 03:05:44.470,1.43044,1.43059,1.00,1.00
2014.11.03 03:05:44.723,1.43041,1.43059,1.00,1.00
2014.11.03 03:05:45.041,1.43041,1.43057,1.00,1.00
2014.11.03 03:05:48.104,1.43038,1.43055,1.00,1.00
2014.11.03 03:05:48.205,1.43034,1.43055,1.00,1.50
2014.11.03 03:05:48.358,1.43034,1.43052,1.00,1.00
2014.11.03 03:05:48.764,1.43035,1.43055,1.00,1.50
2014.11.03 03:05:49.386,1.43035,1.43054,1.00,1.00
2014.11.03 03:05:50.402,1.43037,1.43054,1.00,1.00
2014.11.03 03:05:52.030,1.43036,1.43054,1.00,1.00
2014.11.03 03:05:53.192,1.43036,1.43055,1.00,1.50
2014.11.03 03:05:53.497,1.43036,1.43053,1.00,1.00
2014.11.03 03:05:54.621,1.43033,1.43053,1.50,1.00
2014.11.03 03:05:54.723,1.43035,1.43053,1.00,1.00
2014.11.03 03:05:55.087,1.43035,1.43051,1.00,1.00
2014.11.03 03:05:55.605,1.43034,1.43051,1.00,1.00
2014.11.03 03:05:55.958,1.43036,1.43051,1.00,1.00
2014.11.03 03:05:56.567,1.43033,1.43051,1.50,1.00
2014.11.03 03:05:57.261,1.43033,1.43053,1.00,1.00
2014.11.03 03:05:57.363,1.43033,1.4305,1.00,1.00
2014.11.03 03:06:06.019,1.43032,1.4305,1.00,1.00
2014.11.03 03:06:06.171,1.43029,1.43049,1.00,1.00
2014.11.03 03:06:06.273,1.43029,1.43047,1.00,1.50
2014.11.03 03:06:06.780,1.4303,1.43048,2.25,1.00
2014.11.03 03:06:07.084,1.43037,1.43047,1.00,1.00
2014.11.03 03:06:07.135,1.43038,1.43058,1.00,1.50
2014.11.03 03:06:07.264,1.43044,1.43059,1.00,1.00
2014.11.03 03:06:07.366,1.43042,1.43061,1.00,1.50
2014.11.03 03:06:07.468,1.43041,1.43058,1.00,1.00
2014.11.03 03:06:07.672,1.43038,1.43058,1.00,1.00
2014.11.03 03:06:07.825,1.43041,1.43056,1.00,1.00
2014.11.03 03:06:07.926,1.43034,1.43054,1.00,1.00
2014.11.03 03:06:08.028,1.43036,1.43055,1.00,1.00
2014.11.03 03:06:08.333,1.43034,1.43054,1.00,1.00
2014.11.03 03:06:10.580,1.43034,1.43054,1.00,1.19
2014.11.03 03:06:10.682,1.43032,1.4305,1.50,1.00
2014.11.03 03:06:10.783,1.43034,1.43054,1.00,1.00
2014.11.03 03:06:10.988,1.43037,1.43056,1.00,1.50
2014.11.03 03:06:11.498,1.43037,1.43057,1.00,1.50
2014.11.03 03:06:11.802,1.43034,1.43053,1.00,1.00
2014.11.03 03:06:12.991,1.43036,1.43054,1.00,1.00
2014.11.03 03:06:14.529,1.43033,1.43054,1.00,1.00
2014.11.03 03:06:18.817,1.43034,1.43052,1.00,1.00
2014.11.03 03:06:23.434,1.43038,1.43056,1.00,2.25
2014.11.03 03:06:27.096,1.43038,1.43055,1.00,1.00
2014.11.03 03:06:27.418,1.43037,1.43053,1.00,2.25
2014.11.03 03:06:27.926,1.43038,1.43054,1.00,1.00
2014.11.03 03:06:29.150,1.43037,1.43053,1.00,1.00
2014.11.03 03:06:29.466,1.43039,1.43054,1.00,1.00
2014.11.03 03:06:29.720,1.43041,1.43058,1.50,1.50
2014.11.03 03:06:29.822,1.43044,1.43058,1.00,1.00
2014.11.03 03:06:29.923,1.43046,1.43061,1.00,1.00
2014.11.03 03:06:30.025,1.4305,1.43066,1.00,1.00
2014.11.03 03:06:30.178,1.4305,1.43061,1.00,1.00
2014.11.03 03:06:30.229,1.43034,1.43052,2.25,1.00
2014.11.03 03:06:30.331,1.43034,1.4305,1.00,1.00
2014.11.03 03:06:30.584,1.43031,1.43049,1.25,1.00
2014.11.03 03:06:31.092,1.4303,1.43048,1.00,1.00
2014.11.03 03:06:31.143,1.43032,1.4305,1.00,1.50
2014.11.03 03:06:31.797,1.43034,1.4305,1.00,1.50
2014.11.03 03:06:33.979,1.43034,1.43049,1.00,1.00
2014.11.03 03:06:35.857,1.43034,1.4305,1.00,1.00
2014.11.03 03:06:36.932,1.43037,1.43053,1.00,1.00
2014.11.03 03:06:38.938,1.43042,1.43055,1.00,1.00
2014.11.03 03:06:39.039,1.43043,1.43057,1.00,1.00
2014.11.03 03:06:39.242,1.43046,1.43062,1.00,1.00
2014.11.03 03:06:39.395,1.43048,1.43064,1.00,1.00
2014.11.03 03:06:41.023,1.43047,1.43063,1.00,1.00
2014.11.03 03:06:41.638,1.43047,1.43063,1.19,1.50
2014.11.03 03:06:42.158,1.43049,1.43064,1.00,1.00
2014.11.03 03:06:42.361,1.43047,1.43064,1.00,1.00
2014.11.03 03:06:42.666,1.43045,1.43064,1.00,1.50
2014.11.03 03:06:45.736,1.43047,1.43064,1.00,1.00
2014.11.03 03:06:54.420,1.43048,1.43064,1.00,1.00
2014.11.03 03:07:00.386,1.43045,1.43063,1.00,1.00
2014.11.03 03:07:01.065,1.43042,1.43063,1.00,2.25
2014.11.03 03:07:04.660,1.43043,1.43063,1.00,2.25
2014.11.03 03:07:05.015,1.43042,1.43059,1.50,1.00
2014.11.03 03:07:05.320,1.43042,1.43061,1.50,1.00
2014.11.03 03:07:05.675,1.43042,1.43063,1.50,2.25
2014.11.03 03:07:11.504,1.43042,1.43062,1.50,1.00
2014.11.03 03:07:13.697,1.43042,1.43063,1.00,2.25
2014.11.03 03:07:14.694,1.43042,1.43062,1.00,1.00
2014.11.03 03:07:15.201,1.43042,1.43063,1.00,2.25
2014.11.03 03:07:20.289,1.43041,1.43061,2.25,1.00
2014.11.03 03:07:30.198,1.43043,1.43062,1.00,1.50
2014.11.03 03:07:30.858,1.43043,1.43061,1.00,1.00
2014.11.03 03:07:36.400,1.43048,1.43061,1.00,1.00
2014.11.03 03:07:36.603,1.43048,1.43066,1.50,1.00
2014.11.03 03:07:36.705,1.43052,1.4307,1.50,1.00
2014.11.03 03:07:37.009,1.43056,1.43071,1.00,1.00
2014.11.03 03:07:37.517,1.43054,1.43072,1.00,1.50
2014.11.03 03:07:40.403,1.43056,1.43073,1.00,1.00
2014.11.03 03:07:52.431,1.43056,1.43072,1.00,1.00
2014.11.03 03:07:52.533,1.43054,1.43072,1.00,1.50
2014.11.03 03:07:53.115,1.43054,1.43071,1.00,1.00
2014.11.03 03:07:53.725,1.43053,1.4307,1.00,1.00
2014.11.03 03:07:54.515,1.43052,1.4307,1.50,1.00
2014.11.03 03:07:55.383,1.4305,1.43067,1.00,1.00
2014.11.03 03:07:55.728,1.43049,1.43065,1.00,1.00
2014.11.03 03:07:56.235,1.43048,1.43065,1.00,1.00
2014.11.03 03:07:57.550,1.43046,1.43065,1.50,1.00
2014.11.03 03:07:57.812,1.43051,1.43069,1.00,1.50
2014.11.03 03:07:58.120,1.43056,1.43074,1.00,1.00
2014.11.03 03:07:58.375,1.43058,1.43078,1.00,1.00
2014.11.03 03:07:58.426,1.4306,1.43078,1.00,1.00
2014.11.03 03:07:58.543,1.43058,1.43078,1.50,1.00
2014.11.03 03:07:58.595,1.43062,1.4308,1.00,1.00
2014.11.03 03:07:58.697,1.43062,1.43082,1.00,1.50
2014.11.03 03:07:59.512,1.43063,1.43082,1.19,1.00
2014.11.03 03:07:59.564,1.43064,1.43084,1.25,1.00
2014.11.03 03:08:00.090,1.43065,1.43085,1.00,1.00
2014.11.03 03:08:00.247,1.43068,1.43086,1.00,1.00
2014.11.03 03:08:01.651,1.43066,1.43086,1.00,1.00
2014.11.03 03:08:02.109,1.43065,1.43083,1.00,1.00
2014.11.03 03:08:02.211,1.43062,1.43081,1.50,1.25
2014.11.03 03:08:02.313,1.4306,1.4308,1.00,1.00
2014.11.03 03:08:02.415,1.43056,1.43075,1.50,1.00
2014.11.03 03:08:02.872,1.43054,1.43072,1.00,1.00
2014.11.03 03:08:03.074,1.43051,1.43071,1.00,1.50
2014.11.03 03:08:03.176,1.43051,1.43069,1.00,1.50
2014.11.03 03:08:03.379,1.43046,1.43066,1.25,1.00
2014.11.03 03:08:03.910,1.43049,1.43067,1.00,1.00
2014.11.03 03:08:03.962,1.4305,1.4307,1.50,1.00
2014.11.03 03:08:04.469,1.43051,1.4307,1.00,1.00
2014.11.03 03:08:06.153,1.43051,1.43069,1.00,1.00
2014.11.03 03:08:06.255,1.43051,1.43067,1.00,1.00
2014.11.03 03:08:06.414,1.43049,1.43067,1.25,1.00
2014.11.03 03:08:07.241,1.43047,1.43067,1.00,1.00
2014.11.03 03:08:08.820,1.43046,1.43064,1.00,1.00
2014.11.03 03:08:09.892,1.43049,1.43068,1.00,1.00
2014.11.03 03:08:09.994,1.43049,1.43066,1.00,1.00
2014.11.03 03:08:10.247,1.4304,1.43058,1.50,1.00
2014.11.03 03:08:10.450,1.43041,1.43061,1.00,1.00
2014.11.03 03:08:10.552,1.43039,1.43059,1.00,1.00
2014.11.03 03:08:10.857,1.43041,1.43059,1.00,1.00
2014.11.03 03:08:11.369,1.43042,1.43059,1.00,1.00
2014.11.03 03:08:11.681,1.43044,1.43061,1.00,1.00
2014.11.03 03:08:12.188,1.43043,1.43061,1.00,1.00
2014.11.03 03:08:13.100,1.43041,1.4306,1.50,1.00
2014.11.03 03:08:14.541,1.4304,1.4306,2.25,1.00
2014.11.03 03:08:18.294,1.43042,1.4306,1.00,1.00
2014.11.03 03:08:21.285,1.43041,1.4306,1.00,1.00
2014.11.03 03:08:21.786,1.4304,1.4306,2.25,1.00
2014.11.03 03:08:22.092,1.43042,1.4306,1.00,1.00
2014.11.03 03:08:25.515,1.4304,1.4306,1.50,1.00
2014.11.03 03:08:28.160,1.4304,1.43058,1.00,1.00
2014.11.03 03:08:28.687,1.43041,1.43058,1.50,1.00
2014.11.03 03:08:32.029,1.4304,1.43058,1.50,1.00
2014.11.03 03:08:39.398,1.4304,1.4306,1.50,1.00
2014.11.03 03:08:43.997,1.4304,1.43057,1.00,1.00
2014.11.03 03:08:44.251,1.43037,1.43055,2.25,1.00
2014.11.03 03:08:44.353,1.43038,1.43058,1.00,1.00
2014.11.03 03:08:45.416,1.43039,1.43058,1.00,1.00
2014.11.03 03:08:46.395,1.4304,1.4306,1.00,1.50
2014.11.03 03:08:54.054,1.43041,1.4306,1.00,1.00
2014.11.03 03:08:54.105,1.43045,1.43062,1.00,1.00
2014.11.03 03:08:54.258,1.43047,1.43067,1.50,1.00
2014.11.03 03:08:54.309,1.43051,1.43067,1.00,1.00
2014.11.03 03:08:54.462,1.43052,1.43069,1.00,1.00
2014.11.03 03:08:54.514,1.43055,1.43069,1.50,1.00
2014.11.03 03:08:54.565,1.43058,1.43076,1.00,1.00
2014.11.03 03:08:54.667,1.43057,1.4308,1.69,1.00
2014.11.03 03:08:54.718,1.43061,1.4308,1.00,1.00
2014.11.03 03:08:54.870,1.43063,1.43084,1.25,1.50
2014.11.03 03:08:54.972,1.43065,1.43087,1.00,1.50
2014.11.03 03:08:55.023,1.43071,1.43087,1.00,1.00
2014.11.03 03:08:55.124,1.43065,1.43086,1.50,1.00
2014.11.03 03:08:55.226,1.43065,1.43088,2.44,1.00
2014.11.03 03:08:55.328,1.43065,1.43091,1.69,1.00
2014.11.03 03:08:55.429,1.43068,1.43092,1.00,1.69
2014.11.03 03:08:55.736,1.43072,1.43094,1.50,1.00
2014.11.03 03:08:56.040,1.43074,1.43092,1.00,1.50
2014.11.03 03:08:56.193,1.43071,1.43091,1.00,1.50
2014.11.03 03:08:56.700,1.4307,1.4309,1.00,1.00
2014.11.03 03:08:56.751,1.43068,1.43088,1.50,1.00
2014.11.03 03:08:57.056,1.43072,1.43088,1.00,1.00
2014.11.03 03:08:57.107,1.4307,1.43088,1.50,1.00
2014.11.03 03:09:00.140,1.43068,1.43088,1.00,1.00
2014.11.03 03:09:00.397,1.43066,1.43088,1.69,1.00
2014.11.03 03:09:01.152,1.43066,1.43085,1.50,1.00
2014.11.03 03:09:02.787,1.43066,1.43083,1.50,1.00
2014.11.03 03:09:02.837,1.43064,1.43083,1.00,1.00
2014.11.03 03:09:02.889,1.43062,1.43083,1.50,1.19
2014.11.03 03:09:03.042,1.43058,1.43079,1.50,1.00
2014.11.03 03:09:03.143,1.43059,1.43077,1.00,1.00
2014.11.03 03:09:03.252,1.43059,1.43079,1.00,1.00
2014.11.03 03:09:04.013,1.43054,1.43077,2.25,1.50
2014.11.03 03:09:04.216,1.43052,1.43072,1.00,1.00
2014.11.03 03:09:04.368,1.43053,1.43075,1.00,2.25
2014.11.03 03:09:04.926,1.43061,1.43075,1.00,1.50
2014.11.03 03:09:05.079,1.43064,1.43084,1.00,2.25
2014.11.03 03:09:05.130,1.43065,1.43081,1.00,1.00
2014.11.03 03:09:05.231,1.43066,1.43084,1.00,1.50
2014.11.03 03:09:05.384,1.43066,1.43086,1.50,1.00
2014.11.03 03:09:05.435,1.43067,1.43089,1.00,1.50
2014.11.03 03:09:05.536,1.43069,1.4309,1.00,1.50
2014.11.03 03:09:05.840,1.43071,1.43091,1.00,1.50
2014.11.03 03:09:06.145,1.43065,1.43084,1.00,1.00
2014.11.03 03:09:06.246,1.43062,1.43083,1.50,1.00
2014.11.03 03:09:08.511,1.43063,1.43083,1.00,1.00
2014.11.03 03:09:09.536,1.43065,1.43083,1.50,1.00
2014.11.03 03:09:09.739,1.43065,1.43085,2.25,1.50
2014.11.03 03:09:09.978,1.43066,1.43087,1.00,1.50
2014.11.03 03:09:10.029,1.4307,1.43087,1.00,1.50
2014.11.03 03:09:10.080,1.4307,1.43091,1.50,1.50
2014.11.03 03:09:10.384,1.4307,1.43089,1.00,1.00
2014.11.03 03:09:10.486,1.43068,1.4309,1.00,2.25
2014.11.03 03:09:11.044,1.43069,1.4309,1.50,1.00
2014.11.03 03:09:11.147,1.43072,1.4309,1.00,1.00
2014.11.03 03:09:11.198,1.43072,1.43092,1.00,1.00
2014.11.03 03:09:11.504,1.43071,1.43094,1.25,1.00
2014.11.03 03:09:13.160,1.43072,1.43094,1.00,1.00
2014.11.03 03:09:13.464,1.43074,1.43094,1.00,1.00
2014.11.03 03:09:14.572,1.43075,1.43094,1.00,1.00
2014.11.03 03:09:16.449,1.43075,1.43095,1.00,1.00
2014.11.03 03:09:18.185,1.43076,1.43095,1.00,1.00
2014.11.03 03:09:27.531,1.43076,1.43096,1.00,1.00
2014.11.03 03:09:28.072,1.43076,1.43097,1.00,1.00
2014.11.03 03:09:29.675,1.43075,1.43095,1.50,1.00
2014.11.03 03:09:29.777,1.43073,1.43094,1.25,1.00
2014.11.03 03:09:29.879,1.43072,1.43092,1.00,1.00
2014.11.03 03:09:30.031,1.43066,1.43087,1.00,1.00
2014.11.03 03:09:30.082,1.43063,1.43086,1.50,1.50
2014.11.03 03:09:30.336,1.43062,1.43082,1.00,1.00
2014.11.03 03:09:30.488,1.4306,1.43082,1.00,1.00
2014.11.03 03:09:30.539,1.4306,1.4308,1.00,1.00
2014.11.03 03:09:32.498,1.43058,1.43078,1.00,1.00
2014.11.03 03:09:39.862,1.43059,1.43078,1.00,1.00
2014.11.03 03:09:45.844,1.4306,1.43078,1.00,1.00
2014.11.03 03:09:46.148,1.43066,1.43084,1.00,1.00
2014.11.03 03:09:46.199,1.43064,1.43084,1.50,1.00
2014.11.03 03:09:46.250,1.43063,1.43081,1.00,1.00
2014.11.03 03:09:51.093,1.43061,1.43079,1.50,1.00
2014.11.03 03:09:51.452,1.43061,1.43077,1.00,1.00
2014.11.03 03:09:51.554,1.43059,1.43077,1.50,1.00
2014.11.03 03:09:51.656,1.43059,1.43079,2.25,1.00
2014.11.03 03:09:52.181,1.43059,1.43078,1.50,1.00
2014.11.03 03:10:08.904,1.43062,1.43078,1.00,1.00
2014.11.03 03:10:08.955,1.43063,1.4308,1.00,1.00
2014.11.03 03:10:09.007,1.43067,1.4308,1.00,1.00
2014.11.03 03:10:09.311,1.43069,1.43081,1.50,1.00
2014.11.03 03:10:09.362,1.43069,1.43085,2.25,1.00
2014.11.03 03:10:09.565,1.43071,1.43085,1.00,1.00
2014.11.03 03:10:09.869,1.43073,1.43085,1.00,1.00
2014.11.03 03:10:13.353,1.43073,1.43089,1.00,1.00
2014.11.03 03:10:14.294,1.43073,1.43087,1.00,1.00
2014.11.03 03:10:21.506,1.43071,1.43087,1.00,1.00
2014.11.03 03:10:26.305,1.43071,1.43088,1.00,1.00
2014.11.03 03:10:37.964,1.4307,1.43088,1.00,1.50
2014.11.03 03:10:39.837,1.4307,1.43087,1.00,1.00
2014.11.03 03:10:39.938,1.43068,1.43086,1.00,1.00
2014.11.03 03:10:40.040,1.43066,1.43086,1.00,1.00
2014.11.03 03:10:40.092,1.43066,1.43084,1.00,1.00
2014.11.03 03:10:40.399,1.43061,1.43079,1.25,1.00
2014.11.03 03:10:41.689,1.43058,1.43077,1.00,1.00
2014.11.03 03:10:44.346,1.43057,1.43075,1.00,1.00
2014.11.03 03:10:44.702,1.43054,1.43072,1.69,1.00
2014.11.03 03:10:44.804,1.43054,1.43074,1.69,1.00
2014.11.03 03:10:49.949,1.43054,1.43072,1.50,1.00
2014.11.03 03:10:50.497,1.43054,1.43073,1.00,1.50
2014.11.03 03:10:50.801,1.43054,1.43071,1.00,1.00
2014.11.03 03:10:51.159,1.43052,1.43067,1.00,1.00
2014.11.03 03:10:51.210,1.43049,1.43067,1.00,1.00
2014.11.03 03:10:51.818,1.43048,1.43064,1.00,1.00
2014.11.03 03:10:52.183,1.43048,1.43067,1.00,1.00
2014.11.03 03:10:52.285,1.43048,1.43065,1.00,1.00
2014.11.03 03:10:52.336,1.43045,1.43065,1.00,1.00
2014.11.03 03:10:59.516,1.43049,1.43067,1.00,1.00
2014.11.03 03:11:04.373,1.4305,1.43069,1.00,1.00
2014.11.03 03:11:04.476,1.43052,1.4307,1.50,1.00
2014.11.03 03:11:05.026,1.43052,1.43071,2.25,1.00
2014.11.03 03:11:05.591,1.43055,1.43071,1.00,1.00
2014.11.03 03:11:22.282,1.43052,1.43071,2.25,1.50
2014.11.03 03:11:47.783,1.43053,1.43071,1.00,1.00
2014.11.03 03:11:47.834,1.43055,1.43071,1.00,1.00
2014.11.03 03:11:53.093,1.43055,1.43073,1.00,1.00
2014.11.03 03:11:53.246,1.43059,1.43074,1.00,1.00
2014.11.03 03:11:53.449,1.43066,1.43082,1.50,1.00
2014.11.03 03:11:53.500,1.43069,1.43082,1.00,1.00
2014.11.03 03:11:53.551,1.43069,1.43086,1.00,1.00
2014.11.03 03:11:53.703,1.43072,1.43086,1.00,1.00
2014.11.03 03:11:53.754,1.43072,1.43089,1.00,1.00
2014.11.03 03:12:05.305,1.43074,1.43089,1.00,1.00
2014.11.03 03:12:09.153,1.4307,1.43089,1.69,1.00
2014.11.03 03:12:09.255,1.4307,1.43086,1.19,1.00
2014.11.03 03:12:16.454,1.43068,1.43086,1.50,1.00
2014.11.03 03:12:16.506,1.43068,1.43089,1.50,1.00
2014.11.03 03:12:16.759,1.43068,1.43086,1.00,1.00
2014.11.03 03:12:17.384,1.43066,1.43085,1.19,1.00
2014.11.03 03:12:17.892,1.43066,1.43085,1.00,1.00
2014.11.03 03:12:18.640,1.43067,1.43087,1.00,1.00
2014.11.03 03:12:20.910,1.43065,1.43086,1.69,1.00
2014.11.03 03:12:21.063,1.43069,1.43087,1.00,1.00
2014.11.03 03:12:28.759,1.43066,1.43086,1.00,1.00
2014.11.03 03:12:31.798,1.43066,1.43083,1.50,1.00
2014.11.03 03:12:31.950,1.43066,1.43086,1.50,1.00
2014.11.03 03:12:32.480,1.43067,1.43087,1.25,1.00
2014.11.03 03:12:37.122,1.43066,1.43086,1.69,1.00
2014.11.03 03:12:49.413,1.43065,1.43086,1.25,1.00
2014.11.03 03:12:49.515,1.43065,1.43083,1.25,1.00
2014.11.03 03:12:49.819,1.43061,1.43079,1.19,1.00
2014.11.03 03:12:50.123,1.4306,1.43078,1.00,1.00
2014.11.03 03:12:51.645,1.43058,1.43078,1.25,1.00
2014.11.03 03:12:51.747,1.43057,1.43076,3.19,1.00
2014.11.03 03:12:52.282,1.43057,1.43076,3.00,1.00
2014.11.03 03:12:53.609,1.4306,1.43075,1.00,1.00
2014.11.03 03:12:55.616,1.43057,1.43075,1.00,1.00
2014.11.03 03:12:55.718,1.43055,1.43075,2.44,1.00
2014.11.03 03:12:55.819,1.43054,1.43073,1.19,1.00
2014.11.03 03:12:56.124,1.4305,1.43062,1.00,1.00
2014.11.03 03:12:56.226,1.43046,1.43062,1.00,1.00
2014.11.03 03:12:56.479,1.43045,1.4306,1.00,1.00
2014.11.03 03:12:56.656,1.43042,1.43059,1.25,1.00
2014.11.03 03:12:56.836,1.43045,1.43059,1.00,1.00
2014.11.03 03:12:57.395,1.43043,1.43059,1.50,1.00
2014.11.03 03:12:58.499,1.43045,1.43059,1.00,1.00
2014.11.03 03:12:59.320,1.43045,1.4306,1.00,1.00
2014.11.03 03:12:59.421,1.43045,1.43062,1.00,1.00
2014.11.03 03:12:59.523,1.43046,1.43064,1.00,1.00
2014.11.03 03:12:59.626,1.43046,1.43066,1.50,1.00
2014.11.03 03:12:59.728,1.43052,1.43066,1.00,1.00
2014.11.03 03:12:59.779,1.43052,1.43072,1.50,1.00
2014.11.03 03:12:59.830,1.43054,1.43072,1.00,1.00
2014.11.03 03:13:00.336,1.43055,1.43073,1.00,1.50
2014.11.03 03:13:00.850,1.43054,1.43073,1.00,1.50
2014.11.03 03:13:03.989,1.43055,1.43073,1.00,1.50
2014.11.03 03:13:07.024,1.43055,1.43072,1.00,1.00
2014.11.03 03:13:12.304,1.43055,1.43074,1.00,1.00
2014.11.03 03:13:12.405,1.43057,1.43074,1.00,1.00
2014.11.03 03:13:13.416,1.43054,1.43074,1.00,1.00
2014.11.03 03:13:25.440,1.43054,1.43073,1.00,1.00
2014.11.03 03:13:27.444,1.43054,1.43074,1.00,1.50
2014.11.03 03:13:28.249,1.43054,1.43072,1.00,1.00
2014.11.03 03:13:28.553,1.43054,1.43074,1.00,1.50
2014.11.03 03:13:33.221,1.43054,1.43071,1.50,1.00
2014.11.03 03:13:37.653,1.43053,1.43071,1.00,1.00
2014.11.03 03:13:37.958,1.43053,1.43069,1.00,1.00
2014.11.03 03:13:38.059,1.43053,1.43071,1.00,1.00
2014.11.03 03:13:39.464,1.43054,1.43071,1.00,1.00
2014.11.03 03:13:41.273,1.43052,1.43071,1.00,1.00
2014.11.03 03:13:49.155,1.43053,1.43072,1.50,1.00
2014.11.03 03:13:49.358,1.43052,1.4307,1.00,1.00
2014.11.03 03:13:52.884,1.43053,1.43073,1.00,1.00
2014.11.03 03:14:00.610,1.43054,1.43073,1.00,1.00
2014.11.03 03:14:04.630,1.43053,1.43073,1.25,1.00
2014.11.03 03:14:12.163,1.43053,1.43073,1.19,1.00
2014.11.03 03:14:14.151,1.43053,1.43073,1.25,1.00
2014.11.03 03:14:15.788,1.43051,1.4307,1.69,1.00
2014.11.03 03:14:16.294,1.43051,1.43071,1.00,2.25
2014.11.03 03:14:16.754,1.4305,1.43068,1.00,1.00
2014.11.03 03:14:16.856,1.43048,1.43067,1.00,1.00
2014.11.03 03:14:17.110,1.43047,1.43065,1.00,1.00
2014.11.03 03:14:30.154,1.43045,1.43065,1.69,1.00
2014.11.03 03:14:30.952,1.43045,1.43065,1.50,1.00
2014.11.03 03:14:32.378,1.43044,1.43064,1.50,1.00
2014.11.03 03:14:32.683,1.43043,1.43061,1.00,1.00
2014.11.03 03:14:32.990,1.4304,1.43058,1.19,1.00
2014.11.03 03:14:33.500,1.4304,1.43058,1.25,1.00
2014.11.03 03:14:36.432,1.43041,1.43061,1.00,1.00
2014.11.03 03:14:53.516,1.43042,1.4306,1.00,1.00
2014.11.03 03:15:03.735,1.43041,1.43059,1.00,1.00
2014.11.03 03:15:22.520,1.43041,1.43058,1.00,1.00
2014.11.03 03:15:22.622,1.43041,1.43056,1.00,1.00
2014.11.03 03:15:22.673,1.43036,1.43054,1.00,1.00
2014.11.03 03:15:22.724,1.43036,1.43049,1.00,1.00
2014.11.03 03:15:22.775,1.43032,1.43049,1.00,1.00
2014.11.03 03:15:22.826,1.43032,1.43047,1.00,1.00
2014.11.03 03:15:22.877,1.4303,1.43046,1.00,1.00
2014.11.03 03:15:22.929,1.43028,1.43046,1.00,1.25
2014.11.03 03:15:23.080,1.43028,1.43042,1.00,1.00
2014.11.03 03:15:23.132,1.43025,1.43042,1.00,2.25
2014.11.03 03:15:23.285,1.43023,1.43042,1.00,2.25
2014.11.03 03:15:23.805,1.43022,1.43042,1.50,2.25
2014.11.03 03:15:24.429,1.43022,1.43039,1.50,1.00
2014.11.03 03:15:24.937,1.43022,1.43038,1.50,1.00
2014.11.03 03:15:25.548,1.43022,1.43039,1.50,1.00
2014.11.03 03:15:26.172,1.43022,1.43038,1.50,1.00
2014.11.03 03:15:26.515,1.43024,1.43038,1.00,1.00
2014.11.03 03:15:27.082,1.43024,1.43039,1.00,1.00
2014.11.03 03:15:30.498,1.43022,1.43039,1.00,1.50
2014.11.03 03:15:32.237,1.43022,1.4304,1.00,1.00
2014.11.03 03:15:33.397,1.43022,1.43041,1.00,2.25
2014.11.03 03:15:33.580,1.43024,1.43041,1.00,1.00
2014.11.03 03:15:33.886,1.43026,1.43041,1.00,1.00
2014.11.03 03:15:41.787,1.43023,1.43041,1.00,1.00
2014.11.03 03:15:41.896,1.43026,1.43041,1.00,1.00
2014.11.03 03:15:45.829,1.43026,1.43042,1.00,1.50
2014.11.03 03:15:46.526,1.43024,1.43041,1.00,1.00
2014.11.03 03:15:46.577,1.43024,1.43038,1.00,1.00
2014.11.03 03:15:46.628,1.43019,1.43035,1.00,1.00
2014.11.03 03:15:46.679,1.43017,1.43035,1.00,1.00
2014.11.03 03:15:46.730,1.43017,1.43031,1.00,1.00
2014.11.03 03:15:46.781,1.43015,1.43031,1.00,1.00
2014.11.03 03:15:47.186,1.43012,1.43032,1.00,1.50
2014.11.03 03:15:47.556,1.43012,1.4303,1.00,1.00
2014.11.03 03:15:47.658,1.43012,1.43032,1.00,1.50
2014.11.03 03:15:47.709,1.43018,1.43032,1.00,1.00
2014.11.03 03:15:47.811,1.43012,1.43029,1.25,1.00
2014.11.03 03:15:47.913,1.43012,1.43027,1.19,1.00
2014.11.03 03:15:48.066,1.43014,1.43029,1.00,1.00
2014.11.03 03:15:48.471,1.43014,1.43032,1.00,1.00
2014.11.03 03:15:48.522,1.43017,1.43035,1.00,1.00
2014.11.03 03:15:49.028,1.43018,1.43036,1.00,1.50
2014.11.03 03:15:49.333,1.43017,1.43034,1.00,1.00
2014.11.03 03:15:49.384,1.43014,1.43034,1.00,1.00
2014.11.03 03:15:49.485,1.43014,1.43029,1.00,1.00
2014.11.03 03:15:49.797,1.43017,1.43029,1.00,1.00
2014.11.03 03:15:51.243,1.43016,1.43029,1.00,1.00
2014.11.03 03:15:51.864,1.43016,1.4303,1.00,1.00
2014.11.03 03:15:52.405,1.43017,1.4303,1.00,1.00
2014.11.03 03:15:53.484,1.43017,1.43029,1.00,1.00
2014.11.03 03:15:53.879,1.43019,1.4303,1.00,1.00
2014.11.03 03:15:54.239,1.43016,1.4303,1.00,1.00
2014.11.03 03:15:54.391,1.43016,1.43033,1.00,1.00
2014.11.03 03:15:54.442,1.43016,1.43036,1.00,1.00
2014.11.03 03:15:55.191,1.43021,1.43036,1.00,1.00
2014.11.03 03:15:55.344,1.43024,1.43043,1.00,1.50
2014.11.03 03:15:55.395,1.43027,1.43043,1.00,1.50
2014.11.03 03:15:55.446,1.43029,1.43046,1.00,1.50
2014.11.03 03:15:55.977,1.43029,1.43045,1.00,1.00
2014.11.03 03:15:56.431,1.43027,1.43044,1.00,1.00
2014.11.03 03:15:56.532,1.43025,1.43044,1.00,1.00
2014.11.03 03:15:57.048,1.43025,1.43045,1.00,1.50
2014.11.03 03:15:57.302,1.43024,1.43042,1.25,1.00
2014.11.03 03:15:57.403,1.43025,1.43044,1.00,1.50
2014.11.03 03:15:57.858,1.43024,1.43042,1.00,1.00
2014.11.03 03:15:59.873,1.43024,1.43041,1.00,1.00
2014.11.03 03:16:00.026,1.4302,1.43038,1.00,1.00
2014.11.03 03:16:00.091,1.43017,1.43037,1.25,1.00
2014.11.03 03:16:00.193,1.4302,1.43038,1.00,1.00
2014.11.03 03:16:03.817,1.43022,1.43041,1.00,1.00
2014.11.03 03:16:09.469,1.43022,1.43042,1.00,1.69
2014.11.03 03:16:09.976,1.43021,1.43039,1.00,1.00
2014.11.03 03:16:10.194,1.43022,1.43042,1.00,1.25
2014.11.03 03:16:11.050,1.4302,1.43038,1.00,1.00
2014.11.03 03:16:13.070,1.4302,1.43037,1.00,1.00
2014.11.03 03:16:13.576,1.43019,1.43037,1.00,1.50
2014.11.03 03:16:14.681,1.4302,1.43038,1.00,1.50
2014.11.03 03:16:15.245,1.4302,1.43039,1.00,1.00
2014.11.03 03:16:15.708,1.43022,1.43041,1.00,1.69
2014.11.03 03:16:16.226,1.43021,1.43041,1.00,2.25
2014.11.03 03:16:18.302,1.43019,1.43039,1.00,1.00
2014.11.03 03:16:18.604,1.43022,1.4304,1.00,1.00
2014.11.03 03:16:22.262,1.43024,1.43041,1.00,1.50
2014.11.03 03:16:28.448,1.43025,1.43041,1.00,1.50
2014.11.03 03:16:28.752,1.43022,1.43038,1.00,1.00
2014.11.03 03:16:29.108,1.43023,1.43041,1.00,1.50
2014.11.03 03:16:32.490,1.43023,1.43037,1.00,1.00
2014.11.03 03:16:32.541,1.43021,1.43037,1.00,1.00
2014.11.03 03:16:32.744,1.43021,1.43039,1.00,1.00
2014.11.03 03:16:33.511,1.43024,1.4304,1.00,1.00
2014.11.03 03:16:34.889,1.43024,1.43038,1.00,1.00
2014.11.03 03:16:34.940,1.43021,1.43038,1.00,1.00
2014.11.03 03:16:35.042,1.43018,1.43036,1.00,1.00
2014.11.03 03:16:35.144,1.43017,1.43033,1.00,1.00
2014.11.03 03:16:35.397,1.43018,1.43036,1.00,1.00
2014.11.03 03:16:38.560,1.43016,1.43034,1.00,1.00
2014.11.03 03:16:41.915,1.43016,1.43034,1.69,1.00
2014.11.03 03:16:42.828,1.43017,1.43034,1.19,1.00
2014.11.03 03:16:43.334,1.43019,1.43035,1.25,1.00
2014.11.03 03:16:43.919,1.43019,1.43035,1.19,1.00
2014.11.03 03:16:44.868,1.43019,1.43035,1.69,1.00
2014.11.03 03:16:45.828,1.43019,1.43035,1.69,1.00
2014.11.03 03:16:51.053,1.43019,1.43035,1.00,1.00
2014.11.03 03:16:51.460,1.43016,1.43034,1.19,1.00
2014.11.03 03:16:52.121,1.43018,1.43036,1.00,1.00
2014.11.03 03:16:52.844,1.43018,1.43036,1.19,1.00
2014.11.03 03:16:54.892,1.43018,1.43036,1.69,1.00
2014.11.03 03:16:55.852,1.43018,1.43036,1.69,1.00
2014.11.03 03:16:58.907,1.43019,1.43036,1.19,1.00
2014.11.03 03:16:59.862,1.43019,1.43036,1.19,1.00
2014.11.03 03:17:00.780,1.43019,1.43037,1.69,1.00
2014.11.03 03:17:01.309,1.43019,1.43037,1.69,1.00
2014.11.03 03:17:03.401,1.43019,1.43036,1.19,1.00
2014.11.03 03:17:03.903,1.43019,1.43036,1.19,1.00
2014.11.03 03:17:04.892,1.43019,1.43036,1.19,1.00
2014.11.03 03:17:09.886,1.4302,1.43036,1.19,1.00
2014.11.03 03:17:10.917,1.43022,1.43036,1.19,1.00
2014.11.03 03:17:11.221,1.43022,1.43039,1.69,1.00
2014.11.03 03:17:11.925,1.43022,1.43039,1.69,1.00
2014.11.03 03:17:12.537,1.43022,1.4304,1.69,1.00
2014.11.03 03:17:14.023,1.43022,1.4304,1.25,1.00
2014.11.03 03:17:16.003,1.43022,1.4304,1.19,1.00
2014.11.03 03:17:16.295,1.4302,1.43036,1.00,1.00
2014.11.03 03:17:16.803,1.43019,1.43037,1.69,1.00
2014.11.03 03:17:17.109,1.43019,1.43035,1.69,1.00
2014.11.03 03:17:17.261,1.4302,1.43038,1.25,1.50
2014.11.03 03:17:17.515,1.43023,1.43039,1.00,1.00
2014.11.03 03:17:22.678,1.43024,1.4304,1.00,1.00
2014.11.03 03:17:22.983,1.43025,1.43042,1.00,1.00
2014.11.03 03:17:26.064,1.43024,1.43041,1.19,1.00
2014.11.03 03:17:26.737,1.43026,1.43042,1.00,1.50
2014.11.03 03:17:26.839,1.43023,1.43041,1.69,1.00
2014.11.03 03:17:31.677,1.43025,1.43041,1.69,1.00
2014.11.03 03:17:31.881,1.43029,1.43046,1.25,1.00
2014.11.03 03:17:31.932,1.43032,1.43046,1.00,1.00
2014.11.03 03:17:32.614,1.43033,1.43046,1.19,1.00
2014.11.03 03:17:32.665,1.43033,1.43048,1.19,1.00
2014.11.03 03:17:32.818,1.43034,1.4305,1.25,1.00
2014.11.03 03:17:33.349,1.43035,1.43051,1.00,1.00
2014.11.03 03:17:33.887,1.43035,1.43052,1.19,1.00
2014.11.03 03:17:34.431,1.43035,1.43053,1.19,1.50
2014.11.03 03:17:35.156,1.43041,1.43053,1.19,1.50
2014.11.03 03:17:35.309,1.43041,1.43057,1.69,1.00
2014.11.03 03:17:35.360,1.43041,1.43059,1.19,1.50
2014.11.03 03:17:35.462,1.43043,1.43058,1.19,1.00
2014.11.03 03:17:35.767,1.43052,1.43069,1.19,1.00
2014.11.03 03:17:35.868,1.43052,1.43071,1.19,1.00
2014.11.03 03:17:40.118,1.43052,1.43069,1.19,1.00
2014.11.03 03:17:40.759,1.43051,1.43069,1.25,1.00
2014.11.03 03:17:41.274,1.4305,1.43068,1.19,1.00
2014.11.03 03:17:42.765,1.4305,1.43068,1.19,1.00
2014.11.03 03:17:44.770,1.4305,1.43068,1.19,1.00
2014.11.03 03:17:45.785,1.43051,1.43068,1.19,1.00
2014.11.03 03:17:46.787,1.43049,1.43068,1.19,1.00
2014.11.03 03:17:47.813,1.43051,1.43068,1.19,1.00
2014.11.03 03:17:48.780,1.43052,1.43068,1.19,1.00
2014.11.03 03:17:50.807,1.43052,1.43068,1.19,1.00
2014.11.03 03:17:51.786,1.43051,1.43068,1.19,1.00
2014.11.03 03:17:52.789,1.43052,1.43068,1.19,1.00
2014.11.03 03:17:54.833,1.43051,1.43068,1.19,1.00
2014.11.03 03:17:55.375,1.43051,1.43069,1.69,1.00
2014.11.03 03:17:55.814,1.43052,1.43069,1.19,1.00
2014.11.03 03:17:56.783,1.43052,1.43071,1.19,1.50
2014.11.03 03:18:00.808,1.43051,1.43071,1.69,1.50
2014.11.03 03:18:01.840,1.43052,1.43071,1.19,1.50
2014.11.03 03:18:06.806,1.43054,1.43072,1.25,1.00
2014.11.03 03:18:07.921,1.43054,1.43072,1.69,1.00
2014.11.03 03:18:08.924,1.43054,1.43072,1.25,1.00
2014.11.03 03:18:10.974,1.43054,1.43072,1.69,1.00
2014.11.03 03:18:18.959,1.43054,1.43072,1.00,1.00
2014.11.03 03:18:19.061,1.43052,1.4307,1.19,1.00
2014.11.03 03:18:19.366,1.43052,1.43068,1.19,1.00
2014.11.03 03:18:19.969,1.43051,1.43068,1.19,1.00
2014.11.03 03:18:20.978,1.43052,1.4307,1.00,1.50
2014.11.03 03:18:21.080,1.43053,1.4307,1.69,1.00
2014.11.03 03:18:21.131,1.43053,1.43072,1.69,1.00
2014.11.03 03:18:21.182,1.43057,1.43072,1.69,1.00
2014.11.03 03:18:21.234,1.43057,1.43074,1.69,1.00
2014.11.03 03:18:21.437,1.43059,1.43076,1.19,1.00
2014.11.03 03:18:21.995,1.43058,1.43076,1.00,1.00
2014.11.03 03:18:22.300,1.43055,1.43073,1.69,1.00
2014.11.03 03:18:22.861,1.43055,1.43073,1.00,1.00
2014.11.03 03:18:23.165,1.43055,1.43068,1.00,1.00
2014.11.03 03:18:23.369,1.43052,1.43068,1.19,1.00
2014.11.03 03:18:23.875,1.43052,1.43068,1.00,1.00
2014.11.03 03:18:23.976,1.43052,1.4307,1.00,1.00
2014.11.03 03:18:24.077,1.43049,1.43067,1.00,1.00
2014.11.03 03:18:24.787,1.43049,1.43067,1.69,1.00
2014.11.03 03:18:25.292,1.43049,1.43067,1.25,1.00
2014.11.03 03:18:26.031,1.43048,1.43066,1.25,1.00
2014.11.03 03:18:27.274,1.4305,1.43066,1.19,1.00
2014.11.03 03:18:27.824,1.4305,1.43067,1.19,1.00
2014.11.03 03:18:28.327,1.4305,1.43067,1.19,1.00
2014.11.03 03:18:31.431,1.43049,1.43067,1.69,1.00
2014.11.03 03:18:32.232,1.43049,1.43062,1.00,1.00
2014.11.03 03:18:32.334,1.43044,1.43061,1.19,1.00
2014.11.03 03:18:32.386,1.43044,1.43063,1.19,1.50
2014.11.03 03:18:32.437,1.43042,1.4306,1.69,1.00
2014.11.03 03:18:32.488,1.43042,1.43059,1.25,1.00
2014.11.03 03:18:32.914,1.4304,1.43057,1.25,1.00
2014.11.03 03:18:33.321,1.43039,1.43054,1.19,1.00
2014.11.03 03:18:33.918,1.43034,1.43054,1.19,1.00
2014.11.03 03:18:34.020,1.43038,1.43055,1.19,1.00
2014.11.03 03:18:35.422,1.43037,1.43055,1.69,1.50
2014.11.03 03:18:36.140,1.43037,1.43054,1.19,1.00
2014.11.03 03:18:37.416,1.43036,1.43054,1.69,1.00
2014.11.03 03:18:41.909,1.43036,1.43054,1.69,1.00
2014.11.03 03:18:42.911,1.43036,1.43054,1.19,1.00
2014.11.03 03:18:44.121,1.43036,1.43054,1.00,1.50
2014.11.03 03:18:47.262,1.43034,1.43053,1.19,1.00
2014.11.03 03:18:49.154,1.43035,1.43053,1.19,1.00
2014.11.03 03:18:52.192,1.43034,1.43053,1.19,1.00
2014.11.03 03:18:53.182,1.43036,1.43053,1.19,1.00
2014.11.03 03:18:54.149,1.43035,1.43053,1.19,1.00
2014.11.03 03:18:55.161,1.43036,1.43053,1.19,1.00
2014.11.03 03:18:55.628,1.43036,1.43055,1.19,1.50
2014.11.03 03:19:00.179,1.43037,1.43055,1.19,1.50
2014.11.03 03:19:00.588,1.43041,1.43056,1.19,1.50
2014.11.03 03:19:00.893,1.43046,1.43063,1.19,1.00
2014.11.03 03:19:01.103,1.43046,1.43066,1.69,1.00
2014.11.03 03:19:01.675,1.43048,1.43066,1.00,1.00
2014.11.03 03:19:03.870,1.43048,1.43066,1.19,1.00
2014.11.03 03:19:05.180,1.43048,1.43066,1.00,1.00
2014.11.03 03:19:05.390,1.43046,1.43064,1.25,1.00
2014.11.03 03:19:12.894,1.43046,1.43064,1.69,1.00
2014.11.03 03:19:13.895,1.43046,1.43064,1.25,1.00
2014.11.03 03:19:14.876,1.43046,1.43061,1.00,1.00
2014.11.03 03:19:14.978,1.43046,1.43063,1.19,1.00
2014.11.03 03:19:15.029,1.4305,1.43066,1.19,1.00
2014.11.03 03:19:15.131,1.43051,1.43068,1.00,1.00
2014.11.03 03:19:15.235,1.43054,1.43069,1.19,1.00
2014.11.03 03:19:15.438,1.43059,1.43074,1.00,1.00
2014.11.03 03:19:15.489,1.43059,1.43077,1.00,1.00
2014.11.03 03:19:15.794,1.43058,1.43074,1.25,1.00
2014.11.03 03:19:15.997,1.43058,1.43076,1.25,1.00
2014.11.03 03:19:16.301,1.43056,1.43074,1.00,1.00
2014.11.03 03:19:18.049,1.43054,1.43073,1.19,1.00
2014.11.03 03:19:18.553,1.43053,1.43073,1.69,1.00
2014.11.03 03:19:19.161,1.43053,1.43073,1.69,1.00
2014.11.03 03:19:19.765,1.43053,1.43073,1.00,1.00
2014.11.03 03:19:20.181,1.43052,1.43066,1.00,1.00
2014.11.03 03:19:20.284,1.43047,1.43065,1.00,1.00
2014.11.03 03:19:20.385,1.43044,1.43062,1.00,1.00
2014.11.03 03:19:20.487,1.43041,1.43061,1.00,1.00
2014.11.03 03:19:21.254,1.43044,1.43064,1.00,1.00
2014.11.03 03:19:21.726,1.43046,1.43065,1.00,1.25
2014.11.03 03:19:22.165,1.43045,1.43063,1.00,1.00
2014.11.03 03:19:25.226,1.43043,1.43063,1.00,1.00
2014.11.03 03:19:26.193,1.43045,1.43063,1.00,1.00
2014.11.03 03:19:26.499,1.43047,1.43065,1.00,1.00
2014.11.03 03:19:27.816,1.43047,1.43064,1.00,1.00
2014.11.03 03:19:27.867,1.43045,1.43063,1.00,1.00
2014.11.03 03:19:27.969,1.43043,1.43061,1.00,1.00
2014.11.03 03:19:29.614,1.43044,1.43063,1.00,1.00
2014.11.03 03:19:29.718,1.43046,1.43062,1.00,1.00
2014.11.03 03:19:29.822,1.43048,1.43066,1.00,1.00
2014.11.03 03:19:29.976,1.43051,1.43067,1.00,1.00
2014.11.03 03:19:30.079,1.43051,1.43069,1.00,1.00
2014.11.03 03:19:30.587,1.43053,1.4307,1.00,1.00
2014.11.03 03:19:30.638,1.43055,1.43073,1.00,1.00
2014.11.03 03:19:30.740,1.4306,1.43076,1.00,1.00
2014.11.03 03:19:30.943,1.43061,1.43079,1.00,1.00
2014.11.03 03:19:31.204,1.43058,1.43077,1.00,1.00
2014.11.03 03:19:31.255,1.43056,1.43074,1.50,1.00
2014.11.03 03:19:31.508,1.43053,1.43073,1.19,1.00
2014.11.03 03:19:32.178,1.43053,1.43073,1.00,1.00
2014.11.03 03:19:37.991,1.43056,1.43074,1.00,1.00
2014.11.03 03:19:39.505,1.43057,1.43077,1.00,1.50
2014.11.03 03:19:40.848,1.43056,1.43074,1.00,1.00
2014.11.03 03:19:41.520,1.43054,1.43074,1.00,1.00
2014.11.03 03:19:41.946,1.43056,1.43074,1.00,1.00
2014.11.03 03:19:42.150,1.43054,1.43074,1.00,1.00
2014.11.03 03:19:42.711,1.43055,1.43073,1.00,1.00
2014.11.03 03:19:45.219,1.43052,1.43072,1.25,1.00
2014.11.03 03:19:46.777,1.43054,1.43072,1.00,1.00
2014.11.03 03:19:46.879,1.43052,1.43072,1.00,1.00
2014.11.03 03:19:47.032,1.43058,1.43074,1.00,1.00
2014.11.03 03:19:47.133,1.4306,1.43078,1.00,1.00
2014.11.03 03:19:47.185,1.43058,1.43078,1.00,1.00
2014.11.03 03:19:47.236,1.43062,1.43078,1.00,1.00
2014.11.03 03:19:47.543,1.43073,1.43091,1.19,1.50
2014.11.03 03:19:47.644,1.43073,1.43094,1.19,1.00
2014.11.03 03:19:47.796,1.43073,1.43098,1.19,1.00
2014.11.03 03:19:47.847,1.43073,1.43096,1.19,1.00
2014.11.03 03:19:48.354,1.43076,1.43096,1.00,1.00
2014.11.03 03:19:49.341,1.43072,1.43092,1.50,1.00
2014.11.03 03:19:49.802,1.43075,1.43093,1.00,1.00
2014.11.03 03:19:51.270,1.43072,1.43092,1.00,1.00
2014.11.03 03:19:51.374,1.43071,1.4309,1.00,1.00
2014.11.03 03:19:51.784,1.43067,1.43085,1.00,1.00
2014.11.03 03:19:51.987,1.43065,1.43085,1.00,1.00
2014.11.03 03:19:52.446,1.43065,1.43083,1.00,1.00
2014.11.03 03:19:52.902,1.43067,1.43085,1.00,1.00
2014.11.03 03:19:53.004,1.43069,1.43089,1.00,2.25
2014.11.03 03:19:53.970,1.43071,1.43091,1.00,1.25
2014.11.03 03:19:54.275,1.4307,1.43088,1.00,1.00
2014.11.03 03:19:54.530,1.43069,1.43092,1.00,3.94
2014.11.03 03:19:55.454,1.43069,1.43092,1.00,3.75
2014.11.03 03:19:56.452,1.43069,1.43091,1.00,1.25
2014.11.03 03:19:56.757,1.43068,1.43088,1.00,1.00
2014.11.03 03:19:58.372,1.4307,1.43089,1.00,1.00
2014.11.03 03:19:58.727,1.43072,1.43089,1.00,1.00
2014.11.03 03:20:03.746,1.43075,1.43089,1.00,1.00
2014.11.03 03:20:03.949,1.43089,1.43104,1.00,1.00
2014.11.03 03:20:04.152,1.43087,1.43109,1.00,1.00
2014.11.03 03:20:04.457,1.43093,1.43111,1.00,1.00
2014.11.03 03:20:04.659,1.43093,1.43114,1.50,1.00
2014.11.03 03:20:04.761,1.43095,1.43115,1.00,1.00
2014.11.03 03:20:05.204,1.43093,1.43115,2.25,1.00
2014.11.03 03:20:05.955,1.43094,1.43115,1.00,1.00
2014.11.03 03:20:06.320,1.43092,1.43115,1.50,1.50
2014.11.03 03:20:06.829,1.43092,1.43114,1.00,1.00
2014.11.03 03:20:07.347,1.43092,1.43115,1.00,2.25
2014.11.03 03:20:07.610,1.43094,1.43115,1.00,1.00
2014.11.03 03:20:10.179,1.43092,1.43115,2.44,1.00
2014.11.03 03:20:10.332,1.43092,1.43112,1.50,1.00
2014.11.03 03:20:10.484,1.43089,1.43112,1.50,1.00
2014.11.03 03:20:11.096,1.43089,1.43114,1.50,1.50
2014.11.03 03:20:11.417,1.43092,1.43114,1.00,1.00
2014.11.03 03:20:11.934,1.43092,1.43115,2.25,1.00
2014.11.03 03:20:12.542,1.43092,1.43114,1.50,1.00
2014.11.03 03:20:13.405,1.43092,1.43115,1.50,1.25
2014.11.03 03:20:13.710,1.43092,1.43112,1.00,1.00
2014.11.03 03:20:14.256,1.43092,1.43113,1.00,1.00
2014.11.03 03:20:14.852,1.43092,1.43111,1.00,1.00
2014.11.03 03:20:15.612,1.43092,1.43112,1.00,1.00
2014.11.03 03:20:15.713,1.4309,1.43113,1.00,1.00
2014.11.03 03:20:15.764,1.43088,1.4311,1.00,1.00
2014.11.03 03:20:17.202,1.43088,1.43113,1.50,1.69
2014.11.03 03:20:17.711,1.43088,1.43112,1.50,1.00
2014.11.03 03:20:17.813,1.43091,1.43112,1.00,1.00
2014.11.03 03:20:17.966,1.43093,1.43115,1.50,1.50
2014.11.03 03:20:18.017,1.43098,1.43115,1.00,1.50
2014.11.03 03:20:18.119,1.43095,1.43118,1.00,1.50
2014.11.03 03:20:18.220,1.43094,1.43115,1.00,1.00
2014.11.03 03:20:18.322,1.43092,1.43115,1.50,1.50
2014.11.03 03:20:18.373,1.43092,1.43111,1.50,1.00
2014.11.03 03:20:18.526,1.43089,1.43111,1.00,1.00
2014.11.03 03:20:18.577,1.43089,1.43113,1.00,2.25
2014.11.03 03:20:19.085,1.43088,1.43112,1.69,1.00
2014.11.03 03:20:19.632,1.43089,1.43112,1.00,1.00
2014.11.03 03:20:20.093,1.43094,1.43112,1.00,1.00
2014.11.03 03:20:20.296,1.43097,1.43116,1.00,1.00
2014.11.03 03:20:20.398,1.43096,1.43118,1.00,1.00
2014.11.03 03:20:20.551,1.43097,1.43116,1.00,1.00
2014.11.03 03:20:20.856,1.43097,1.43112,1.00,1.00
2014.11.03 03:20:20.907,1.43097,1.43118,1.00,1.00
2014.11.03 03:20:20.958,1.43099,1.43118,1.00,1.00
2014.11.03 03:20:21.262,1.431,1.43115,1.00,1.00
2014.11.03 03:20:21.465,1.43097,1.43115,1.50,1.00
2014.11.03 03:20:22.110,1.43097,1.43116,1.00,1.00
2014.11.03 03:20:22.212,1.43099,1.43117,1.00,1.00
2014.11.03 03:20:22.897,1.43098,1.43117,1.50,1.00
2014.11.03 03:20:23.202,1.43098,1.43114,1.00,1.00
2014.11.03 03:20:23.355,1.43095,1.43113,1.00,1.50
2014.11.03 03:20:23.509,1.43093,1.43113,1.25,1.50
2014.11.03 03:20:24.016,1.43092,1.43113,1.00,1.50
2014.11.03 03:20:24.118,1.43089,1.43112,1.25,1.00
2014.11.03 03:20:25.933,1.43089,1.43111,1.00,1.00
2014.11.03 03:20:26.482,1.43089,1.4311,1.00,1.00
2014.11.03 03:20:26.685,1.43089,1.43112,1.50,1.00
2014.11.03 03:20:28.295,1.43089,1.43111,1.50,1.00
2014.11.03 03:20:33.636,1.43088,1.43111,1.50,1.00
2014.11.03 03:20:45.449,1.43088,1.43109,1.00,1.00
2014.11.03 03:20:46.047,1.43088,1.43112,1.00,1.00
2014.11.03 03:20:46.149,1.43088,1.43109,1.00,1.00
2014.11.03 03:20:46.688,1.43088,1.43108,1.00,1.00
2014.11.03 03:20:53.385,1.43089,1.43109,1.00,1.00
2014.11.03 03:20:53.704,1.43092,1.43109,1.00,1.00
2014.11.03 03:20:56.168,1.43092,1.43111,2.25,1.00
2014.11.03 03:20:57.155,1.43092,1.43114,2.25,1.00
2014.11.03 03:20:58.784,1.43091,1.43114,2.25,1.00
2014.11.03 03:21:00.337,1.43092,1.43112,1.00,1.00
2014.11.03 03:21:00.692,1.4309,1.43112,1.00,1.00
2014.11.03 03:21:00.743,1.43089,1.4311,2.25,1.00
2014.11.03 03:21:01.047,1.43087,1.43105,1.00,1.00
2014.11.03 03:21:01.555,1.43088,1.43104,1.00,1.00
2014.11.03 03:21:02.356,1.43088,1.43105,1.50,1.00
2014.11.03 03:21:02.893,1.43088,1.43104,1.00,1.00
2014.11.03 03:21:02.995,1.43086,1.43104,1.00,1.00
2014.11.03 03:21:19.769,1.43084,1.43104,2.44,1.00
2014.11.03 03:21:25.426,1.43084,1.43102,2.25,1.00
2014.11.03 03:21:25.635,1.43082,1.43102,1.50,1.00
2014.11.03 03:21:25.737,1.43081,1.431,1.50,1.00
2014.11.03 03:21:25.839,1.43078,1.43098,1.00,1.50
2014.11.03 03:21:25.940,1.43075,1.43093,1.00,1.00
2014.11.03 03:21:26.245,1.43072,1.4309,1.00,1.00
2014.11.03 03:21:26.549,1.4307,1.43088,1.00,1.00
2014.11.03 03:21:30.689,1.43068,1.43088,1.00,1.00
2014.11.03 03:21:30.791,1.43066,1.43086,1.00,1.00
2014.11.03 03:21:31.330,1.43067,1.43085,1.00,1.00
2014.11.03 03:21:33.631,1.43067,1.43078,1.00,1.00
2014.11.03 03:21:33.683,1.43064,1.43078,1.00,1.00
2014.11.03 03:21:33.784,1.43065,1.43083,1.00,1.00
2014.11.03 03:21:33.886,1.43067,1.43085,1.00,1.00
2014.11.03 03:21:36.205,1.43065,1.43083,1.00,1.00
2014.11.03 03:21:36.738,1.43062,1.43082,1.50,1.00
2014.11.03 03:21:39.477,1.43061,1.43081,1.19,1.00
2014.11.03 03:21:39.680,1.4306,1.43078,1.00,1.00
2014.11.03 03:21:39.934,1.43058,1.4308,1.25,1.00
2014.11.03 03:21:40.459,1.43057,1.43079,1.00,1.00
2014.11.03 03:21:42.319,1.43057,1.43077,1.50,1.00
2014.11.03 03:21:45.172,1.43057,1.43078,1.00,1.00
2014.11.03 03:21:46.290,1.43057,1.43078,1.69,1.00
2014.11.03 03:21:46.392,1.43059,1.4308,1.25,1.00
2014.11.03 03:21:47.180,1.4306,1.4308,1.00,1.00
2014.11.03 03:21:48.907,1.4306,1.4308,2.44,1.00
2014.11.03 03:21:48.959,1.43062,1.43082,1.19,1.50
2014.11.03 03:21:49.010,1.43065,1.43082,1.19,1.00
2014.11.03 03:21:49.061,1.43066,1.43084,1.25,1.00
2014.11.03 03:21:49.163,1.43067,1.43089,1.00,1.00
2014.11.03 03:21:49.264,1.4307,1.4309,1.00,1.00
2014.11.03 03:21:50.577,1.4307,1.43088,1.00,1.50
2014.11.03 03:21:50.882,1.43068,1.43086,1.25,1.00
2014.11.03 03:21:51.238,1.43069,1.43089,1.50,1.00
2014.11.03 03:21:51.390,1.43072,1.4309,1.00,1.00
2014.11.03 03:21:51.492,1.43065,1.43085,1.69,1.00
2014.11.03 03:21:51.796,1.43065,1.43083,1.25,1.00
2014.11.03 03:21:52.115,1.43062,1.43082,1.25,1.00
2014.11.03 03:21:52.218,1.43061,1.4308,2.25,1.00
2014.11.03 03:21:52.522,1.4306,1.43076,1.00,1.50
2014.11.03 03:21:52.573,1.43056,1.43074,2.25,1.00
2014.11.03 03:21:52.674,1.43052,1.43068,1.00,1.00
2014.11.03 03:21:52.827,1.43048,1.43067,1.00,1.50
2014.11.03 03:21:53.029,1.43041,1.43066,1.19,1.00
2014.11.03 03:21:53.131,1.43039,1.43065,1.00,2.25
2014.11.03 03:21:53.182,1.43039,1.4306,1.00,1.00
2014.11.03 03:21:53.487,1.43031,1.43054,1.19,1.00
2014.11.03 03:21:53.538,1.43031,1.43052,1.00,1.00
2014.11.03 03:21:54.044,1.43029,1.43052,1.19,1.00
2014.11.03 03:21:54.095,1.43032,1.43053,1.00,1.00
2014.11.03 03:21:54.399,1.43032,1.43048,1.00,1.00
2014.11.03 03:21:54.450,1.43032,1.4305,1.00,1.00
2014.11.03 03:21:54.990,1.43031,1.43051,1.00,1.00
2014.11.03 03:21:55.198,1.4303,1.43053,1.25,1.50
2014.11.03 03:21:55.552,1.4303,1.4305,1.25,1.00
2014.11.03 03:21:57.829,1.43029,1.43052,1.19,1.00
2014.11.03 03:21:58.089,1.43029,1.4305,1.19,1.00
2014.11.03 03:21:59.534,1.43029,1.4305,1.25,1.00
2014.11.03 03:21:59.922,1.43029,1.43053,1.25,1.00
2014.11.03 03:22:00.514,1.4303,1.43055,1.00,1.50
2014.11.03 03:22:00.565,1.4303,1.43052,1.25,1.00
2014.11.03 03:22:01.445,1.43029,1.43053,2.44,1.50
2014.11.03 03:22:01.819,1.43029,1.43056,1.69,1.50
2014.11.03 03:22:02.332,1.43032,1.43057,1.00,1.25
2014.11.03 03:22:02.383,1.43034,1.43058,1.00,1.19
2014.11.03 03:22:02.485,1.43034,1.43059,1.25,1.50
2014.11.03 03:22:02.587,1.43035,1.43059,1.19,1.00
2014.11.03 03:22:02.891,1.43037,1.43061,1.00,1.00
2014.11.03 03:22:03.555,1.43037,1.43061,1.69,1.00
2014.11.03 03:22:04.780,1.4304,1.43061,1.00,1.00
2014.11.03 03:22:08.300,1.43039,1.43061,1.00,1.50
2014.11.03 03:22:09.240,1.43039,1.43059,1.00,1.00
2014.11.03 03:22:09.756,1.43038,1.43058,1.25,1.00
2014.11.03 03:22:11.231,1.43038,1.4306,1.00,1.50
2014.11.03 03:22:11.801,1.43038,1.4306,1.19,1.50
2014.11.03 03:22:13.897,1.43039,1.4306,1.19,1.00
2014.11.03 03:22:14.151,1.43046,1.43066,1.25,1.00
2014.11.03 03:22:14.223,1.43048,1.43068,1.00,1.00
2014.11.03 03:22:14.375,1.43049,1.4307,1.00,1.00
2014.11.03 03:22:14.477,1.4305,1.43071,1.19,1.00
2014.11.03 03:22:14.580,1.4305,1.43074,1.19,1.00
2014.11.03 03:22:14.683,1.43051,1.43076,1.69,1.50
2014.11.03 03:22:14.734,1.43054,1.43076,1.00,1.50
2014.11.03 03:22:15.140,1.43053,1.43078,3.19,1.00
2014.11.03 03:22:15.394,1.4306,1.43079,1.25,1.00
2014.11.03 03:22:15.445,1.4306,1.43082,1.69,1.00
2014.11.03 03:22:15.699,1.4306,1.43085,1.19,1.00
2014.11.03 03:22:15.851,1.43064,1.43088,1.25,1.00
2014.11.03 03:22:15.903,1.43068,1.4309,1.25,1.00
2014.11.03 03:22:16.058,1.43068,1.43092,1.25,1.00
2014.11.03 03:22:16.287,1.43071,1.43093,1.00,1.00
2014.11.03 03:22:16.795,1.43071,1.43094,1.00,1.00
2014.11.03 03:22:17.303,1.4307,1.43095,1.25,1.50
2014.11.03 03:22:17.680,1.4307,1.43095,1.19,1.50
2014.11.03 03:22:20.432,1.4307,1.43095,1.25,1.50
2014.11.03 03:22:21.431,1.43071,1.43095,1.25,1.00
2014.11.03 03:22:23.404,1.43071,1.43095,1.19,1.00
2014.11.03 03:22:26.705,1.43071,1.43095,1.25,1.00
2014.11.03 03:22:27.748,1.43071,1.43095,1.19,1.00
2014.11.03 03:22:28.710,1.43071,1.43095,1.25,1.00
2014.11.03 03:22:29.221,1.4307,1.43094,1.19,1.00
2014.11.03 03:22:31.105,1.4307,1.43092,1.19,1.00
2014.11.03 03:22:31.308,1.43068,1.43091,1.25,2.25
2014.11.03 03:22:31.563,1.43071,1.43091,1.00,1.50
2014.11.03 03:22:31.614,1.43071,1.43095,1.00,2.44
2014.11.03 03:22:31.716,1.43068,1.43093,1.69,1.50
2014.11.03 03:22:31.919,1.43071,1.43093,1.00,1.50
2014.11.03 03:22:33.799,1.43071,1.43091,1.00,1.00
2014.11.03 03:22:33.901,1.43069,1.43091,1.25,1.00
2014.11.03 03:22:35.470,1.43068,1.43091,1.00,1.00
2014.11.03 03:22:37.406,1.43069,1.43091,1.00,1.00
2014.11.03 03:22:39.349,1.43067,1.43088,1.69,1.00
2014.11.03 03:22:39.655,1.43071,1.43092,1.00,1.00
2014.11.03 03:22:40.419,1.43069,1.43092,2.25,1.00
2014.11.03 03:22:41.538,1.43069,1.43088,1.25,1.00
2014.11.03 03:22:41.842,1.43063,1.43084,2.44,1.00
2014.11.03 03:22:42.045,1.43063,1.43081,1.69,1.00
2014.11.03 03:22:42.197,1.43059,1.43079,1.00,1.50
2014.11.03 03:22:42.249,1.43059,1.43076,1.00,1.00
2014.11.03 03:22:42.300,1.43055,1.43075,1.00,1.00
2014.11.03 03:22:42.716,1.43053,1.43073,1.25,1.00
2014.11.03 03:22:43.071,1.43049,1.43071,1.25,1.00
2014.11.03 03:22:43.173,1.43048,1.43069,1.19,1.00
2014.11.03 03:22:43.325,1.43045,1.43067,2.25,1.00
2014.11.03 03:22:43.527,1.43044,1.43065,2.25,1.50
2014.11.03 03:22:43.629,1.4304,1.43065,1.19,1.00
2014.11.03 03:22:43.730,1.43043,1.43064,1.00,1.00
2014.11.03 03:22:44.035,1.4304,1.4306,1.19,1.00
2014.11.03 03:22:44.187,1.4304,1.43062,2.44,1.00
2014.11.03 03:22:44.288,1.43043,1.43062,1.00,1.00
2014.11.03 03:22:44.491,1.43043,1.43064,1.25,1.00
2014.11.03 03:22:45.267,1.43043,1.43061,1.25,1.00
2014.11.03 03:22:46.928,1.43043,1.43064,1.50,1.00
2014.11.03 03:22:48.568,1.43041,1.43061,1.00,1.00
2014.11.03 03:22:48.890,1.43037,1.43061,1.19,1.50
2014.11.03 03:22:48.993,1.43037,1.43056,1.00,1.00
2014.11.03 03:22:49.095,1.43034,1.43056,2.44,1.00
2014.11.03 03:22:49.146,1.43034,1.43054,2.44,1.00
2014.11.03 03:22:49.248,1.43031,1.43054,1.00,1.50
2014.11.03 03:22:49.756,1.4303,1.43054,1.25,1.50
2014.11.03 03:22:49.859,1.4303,1.43052,1.25,1.00
2014.11.03 03:22:50.163,1.43033,1.43052,1.00,1.00
2014.11.03 03:22:50.214,1.43037,1.43057,1.00,1.00
2014.11.03 03:22:50.632,1.43037,1.4306,2.25,1.25
2014.11.03 03:22:51.501,1.43037,1.43062,2.25,1.00
2014.11.03 03:22:51.654,1.4304,1.43063,1.00,2.25
2014.11.03 03:22:52.165,1.4304,1.43064,1.00,1.25
2014.11.03 03:22:53.482,1.43039,1.43064,1.25,2.25
2014.11.03 03:22:54.846,1.4304,1.43064,1.50,2.25
2014.11.03 03:22:55.353,1.43041,1.43064,1.00,1.50
2014.11.03 03:22:55.505,1.43039,1.43064,1.25,2.25
2014.11.03 03:22:55.608,1.43041,1.43064,1.69,1.00
2014.11.03 03:22:56.043,1.43043,1.43066,1.00,1.00
2014.11.03 03:22:56.144,1.43045,1.43069,1.00,1.69
2014.11.03 03:22:56.448,1.4305,1.43069,1.00,1.00
2014.11.03 03:22:56.652,1.43051,1.43074,1.50,1.00
2014.11.03 03:22:56.906,1.43054,1.43076,1.00,1.00
2014.11.03 03:22:57.216,1.43054,1.43074,1.00,1.00
2014.11.03 03:22:57.526,1.43054,1.4307,1.00,1.00
2014.11.03 03:23:01.408,1.43056,1.4307,1.00,1.00
2014.11.03 03:23:01.611,1.43057,1.43073,1.00,1.00
2014.11.03 03:23:07.663,1.43057,1.4307,2.25,1.00
2014.11.03 03:23:16.586,1.43062,1.4307,1.00,1.00
2014.11.03 03:23:16.690,1.43063,1.43078,1.00,1.00
2014.11.03 03:23:16.742,1.43066,1.43076,1.00,1.00
2014.11.03 03:23:16.844,1.43066,1.43081,1.50,1.00
2014.11.03 03:23:16.946,1.43069,1.43089,1.00,1.69
2014.11.03 03:23:17.098,1.43069,1.43084,1.00,1.00
2014.11.03 03:23:17.252,1.43064,1.43084,1.00,1.50
2014.11.03 03:23:17.455,1.43064,1.4308,1.00,1.00
2014.11.03 03:23:17.506,1.43062,1.4308,1.00,1.00
2014.11.03 03:23:17.709,1.43059,1.43078,1.00,1.00
2014.11.03 03:23:18.215,1.43058,1.43077,1.50,1.50
2014.11.03 03:23:18.474,1.43056,1.43075,1.69,1.00
2014.11.03 03:23:18.900,1.43058,1.43076,1.00,1.00
2014.11.03 03:23:19.577,1.43055,1.43075,1.00,1.00
2014.11.03 03:23:20.033,1.43053,1.43072,1.00,1.00
2014.11.03 03:23:20.337,1.43049,1.43068,1.00,1.00
2014.11.03 03:23:32.010,1.43051,1.43069,1.00,1.00
2014.11.03 03:23:32.213,1.43053,1.43073,1.00,1.00
2014.11.03 03:23:32.662,1.43051,1.43071,1.25,1.00
2014.11.03 03:23:40.238,1.43049,1.43068,1.25,1.00
2014.11.03 03:23:42.220,1.43049,1.43063,1.00,1.00
2014.11.03 03:23:42.322,1.43046,1.43063,1.00,1.00
2014.11.03 03:23:42.373,1.43044,1.43061,1.00,1.00
2014.11.03 03:23:42.627,1.4304,1.43058,1.00,1.00
2014.11.03 03:23:42.678,1.43038,1.43057,1.25,1.00
2014.11.03 03:23:42.997,1.43036,1.43054,1.19,1.00
2014.11.03 03:23:44.420,1.43035,1.43053,1.19,1.00
2014.11.03 03:23:44.471,1.43035,1.43053,1.25,1.00
2014.11.03 03:23:44.573,1.43033,1.4305,1.19,1.00
2014.11.03 03:23:45.176,1.43033,1.43051,1.69,1.00
2014.11.03 03:23:48.476,1.43033,1.43051,2.44,1.00
2014.11.03 03:23:49.440,1.43033,1.43051,2.44,1.00
2014.11.03 03:23:50.391,1.43033,1.4305,1.69,1.00
2014.11.03 03:23:51.489,1.43033,1.4305,1.69,1.00
2014.11.03 03:23:52.588,1.43033,1.4305,1.69,1.00
2014.11.03 03:23:54.572,1.43033,1.4305,1.69,1.00
2014.11.03 03:23:59.576,1.43033,1.4305,1.69,1.00
2014.11.03 03:24:01.607,1.43033,1.4305,1.69,1.00
2014.11.03 03:24:03.576,1.43033,1.4305,1.69,1.00
2014.11.03 03:24:04.591,1.43033,1.4305,1.69,1.00
2014.11.03 03:24:07.210,1.43033,1.43051,2.44,1.00
2014.11.03 03:24:07.514,1.43038,1.43051,1.00,1.00
2014.11.03 03:24:07.565,1.43038,1.43053,1.00,1.00
2014.11.03 03:24:08.273,1.43037,1.43053,1.25,1.00
2014.11.03 03:24:08.476,1.43039,1.43053,1.00,1.00
2014.11.03 03:24:08.963,1.43039,1.43055,1.00,1.00
2014.11.03 03:24:09.216,1.4304,1.43057,1.00,1.00
2014.11.03 03:24:09.267,1.43049,1.43057,1.00,1.00
2014.11.03 03:24:09.369,1.43047,1.43057,1.00,1.00
2014.11.03 03:24:09.420,1.43047,1.43054,1.00,1.00
2014.11.03 03:24:09.522,1.43051,1.43059,1.00,1.00
2014.11.03 03:24:09.573,1.43049,1.43059,1.00,1.00
2014.11.03 03:24:09.674,1.43043,1.43063,1.50,1.00
2014.11.03 03:24:09.725,1.43043,1.4306,1.00,1.00
2014.11.03 03:24:10.029,1.43042,1.43053,1.00,1.00
2014.11.03 03:24:10.080,1.43042,1.43056,1.00,1.00
2014.11.03 03:24:10.131,1.43044,1.43056,1.00,1.00
2014.11.03 03:24:10.183,1.43044,1.43058,1.00,1.00
2014.11.03 03:24:10.234,1.43052,1.43058,1.00,1.00
2014.11.03 03:24:10.285,1.43052,1.43065,1.00,1.00
2014.11.03 03:24:10.336,1.43056,1.43065,1.00,1.00
2014.11.03 03:24:10.387,1.43056,1.43067,1.00,1.00
2014.11.03 03:24:10.488,1.43054,1.43066,1.00,1.00
2014.11.03 03:24:10.691,1.4305,1.43066,1.00,1.50
2014.11.03 03:24:10.742,1.4305,1.43064,1.00,1.00
2014.11.03 03:24:10.803,1.43048,1.43064,1.00,1.00
2014.11.03 03:24:10.854,1.43048,1.43061,1.00,1.00
2014.11.03 03:24:11.158,1.43056,1.43068,1.00,1.00
2014.11.03 03:24:11.209,1.43052,1.43068,1.00,1.00
2014.11.03 03:24:11.412,1.43052,1.43064,1.00,1.00
2014.11.03 03:24:11.514,1.43052,1.43066,1.00,1.00
2014.11.03 03:24:11.565,1.43054,1.43066,1.00,1.00
2014.11.03 03:24:11.869,1.43058,1.43067,1.00,1.00
2014.11.03 03:24:12.174,1.43061,1.4307,1.00,1.00
2014.11.03 03:24:12.281,1.43061,1.43074,1.00,1.00
2014.11.03 03:24:13.506,1.43061,1.43075,1.00,1.00
2014.11.03 03:24:13.557,1.43063,1.43075,1.00,1.00
2014.11.03 03:24:13.710,1.43063,1.43077,1.00,1.00
2014.11.03 03:24:13.963,1.43066,1.43078,1.00,1.00
2014.11.03 03:24:33.119,1.43067,1.43078,1.00,1.00
2014.11.03 03:24:41.939,1.43066,1.43078,1.00,1.00
2014.11.03 03:24:51.897,1.43066,1.4308,1.00,1.00
2014.11.03 03:24:56.281,1.43067,1.43081,1.00,1.50
2014.11.03 03:24:56.332,1.43072,1.43081,1.00,1.50
2014.11.03 03:24:56.485,1.43072,1.43085,1.50,1.00
2014.11.03 03:24:56.536,1.43074,1.43085,1.00,1.00
2014.11.03 03:24:56.588,1.43074,1.43089,1.00,1.50
2014.11.03 03:24:56.892,1.43076,1.43089,1.00,1.00
2014.11.03 03:24:57.197,1.43082,1.4309,1.00,1.00
2014.11.03 03:24:57.350,1.4308,1.43096,1.00,1.00
2014.11.03 03:24:57.452,1.43088,1.43096,1.00,1.00
2014.11.03 03:24:57.503,1.43088,1.43098,1.00,1.00
2014.11.03 03:24:57.554,1.4309,1.43098,1.00,1.00
2014.11.03 03:24:57.606,1.4309,1.43101,1.00,1.00
2014.11.03 03:24:57.708,1.43089,1.43104,1.00,1.00
2014.11.03 03:24:57.910,1.43089,1.43101,1.00,1.00
2014.11.03 03:24:58.115,1.43086,1.43105,2.25,1.00
2014.11.03 03:24:58.216,1.43089,1.43105,1.00,1.00
2014.11.03 03:24:58.521,1.43091,1.43107,1.00,1.50
2014.11.03 03:24:58.876,1.43091,1.4311,1.50,1.00
2014.11.03 03:24:58.928,1.43091,1.43113,1.50,1.00
2014.11.03 03:24:59.146,1.43092,1.43111,1.00,1.00
2014.11.03 03:25:00.603,1.43096,1.43111,1.00,1.50
2014.11.03 03:25:00.859,1.43095,1.43114,1.00,2.25
2014.11.03 03:25:01.215,1.43095,1.43111,1.00,1.00
2014.11.03 03:25:03.603,1.43096,1.43111,1.00,1.00
2014.11.03 03:25:10.180,1.43094,1.43111,1.00,1.00
2014.11.03 03:25:10.536,1.43094,1.43114,1.00,2.25
2014.11.03 03:25:10.769,1.43094,1.4311,1.00,1.00
2014.11.03 03:25:18.806,1.43094,1.43111,1.00,1.50
2014.11.03 03:25:19.111,1.43081,1.43097,1.50,1.00
2014.11.03 03:25:19.314,1.43079,1.43097,1.50,1.00
2014.11.03 03:25:19.416,1.43076,1.43096,1.50,2.25
2014.11.03 03:25:19.468,1.43076,1.43094,1.50,1.50
2014.11.03 03:25:19.671,1.43073,1.43093,1.69,1.00
2014.11.03 03:25:19.928,1.43073,1.43091,1.69,1.00
2014.11.03 03:25:20.811,1.43073,1.43088,1.50,1.00
2014.11.03 03:25:21.065,1.43065,1.43082,1.00,1.00
2014.11.03 03:25:21.571,1.43066,1.43083,1.00,1.50
2014.11.03 03:25:22.096,1.43067,1.43083,1.00,1.00
2014.11.03 03:25:22.603,1.43067,1.43084,1.00,1.00
2014.11.03 03:25:22.654,1.43067,1.43086,1.00,1.00
2014.11.03 03:25:26.630,1.43067,1.43087,1.50,1.00
2014.11.03 03:25:26.682,1.4307,1.43087,1.00,1.00
2014.11.03 03:25:26.834,1.43072,1.43092,1.00,1.50
2014.11.03 03:25:26.936,1.43076,1.43092,1.00,1.00
2014.11.03 03:25:26.987,1.43076,1.43095,1.00,1.00
2014.11.03 03:25:29.452,1.43074,1.43095,1.50,1.00
2014.11.03 03:25:29.502,1.43074,1.43093,1.50,1.00
2014.11.03 03:25:29.807,1.43074,1.4309,1.00,1.00
2014.11.03 03:25:30.364,1.43074,1.43092,1.00,1.00
2014.11.03 03:25:30.694,1.43074,1.4309,1.00,1.00
2014.11.03 03:25:32.005,1.43075,1.4309,1.00,1.00
2014.11.03 03:25:39.299,1.43075,1.43091,1.00,1.00
2014.11.03 03:25:41.357,1.43075,1.43088,1.00,1.00
2014.11.03 03:25:41.560,1.43075,1.4309,1.00,1.50
2014.11.03 03:25:42.075,1.43075,1.43091,1.00,1.00
2014.11.03 03:25:52.880,1.43075,1.43089,1.00,1.00
2014.11.03 03:25:53.667,1.43072,1.43089,1.00,1.00
2014.11.03 03:25:59.159,1.43072,1.43092,1.50,1.00
2014.11.03 03:25:59.857,1.43076,1.43094,1.00,1.00
2014.11.03 03:26:02.140,1.43076,1.43092,1.00,1.00
2014.11.03 03:26:02.681,1.43076,1.43091,1.00,1.00
2014.11.03 03:26:03.663,1.43076,1.43094,1.00,1.00
2014.11.03 03:26:03.827,1.43077,1.43096,1.00,1.00
2014.11.03 03:26:04.132,1.43076,1.43093,1.00,1.00
2014.11.03 03:26:05.675,1.43076,1.43091,1.00,1.00
2014.11.03 03:26:06.067,1.43076,1.43089,1.00,1.00
2014.11.03 03:26:08.740,1.43078,1.43089,1.00,1.00
2014.11.03 03:26:08.842,1.43078,1.43092,1.00,1.00
2014.11.03 03:26:08.893,1.43078,1.43094,1.00,1.00
2014.11.03 03:26:08.995,1.43076,1.43094,1.00,1.00
2014.11.03 03:26:09.096,1.43074,1.43094,1.00,1.50
2014.11.03 03:26:10.399,1.43074,1.43091,1.00,1.00
2014.11.03 03:26:10.705,1.43074,1.43089,1.00,1.00
2014.11.03 03:26:10.810,1.43074,1.43091,1.00,1.00
2014.11.03 03:26:10.911,1.43074,1.43094,1.00,3.00
2014.11.03 03:26:12.392,1.43074,1.43091,1.00,1.00
2014.11.03 03:26:12.901,1.43073,1.43089,1.00,1.00
2014.11.03 03:26:14.809,1.43073,1.43091,1.00,1.50
2014.11.03 03:26:15.324,1.43073,1.4309,1.00,1.00
2014.11.03 03:26:15.805,1.43075,1.43093,1.00,1.50
2014.11.03 03:26:17.628,1.43075,1.43089,1.00,1.00
2014.11.03 03:26:23.580,1.43075,1.43093,1.00,3.00
2014.11.03 03:26:25.341,1.43075,1.43089,1.00,1.00
2014.11.03 03:26:40.447,1.43075,1.43093,1.00,1.50
2014.11.03 03:26:42.081,1.43075,1.4309,1.00,1.00
2014.11.03 03:26:44.408,1.43075,1.43087,1.00,1.00
2014.11.03 03:26:50.459,1.43076,1.43087,1.00,1.00
2014.11.03 03:27:05.980,1.43073,1.43087,1.00,1.00
2014.11.03 03:27:06.184,1.43073,1.43085,1.00,1.00
2014.11.03 03:27:06.286,1.43069,1.43084,1.00,1.00
2014.11.03 03:27:06.388,1.43066,1.43081,1.00,1.00
2014.11.03 03:27:06.490,1.43062,1.4308,1.00,1.00
2014.11.03 03:27:06.642,1.43062,1.43078,1.00,1.00
2014.11.03 03:27:06.845,1.43056,1.43074,1.50,1.00
2014.11.03 03:27:07.149,1.43052,1.4307,1.50,1.00
2014.11.03 03:27:07.605,1.4305,1.43068,1.00,1.00
2014.11.03 03:27:07.707,1.43046,1.43065,1.00,1.00
2014.11.03 03:27:07.809,1.43043,1.43065,1.19,1.00
2014.11.03 03:27:07.961,1.4304,1.43063,2.44,1.00
2014.11.03 03:27:08.063,1.43039,1.43061,1.19,1.00
2014.11.03 03:27:08.266,1.43042,1.4306,1.00,1.00
2014.11.03 03:27:08.927,1.43041,1.43059,1.00,1.00
2014.11.03 03:27:11.223,1.43041,1.43061,1.00,1.50
2014.11.03 03:27:19.069,1.43041,1.43054,1.00,1.00
2014.11.03 03:27:19.171,1.43038,1.43052,1.00,1.00
2014.11.03 03:27:19.273,1.43035,1.43052,1.00,1.50
2014.11.03 03:27:19.324,1.43031,1.43052,1.00,1.50
2014.11.03 03:27:19.375,1.43028,1.43051,1.00,1.00
2014.11.03 03:27:19.476,1.43029,1.43048,1.00,1.00
2014.11.03 03:27:19.932,1.43026,1.43045,1.25,1.50
2014.11.03 03:27:20.460,1.43025,1.43046,1.00,1.00
2014.11.03 03:27:20.991,1.43025,1.43045,1.00,1.50
2014.11.03 03:27:21.346,1.43023,1.43044,1.69,1.00
2014.11.03 03:27:23.183,1.43025,1.43044,1.00,1.00
2014.11.03 03:27:23.817,1.43023,1.43044,1.00,1.00
2014.11.03 03:27:24.325,1.43021,1.43045,1.19,1.50
2014.11.03 03:27:24.851,1.43021,1.43045,1.25,1.50
2014.11.03 03:27:25.855,1.43021,1.43045,1.19,1.50
2014.11.03 03:27:26.398,1.43021,1.43047,1.19,3.00
2014.11.03 03:27:27.958,1.43021,1.43047,1.19,3.00
2014.11.03 03:27:31.970,1.43021,1.43047,1.19,3.00
2014.11.03 03:27:32.867,1.43022,1.43048,1.69,1.00
2014.11.03 03:27:35.006,1.43021,1.43048,1.69,3.00
2014.11.03 03:27:35.057,1.43021,1.43046,1.69,1.00
2014.11.03 03:27:35.566,1.43022,1.43047,1.00,1.00
2014.11.03 03:27:36.106,1.43022,1.43046,1.25,1.00
2014.11.03 03:27:36.769,1.43022,1.43047,1.25,1.50
2014.11.03 03:27:37.288,1.43022,1.43047,1.19,1.00
2014.11.03 03:27:37.796,1.43023,1.43048,1.25,1.50
2014.11.03 03:27:38.354,1.43023,1.43049,1.25,3.75
2014.11.03 03:27:39.472,1.43023,1.43048,1.25,1.00
2014.11.03 03:27:40.008,1.43022,1.43048,1.69,2.25
2014.11.03 03:27:40.313,1.43023,1.43046,1.19,1.00
2014.11.03 03:27:40.736,1.43025,1.43048,1.00,3.00
2014.11.03 03:27:40.957,1.43023,1.43046,1.19,1.00
2014.11.03 03:27:41.491,1.43023,1.43046,1.00,1.00
2014.11.03 03:27:41.998,1.43022,1.43047,2.44,1.00
2014.11.03 03:27:45.891,1.43022,1.43045,1.25,1.00
2014.11.03 03:27:46.411,1.43022,1.43047,1.69,1.50
2014.11.03 03:27:46.918,1.43023,1.43046,1.00,1.00
2014.11.03 03:27:48.469,1.43024,1.43046,1.00,1.00
2014.11.03 03:27:48.993,1.43023,1.43047,1.50,1.50
2014.11.03 03:27:50.067,1.43025,1.43047,1.00,1.50
2014.11.03 03:27:50.573,1.43025,1.43048,1.00,1.50
2014.11.03 03:27:51.999,1.43027,1.43048,1.00,1.00
2014.11.03 03:27:52.628,1.43026,1.43048,1.00,1.00
2014.11.03 03:27:52.934,1.43022,1.43045,1.69,1.00
2014.11.03 03:27:53.441,1.43023,1.43044,1.69,1.00
2014.11.03 03:27:54.335,1.43024,1.43047,1.00,3.00
2014.11.03 03:27:54.891,1.43025,1.43047,1.00,3.00
2014.11.03 03:27:56.220,1.43026,1.43048,1.00,1.00
2014.11.03 03:27:56.322,1.43025,1.43046,1.00,1.50
2014.11.03 03:27:56.649,1.43019,1.43039,1.25,1.00
2014.11.03 03:27:56.903,1.4302,1.43041,1.00,1.00
2014.11.03 03:27:57.005,1.43019,1.43039,1.25,1.00
2014.11.03 03:27:58.620,1.43023,1.43039,1.00,1.00
2014.11.03 03:27:58.671,1.43023,1.43041,1.00,1.00
2014.11.03 03:27:58.722,1.43028,1.43041,1.00,1.00
2014.11.03 03:27:58.875,1.43032,1.43048,1.00,1.00
2014.11.03 03:27:59.078,1.43031,1.4305,1.00,1.00
2014.11.03 03:27:59.331,1.43031,1.43052,1.50,1.00
2014.11.03 03:27:59.537,1.43034,1.43052,1.00,1.00
2014.11.03 03:27:59.639,1.43034,1.43054,1.00,1.50
2014.11.03 03:27:59.741,1.43034,1.43052,1.00,1.00
2014.11.03 03:27:59.842,1.43034,1.43054,1.00,1.00
2014.11.03 03:27:59.994,1.43034,1.43051,1.00,1.00
2014.11.03 03:28:01.228,1.43037,1.43051,1.00,1.00
2014.11.03 03:28:01.279,1.43037,1.43055,1.50,1.00
2014.11.03 03:28:01.380,1.43037,1.43052,1.00,1.00
2014.11.03 03:28:01.534,1.43039,1.43057,1.00,1.50
2014.11.03 03:28:01.839,1.43043,1.43061,1.00,1.00
2014.11.03 03:28:06.215,1.43044,1.43062,1.00,1.00
2014.11.03 03:28:06.808,1.43043,1.43061,1.00,1.00
2014.11.03 03:28:08.197,1.4304,1.4306,1.50,1.00
2014.11.03 03:28:09.168,1.43042,1.4306,1.00,1.00
2014.11.03 03:28:09.522,1.43042,1.43062,1.50,1.00
2014.11.03 03:28:17.439,1.43045,1.43063,1.00,1.00
2014.11.03 03:28:17.997,1.43044,1.43062,1.00,1.00
2014.11.03 03:28:18.503,1.43043,1.43062,1.00,1.00
2014.11.03 03:28:21.013,1.43043,1.43062,1.19,1.00
2014.11.03 03:28:21.318,1.43047,1.43064,1.00,1.00
2014.11.03 03:28:21.420,1.43048,1.43067,1.00,1.00
2014.11.03 03:28:21.978,1.43049,1.43069,1.00,1.00
2014.11.03 03:28:28.560,1.43049,1.43068,1.00,1.00
2014.11.03 03:28:33.169,1.43049,1.43069,1.00,1.50
2014.11.03 03:28:40.669,1.43048,1.43065,1.00,1.00
2014.11.03 03:28:40.770,1.43048,1.43067,1.00,1.00
2014.11.03 03:28:41.975,1.4305,1.43068,1.00,1.00
2014.11.03 03:28:43.864,1.43048,1.43066,1.50,1.00
2014.11.03 03:28:44.168,1.4305,1.43068,1.00,1.00
2014.11.03 03:28:52.204,1.43048,1.43066,1.00,1.00
2014.11.03 03:28:52.730,1.43048,1.43067,1.00,1.00
2014.11.03 03:28:53.491,1.43049,1.43067,1.00,1.00
2014.11.03 03:28:55.518,1.43051,1.43069,1.00,1.00
2014.11.03 03:28:55.620,1.43049,1.43068,1.00,1.00
2014.11.03 03:28:56.170,1.4305,1.4307,1.00,2.25
2014.11.03 03:29:05.756,1.43049,1.43067,1.00,1.00
2014.11.03 03:29:05.960,1.43049,1.4307,1.00,2.25
2014.11.03 03:29:06.163,1.43049,1.43068,1.00,1.00
2014.11.03 03:29:06.265,1.43049,1.4307,1.00,1.50
2014.11.03 03:29:06.767,1.43049,1.4307,1.00,1.69
2014.11.03 03:29:07.427,1.43049,1.4307,1.00,1.50
2014.11.03 03:29:11.263,1.43049,1.43069,1.00,1.00
2014.11.03 03:29:15.223,1.43049,1.43069,1.00,1.69
2014.11.03 03:29:17.226,1.43049,1.43069,1.00,1.50
2014.11.03 03:29:18.748,1.43051,1.43071,1.00,3.94
2014.11.03 03:29:19.433,1.43051,1.43071,1.00,3.19
2014.11.03 03:29:20.433,1.43051,1.43071,1.00,3.19
2014.11.03 03:29:28.767,1.43051,1.4307,1.00,1.00
2014.11.03 03:29:31.396,1.43048,1.43069,1.00,1.00
2014.11.03 03:29:31.904,1.43048,1.43068,1.00,1.00
2014.11.03 03:29:35.094,1.4305,1.43066,1.00,1.00
2014.11.03 03:29:35.548,1.43048,1.43066,1.00,2.25
2014.11.03 03:29:35.651,1.43045,1.4306,1.00,1.00
2014.11.03 03:29:35.905,1.43048,1.43064,1.00,1.00
2014.11.03 03:29:36.209,1.43049,1.43067,1.00,1.50
2014.11.03 03:29:38.284,1.43049,1.43065,1.00,1.00
2014.11.03 03:29:51.544,1.43049,1.43064,1.00,1.00
2014.11.03 03:29:54.387,1.43049,1.43065,1.00,1.00
2014.11.03 03:29:58.440,1.43049,1.43064,1.00,1.00
2014.11.03 03:30:04.226,1.43049,1.43061,1.00,1.00
2014.11.03 03:30:04.328,1.43049,1.43063,1.00,1.00
2014.11.03 03:30:04.430,1.43049,1.43061,1.00,1.00
2014.11.03 03:30:04.582,1.43045,1.43059,1.00,1.00
2014.11.03 03:30:04.735,1.43048,1.43059,1.00,1.00
2014.11.03 03:30:11.013,1.43044,1.4306,1.00,1.00
2014.11.03 03:30:11.217,1.43047,1.4306,1.00,1.00
2014.11.03 03:30:11.318,1.43043,1.4306,1.00,1.00
2014.11.03 03:30:11.774,1.43042,1.43058,1.00,1.00
2014.11.03 03:30:12.280,1.43043,1.43059,1.00,1.00
2014.11.03 03:30:12.834,1.4304,1.43058,1.50,1.00
2014.11.03 03:30:13.045,1.43038,1.43054,1.00,1.00
2014.11.03 03:30:13.401,1.43039,1.43057,1.00,1.00
2014.11.03 03:30:13.502,1.43041,1.43057,1.00,1.00
2014.11.03 03:30:13.806,1.43041,1.43053,1.00,1.00
2014.11.03 03:30:13.858,1.43037,1.43053,1.50,1.00
2014.11.03 03:30:13.960,1.43035,1.43053,1.00,1.50
2014.11.03 03:30:14.061,1.43035,1.43051,1.00,1.00
2014.11.03 03:30:14.467,1.43036,1.43047,1.00,1.00
2014.11.03 03:30:14.518,1.43032,1.43046,1.00,1.00
2014.11.03 03:30:14.620,1.43029,1.43046,1.00,1.00
2014.11.03 03:30:14.721,1.43027,1.43046,1.00,2.25
2014.11.03 03:30:14.924,1.43026,1.43044,1.00,1.00
2014.11.03 03:30:37.607,1.43026,1.43046,1.00,1.00
2014.11.03 03:30:38.115,1.43026,1.43047,1.00,1.69
2014.11.03 03:30:38.217,1.43027,1.43045,1.50,1.00
2014.11.03 03:30:38.607,1.43036,1.43052,1.00,1.00
2014.11.03 03:30:41.896,1.43038,1.43052,1.00,1.00
2014.11.03 03:30:42.507,1.43038,1.43051,1.00,1.00
2014.11.03 03:30:42.711,1.43038,1.43054,1.00,1.00
2014.11.03 03:30:42.813,1.43038,1.4305,1.00,1.00
2014.11.03 03:30:43.989,1.43036,1.4305,1.00,1.00
2014.11.03 03:30:46.228,1.43036,1.43047,1.00,1.00
2014.11.03 03:30:46.279,1.43032,1.43047,1.00,1.00
2014.11.03 03:30:46.381,1.43027,1.43045,1.00,1.00
2014.11.03 03:30:46.433,1.43027,1.43043,1.00,1.50
2014.11.03 03:30:46.737,1.43027,1.43045,1.00,1.50
2014.11.03 03:30:46.839,1.43029,1.43046,1.00,1.00
2014.11.03 03:30:47.143,1.43029,1.43044,1.00,1.50
2014.11.03 03:30:47.195,1.43026,1.43044,1.00,1.50
2014.11.03 03:30:47.509,1.43024,1.43044,1.25,2.25
2014.11.03 03:30:48.014,1.43024,1.43043,1.00,1.00
2014.11.03 03:30:49.176,1.43026,1.43043,1.00,1.00
2014.11.03 03:30:49.480,1.43031,1.43048,1.00,1.00
2014.11.03 03:30:50.306,1.43031,1.43049,1.00,1.00
2014.11.03 03:30:50.615,1.43034,1.43051,1.00,1.00
2014.11.03 03:30:52.438,1.43036,1.43051,1.00,1.00
2014.11.03 03:30:53.955,1.43036,1.43054,1.00,1.00
2014.11.03 03:30:54.462,1.43036,1.43053,1.00,1.00
2014.11.03 03:30:59.566,1.43036,1.43054,1.00,1.00
2014.11.03 03:30:59.668,1.43036,1.43051,1.00,1.00
2014.11.03 03:31:00.681,1.43038,1.43051,1.19,1.00
2014.11.03 03:31:00.934,1.43039,1.43055,1.00,1.00
2014.11.03 03:31:01.391,1.43039,1.43057,1.00,1.50
2014.11.03 03:31:02.408,1.43039,1.43052,1.00,1.00
2014.11.03 03:31:02.560,1.43035,1.43049,1.00,1.00
2014.11.03 03:31:02.662,1.43035,1.43047,1.00,1.00
2014.11.03 03:31:02.815,1.43029,1.43045,1.00,1.00
2014.11.03 03:31:03.018,1.43031,1.43045,1.00,1.00
2014.11.03 03:31:03.222,1.43028,1.43045,1.00,1.00
2014.11.03 03:31:03.374,1.43027,1.4304,1.00,1.00
2014.11.03 03:31:03.476,1.43024,1.4304,1.00,1.00
2014.11.03 03:31:03.805,1.43021,1.4304,1.00,1.50
2014.11.03 03:31:04.996,1.43023,1.43041,1.00,1.00
2014.11.03 03:31:05.199,1.43021,1.43042,1.50,1.00
2014.11.03 03:31:05.300,1.43024,1.43042,1.00,1.00
2014.11.03 03:31:05.453,1.43023,1.43044,1.00,1.00
2014.11.03 03:31:05.964,1.43023,1.43043,1.00,1.00
2014.11.03 03:31:06.495,1.43023,1.43044,1.00,1.00
2014.11.03 03:31:07.158,1.43023,1.43043,1.00,1.00
2014.11.03 03:31:08.178,1.43026,1.43045,1.00,1.50
2014.11.03 03:31:08.330,1.43027,1.43047,1.00,1.50
2014.11.03 03:31:10.586,1.43037,1.43047,1.00,1.00
2014.11.03 03:31:10.790,1.43035,1.43048,1.00,1.00
2014.11.03 03:31:10.842,1.43035,1.43051,1.00,1.00
2014.11.03 03:31:10.943,1.43035,1.43054,1.19,1.00
2014.11.03 03:31:10.994,1.4304,1.43054,1.00,1.00
2014.11.03 03:31:11.300,1.43045,1.43055,1.00,1.00
2014.11.03 03:31:11.351,1.43041,1.43055,1.50,1.00
2014.11.03 03:31:11.605,1.43038,1.43054,1.00,1.00
2014.11.03 03:31:11.708,1.43034,1.43052,1.00,1.00
2014.11.03 03:31:11.810,1.43032,1.4305,1.00,1.00
2014.11.03 03:31:12.897,1.43033,1.4305,1.00,1.00
2014.11.03 03:31:13.917,1.43028,1.43048,1.00,1.00
2014.11.03 03:31:14.339,1.43031,1.43049,1.00,1.00
2014.11.03 03:31:19.569,1.43031,1.43049,1.00,1.19
2014.11.03 03:31:19.621,1.43028,1.43048,1.00,1.19
2014.11.03 03:31:19.722,1.43026,1.43044,1.00,1.00
2014.11.03 03:31:19.887,1.43024,1.43044,1.00,1.00
2014.11.03 03:31:20.040,1.43022,1.43043,1.00,1.00
2014.11.03 03:31:20.294,1.43024,1.43042,1.00,1.00
2014.11.03 03:31:22.589,1.43026,1.43044,1.00,1.00
2014.11.03 03:31:22.895,1.4303,1.43048,1.00,1.00
2014.11.03 03:31:40.297,1.43031,1.43049,1.00,1.00
2014.11.03 03:31:48.226,1.43033,1.43051,1.00,1.00
2014.11.03 03:31:48.536,1.43035,1.43053,1.00,1.00
2014.11.03 03:32:10.048,1.43035,1.43052,1.00,1.00
2014.11.03 03:32:10.353,1.4303,1.43046,1.00,1.00
2014.11.03 03:32:10.657,1.43028,1.43044,1.00,1.00
2014.11.03 03:32:11.011,1.4303,1.43046,1.00,1.00
2014.11.03 03:32:11.315,1.43032,1.4305,1.00,1.00
2014.11.03 03:32:12.427,1.4303,1.43048,1.00,1.00
2014.11.03 03:32:12.732,1.43027,1.43043,1.00,1.00
2014.11.03 03:32:12.986,1.43027,1.43045,1.00,1.00
2014.11.03 03:32:14.309,1.4303,1.43046,1.00,1.00
2014.11.03 03:32:14.410,1.43032,1.4305,1.00,1.00
2014.11.03 03:32:14.613,1.43034,1.43052,1.00,1.00
2014.11.03 03:32:32.452,1.43037,1.43053,1.00,1.00
2014.11.03 03:32:32.655,1.43041,1.43059,1.00,2.25
2014.11.03 03:32:32.757,1.43044,1.43059,1.00,1.00
2014.11.03 03:32:33.305,1.43044,1.4306,1.00,1.00
2014.11.03 03:32:38.158,1.43042,1.4306,1.00,1.00
2014.11.03 03:32:51.447,1.43044,1.4306,1.00,1.00
2014.11.03 03:32:55.423,1.43042,1.4306,1.00,1.00
2014.11.03 03:32:55.524,1.43044,1.4306,1.00,1.00
2014.11.03 03:32:56.438,1.43047,1.43063,1.00,1.50
2014.11.03 03:32:56.743,1.43047,1.43065,1.00,1.50
2014.11.03 03:32:57.249,1.43048,1.43066,1.00,1.00
2014.11.03 03:32:57.771,1.43049,1.43065,1.00,1.50
2014.11.03 03:32:58.306,1.43051,1.43067,1.10,1.00
2014.11.03 03:32:58.847,1.43049,1.43067,1.15,1.00
2014.11.03 03:33:00.621,1.43049,1.43067,1.15,1.00
2014.11.03 03:33:01.696,1.43049,1.43067,1.15,1.00
2014.11.03 03:33:03.226,1.4305,1.43068,1.20,1.00
2014.11.03 03:33:16.643,1.43052,1.4307,1.00,1.00
2014.11.03 03:33:17.150,1.43052,1.43071,1.00,1.50
2014.11.03 03:33:17.845,1.43055,1.43072,1.00,1.00
2014.11.03 03:33:20.074,1.43051,1.43072,1.00,2.25
2014.11.03 03:33:20.378,1.43051,1.4307,1.00,1.00
2014.11.03 03:33:24.915,1.43055,1.4307,1.00,1.00
2014.11.03 03:33:26.465,1.43051,1.4307,1.00,1.00
2014.11.03 03:33:34.568,1.43051,1.43069,1.10,1.00
2014.11.03 03:33:38.526,1.43048,1.43068,1.65,1.00
2014.11.03 03:33:51.595,1.43048,1.43068,1.65,1.50
2014.11.03 03:33:55.056,1.43049,1.43069,1.15,1.00
2014.11.03 03:34:04.608,1.43049,1.43067,1.65,1.00
2014.11.03 03:34:06.935,1.43051,1.43069,1.10,1.50
2014.11.03 03:34:07.596,1.4305,1.43067,1.17,1.00
2014.11.03 03:34:11.058,1.43053,1.43067,1.00,1.00
2014.11.03 03:34:11.594,1.43052,1.43067,1.50,1.00
2014.11.03 03:34:14.038,1.4305,1.43067,1.09,1.00
2014.11.03 03:34:17.842,1.43049,1.43067,1.84,1.00
2014.11.03 03:34:21.886,1.4305,1.43067,1.09,1.00
2014.11.03 03:34:22.454,1.43048,1.43066,1.15,1.00
2014.11.03 03:34:22.965,1.43048,1.43066,1.15,1.50
2014.11.03 03:34:24.382,1.43048,1.43065,1.15,1.00
2014.11.03 03:34:24.687,1.4304,1.43056,1.69,1.00
2014.11.03 03:34:25.627,1.4304,1.43056,1.50,1.00
2014.11.03 03:34:38.908,1.43041,1.43056,1.00,1.00
2014.11.03 03:34:38.959,1.43042,1.43058,1.50,1.00
2014.11.03 03:34:39.113,1.43044,1.43058,1.00,1.00
2014.11.03 03:34:39.164,1.43045,1.4306,1.00,1.00
2014.11.03 03:34:39.265,1.43046,1.43062,1.00,1.00
2014.11.03 03:34:39.418,1.43048,1.43062,1.00,1.00
2014.11.03 03:34:40.048,1.43048,1.43065,1.00,1.00
2014.11.03 03:34:40.560,1.43047,1.43065,1.50,1.00
2014.11.03 03:34:40.713,1.43047,1.43062,1.00,1.00
2014.11.03 03:34:40.917,1.43042,1.43058,1.50,1.00
2014.11.03 03:34:41.272,1.43036,1.43052,1.00,1.00
2014.11.03 03:34:46.187,1.43036,1.43054,1.00,1.00
2014.11.03 03:34:50.139,1.43033,1.43051,1.50,1.00
2014.11.03 03:34:50.444,1.43033,1.43049,1.00,1.00
2014.11.03 03:34:53.137,1.43033,1.43047,1.00,1.00
2014.11.03 03:34:58.149,1.4303,1.43047,2.44,1.00
2014.11.03 03:35:00.031,1.4303,1.43049,2.44,1.00
2014.11.03 03:35:06.017,1.43031,1.43049,1.00,1.00
2014.11.03 03:35:06.590,1.4303,1.43049,1.69,1.00
2014.11.03 03:35:27.828,1.4303,1.43049,1.69,1.00
2014.11.03 03:35:30.853,1.4303,1.43049,1.50,1.00
2014.11.03 03:35:38.176,1.4303,1.43046,1.00,1.00
2014.11.03 03:35:38.385,1.43028,1.43046,1.00,1.00
2014.11.03 03:35:38.437,1.43028,1.43044,1.00,1.00
2014.11.03 03:35:38.946,1.43028,1.43045,1.00,1.00
2014.11.03 03:35:42.691,1.43029,1.43045,1.00,1.00
2014.11.03 03:35:51.271,1.43026,1.43045,1.50,1.00
2014.11.03 03:35:53.441,1.43027,1.43045,1.00,1.00
2014.11.03 03:35:57.157,1.43027,1.43042,1.00,1.00
2014.11.03 03:35:57.208,1.43025,1.43042,1.00,1.00
2014.11.03 03:35:57.259,1.43023,1.43039,1.00,1.00
2014.11.03 03:35:57.361,1.43023,1.43042,1.00,1.00
2014.11.03 03:35:57.463,1.43025,1.43042,1.00,1.00
2014.11.03 03:35:57.818,1.43026,1.43044,1.00,1.00
2014.11.03 03:35:58.332,1.43027,1.43044,1.00,1.00
2014.11.03 03:36:11.101,1.43027,1.43043,1.00,1.00
2014.11.03 03:36:11.152,1.43024,1.43043,1.00,1.00
2014.11.03 03:36:11.204,1.43022,1.43039,1.25,1.00
2014.11.03 03:36:11.509,1.4302,1.43037,1.00,1.00
2014.11.03 03:36:11.661,1.4302,1.43039,1.50,1.00
2014.11.03 03:36:12.184,1.43022,1.43039,1.00,1.00
2014.11.03 03:36:12.438,1.43024,1.43044,1.00,1.00
2014.11.03 03:36:17.363,1.43022,1.43042,1.00,1.00
2014.11.03 03:36:17.722,1.43024,1.4304,1.00,1.00
2014.11.03 03:36:18.575,1.43025,1.43043,1.00,1.00
2014.11.03 03:36:23.744,1.43026,1.43044,1.00,1.00
2014.11.03 03:36:34.680,1.43026,1.43042,1.00,1.00
2014.11.03 03:36:34.985,1.43024,1.4304,1.00,1.00
2014.11.03 03:36:42.703,1.43021,1.43039,1.00,1.00
2014.11.03 03:36:46.670,1.43021,1.43037,1.00,1.00
2014.11.03 03:36:51.803,1.43019,1.43035,1.00,1.00
2014.11.03 03:37:01.505,1.43021,1.43037,1.00,1.00
2014.11.03 03:37:05.790,1.43023,1.43039,1.00,1.00
2014.11.03 03:37:06.298,1.43024,1.4304,1.00,1.00
2014.11.03 03:37:12.166,1.43022,1.4304,1.00,1.00
2014.11.03 03:37:23.376,1.43023,1.4304,1.00,1.00
2014.11.03 03:37:23.478,1.43024,1.43042,1.00,1.00
2014.11.03 03:37:23.581,1.43026,1.43042,1.00,1.00
2014.11.03 03:37:37.471,1.43028,1.43044,1.00,1.00
2014.11.03 03:37:37.775,1.43032,1.43048,1.00,1.00
2014.11.03 03:37:39.913,1.43032,1.43042,1.00,1.00
2014.11.03 03:37:40.015,1.43029,1.43043,1.00,1.00
2014.11.03 03:37:40.571,1.43028,1.43043,1.00,1.00
2014.11.03 03:37:43.709,1.43026,1.43043,1.00,1.00
2014.11.03 03:37:44.191,1.43029,1.43042,1.00,1.50
2014.11.03 03:37:45.074,1.43027,1.43045,1.00,1.00
2014.11.03 03:37:45.175,1.43031,1.43042,1.00,1.00
2014.11.03 03:37:45.277,1.43032,1.43045,1.00,1.00
2014.11.03 03:37:45.380,1.4303,1.43043,1.00,1.00
2014.11.03 03:37:45.481,1.4303,1.43046,1.00,2.25
2014.11.03 03:37:45.583,1.4303,1.43043,1.00,1.00
2014.11.03 03:37:45.837,1.43027,1.43043,1.00,1.50
2014.11.03 03:37:46.343,1.43028,1.43042,1.00,1.00
2014.11.03 03:37:46.913,1.43028,1.43043,1.00,1.50
2014.11.03 03:37:47.456,1.43029,1.43043,1.00,1.50
2014.11.03 03:37:47.608,1.43027,1.43042,1.00,1.00
2014.11.03 03:37:48.537,1.43027,1.43043,1.00,1.50
2014.11.03 03:37:49.652,1.43027,1.43042,1.00,1.00
2014.11.03 03:37:50.107,1.4303,1.43043,1.00,1.50
2014.11.03 03:37:50.209,1.43027,1.43042,1.00,1.00
2014.11.03 03:37:51.575,1.43027,1.43043,1.00,1.50
2014.11.03 03:37:52.071,1.43029,1.43042,1.00,1.00
2014.11.03 03:37:52.223,1.43027,1.43042,1.00,1.00
2014.11.03 03:37:52.724,1.43027,1.43043,1.00,1.50
2014.11.03 03:37:53.440,1.43027,1.43042,1.00,1.00
2014.11.03 03:37:54.079,1.43023,1.43039,1.00,1.00
2014.11.03 03:37:54.129,1.43022,1.43036,1.00,1.00
2014.11.03 03:37:54.180,1.43018,1.43034,1.00,1.00
2014.11.03 03:37:56.512,1.43015,1.43033,1.50,1.00
2014.11.03 03:37:56.911,1.43017,1.43035,1.00,1.00
2014.11.03 03:37:58.552,1.43017,1.43035,1.00,1.19
2014.11.03 03:37:58.868,1.43008,1.43022,1.00,1.00
2014.11.03 03:37:58.919,1.43003,1.43022,1.00,1.00
2014.11.03 03:37:59.021,1.43001,1.43021,1.00,1.00
2014.11.03 03:38:00.989,1.43003,1.43021,1.00,1.00
2014.11.03 03:38:02.330,1.43001,1.43019,1.00,1.00
2014.11.03 03:38:02.738,1.43002,1.43021,1.00,1.50
2014.11.03 03:38:03.336,1.43002,1.43019,1.00,1.00
2014.11.03 03:38:04.109,1.43002,1.43021,1.00,1.00
2014.11.03 03:38:04.625,1.43003,1.43022,1.00,1.00
2014.11.03 03:38:04.953,1.43003,1.43024,1.50,2.25
2014.11.03 03:38:06.938,1.43005,1.43024,1.00,1.50
2014.11.03 03:38:07.141,1.43003,1.43024,1.00,1.00
2014.11.03 03:38:10.780,1.43003,1.43023,1.00,1.00
2014.11.03 03:38:11.288,1.43003,1.43024,1.00,1.50
2014.11.03 03:38:15.352,1.43002,1.4302,1.00,1.00
2014.11.03 03:38:15.662,1.43001,1.43018,1.00,1.00
2014.11.03 03:38:17.619,1.42999,1.43017,1.00,1.00
2014.11.03 03:38:18.596,1.42997,1.43015,1.50,1.00
2014.11.03 03:38:19.280,1.42998,1.43018,1.00,2.25
2014.11.03 03:38:19.585,1.43,1.43019,1.00,1.00
2014.11.03 03:38:19.839,1.42998,1.43018,1.00,1.00
2014.11.03 03:38:21.351,1.42998,1.43016,1.00,1.00
2014.11.03 03:38:21.810,1.42996,1.43014,1.00,1.00
2014.11.03 03:38:21.912,1.42998,1.43018,1.00,1.19
2014.11.03 03:38:22.732,1.42998,1.43018,1.00,1.25
2014.11.03 03:38:23.296,1.42999,1.43019,1.00,1.19
2014.11.03 03:38:23.802,1.42999,1.43019,1.00,1.00
2014.11.03 03:38:24.309,1.42999,1.43018,1.00,1.00
2014.11.03 03:38:24.846,1.42999,1.43019,1.00,1.00
2014.11.03 03:38:25.334,1.42999,1.43017,1.00,1.00
2014.11.03 03:38:27.536,1.43,1.4302,1.00,1.19
2014.11.03 03:38:28.075,1.43,1.4302,1.00,1.25
2014.11.03 03:38:29.580,1.43,1.43018,1.00,1.00
2014.11.03 03:38:30.203,1.43,1.43017,1.00,1.00
2014.11.03 03:38:30.254,1.42997,1.43015,1.00,1.00
2014.11.03 03:38:30.715,1.42999,1.43017,1.00,1.00
2014.11.03 03:38:31.019,1.42997,1.43015,1.00,1.00
2014.11.03 03:38:32.911,1.43,1.43017,1.00,1.25
2014.11.03 03:38:33.927,1.43,1.43016,1.00,1.00
2014.11.03 03:38:47.757,1.43,1.43018,1.00,2.44
2014.11.03 03:38:48.527,1.43,1.43018,1.00,2.44
2014.11.03 03:38:53.198,1.43,1.43018,1.00,1.69
2014.11.03 03:38:55.178,1.43,1.43018,1.00,1.69
2014.11.03 03:38:56.199,1.43,1.43018,1.00,1.69
2014.11.03 03:39:30.525,1.43,1.43017,1.00,1.50
2014.11.03 03:39:31.032,1.43,1.43018,1.00,1.50
2014.11.03 03:39:32.911,1.42994,1.43018,1.69,1.00
2014.11.03 03:39:34.339,1.42994,1.43019,2.44,1.00
2014.11.03 03:39:35.476,1.42994,1.43019,2.25,1.00
2014.11.03 03:39:37.478,1.42994,1.43019,3.19,1.00
2014.11.03 03:39:39.252,1.42994,1.43022,3.19,1.69
2014.11.03 03:39:39.809,1.42994,1.43022,3.00,1.69
2014.11.03 03:39:40.115,1.42991,1.43011,1.00,1.69
2014.11.03 03:39:40.217,1.42993,1.43013,2.25,1.50
2014.11.03 03:39:40.572,1.42996,1.43016,1.00,1.00
2014.11.03 03:39:40.876,1.43001,1.43019,1.00,1.25
2014.11.03 03:39:48.255,1.43001,1.4302,1.00,1.00
2014.11.03 03:39:48.761,1.43001,1.43021,1.00,1.00
2014.11.03 03:39:49.334,1.43004,1.43022,1.00,1.00
2014.11.03 03:40:05.871,1.43005,1.43023,1.00,1.00
2014.11.03 03:40:06.200,1.43005,1.43021,1.00,1.00
2014.11.03 03:40:14.981,1.43005,1.4302,1.00,1.00
2014.11.03 03:40:17.840,1.43004,1.4302,1.00,1.00
2014.11.03 03:40:18.372,1.43005,1.43018,1.00,1.00
2014.11.03 03:40:18.525,1.43003,1.43018,1.00,1.00
2014.11.03 03:40:18.627,1.42999,1.43015,1.00,1.00
2014.11.03 03:40:18.830,1.43004,1.43015,1.00,1.00
2014.11.03 03:40:19.839,1.43005,1.4302,1.00,1.00
2014.11.03 03:40:20.142,1.43006,1.43022,1.00,1.50
2014.11.03 03:40:20.396,1.43008,1.43023,1.00,1.00
