2016.06.30 09:00:00.056,1.49421,1.49446,1.00,1.00
2016.06.30 09:00:00.158,1.49417,1.49442,1.00,1.00
2016.06.30 09:00:01.154,1.49415,1.4944,1.00,1.00
2016.06.30 09:00:01.459,1.49417,1.49442,1.00,1.00
2016.06.30 09:00:02.593,1.49425,1.49445,1.00,1.00
2016.06.30 09:00:02.644,1.49428,1.4945,1.00,1.00
2016.06.30 09:00:02.746,1.49426,1.49448,1.00,1.00
2016.06.30 09:00:02.848,1.49429,1.49453,1.00,1.00
2016.06.30 09:00:03.048,1.49425,1.49448,1.00,1.00
2016.06.30 09:00:03.100,1.49422,1.49447,1.00,1.00
2016.06.30 09:00:03.202,1.49421,1.49444,1.00,1.00
2016.06.30 09:00:03.508,1.49422,1.49447,1.00,1.50
2016.06.30 09:00:03.712,1.49424,1.49447,1.00,1.00
2016.06.30 09:00:04.055,1.49426,1.49451,1.00,1.00
2016.06.30 09:00:04.158,1.49423,1.49448,1.00,1.00
2016.06.30 09:00:04.463,1.49419,1.49442,1.00,1.00
2016.06.30 09:00:04.769,1.49418,1.4944,1.00,1.00
2016.06.30 09:00:05.111,1.49416,1.49439,1.00,1.00
2016.06.30 09:00:05.163,1.49414,1.49437,1.00,1.00
2016.06.30 09:00:05.214,1.49415,1.4944,1.00,1.12
2016.06.30 09:00:05.265,1.49411,1.49436,1.00,1.00
2016.06.30 09:00:05.571,1.49414,1.49437,1.00,1.00
2016.06.30 09:00:05.966,1.49419,1.49437,1.00,1.00
2016.06.30 09:00:06.477,1.49419,1.49436,1.00,1.00
2016.06.30 09:00:06.579,1.49416,1.49436,1.00,1.00
2016.06.30 09:00:06.681,1.49414,1.49438,1.00,2.25
2016.06.30 09:00:06.732,1.49418,1.49438,1.00,1.50
2016.06.30 09:00:06.886,1.49424,1.49446,1.00,1.75
2016.06.30 09:00:07.071,1.49429,1.49449,1.00,1.00
2016.06.30 09:00:07.224,1.49428,1.49447,1.00,1.00
2016.06.30 09:00:07.376,1.49419,1.49442,2.62,1.00
2016.06.30 09:00:07.630,1.4942,1.49442,2.62,1.00
2016.06.30 09:00:08.445,1.49421,1.49444,1.87,1.00
2016.06.30 09:00:09.207,1.49421,1.49439,1.12,1.00
2016.06.30 09:00:09.438,1.49415,1.49437,1.12,1.00
2016.06.30 09:00:09.490,1.49411,1.49433,1.50,1.00
2016.06.30 09:00:09.542,1.49416,1.49437,1.00,1.00
2016.06.30 09:00:09.593,1.49417,1.49439,1.12,1.37
2016.06.30 09:00:09.898,1.49414,1.49436,1.12,1.12
2016.06.30 09:00:10.204,1.49414,1.49438,1.12,1.50
2016.06.30 09:00:10.806,1.49416,1.49438,1.12,1.12
2016.06.30 09:00:11.313,1.49418,1.4944,1.12,1.75
2016.06.30 09:00:11.465,1.49418,1.49442,1.12,2.25
2016.06.30 09:00:11.851,1.49418,1.49439,1.12,1.87
2016.06.30 09:00:12.218,1.49414,1.49437,1.75,1.00
2016.06.30 09:00:12.269,1.49414,1.49437,1.00,1.00
2016.06.30 09:00:12.320,1.49415,1.4944,1.00,3.00
2016.06.30 09:00:12.472,1.49414,1.49437,1.00,1.00
2016.06.30 09:00:12.777,1.4941,1.49433,1.75,1.00
2016.06.30 09:00:13.056,1.49412,1.49435,1.10,2.25
2016.06.30 09:00:13.120,1.49415,1.49438,1.00,1.75
2016.06.30 09:00:13.578,1.49415,1.49438,2.25,1.12
2016.06.30 09:00:13.629,1.49417,1.49439,1.37,1.37
2016.06.30 09:00:13.832,1.49418,1.4944,1.20,1.50
2016.06.30 09:00:14.380,1.49417,1.49439,1.47,1.50
2016.06.30 09:00:14.887,1.49417,1.49439,1.20,1.50
2016.06.30 09:00:15.040,1.49417,1.49439,1.47,1.50
2016.06.30 09:00:15.373,1.49414,1.49439,1.12,2.25
2016.06.30 09:00:15.475,1.49414,1.49439,1.37,3.00
2016.06.30 09:00:15.780,1.49422,1.49438,1.50,1.00
2016.06.30 09:00:16.135,1.49416,1.49438,1.00,1.00
2016.06.30 09:00:16.638,1.49415,1.49438,1.00,1.00
2016.06.30 09:00:16.689,1.49414,1.49435,1.10,1.00
2016.06.30 09:00:16.893,1.49409,1.49433,1.95,1.00
2016.06.30 09:00:17.400,1.49408,1.49433,1.00,1.50
2016.06.30 09:00:17.868,1.49407,1.49431,2.02,1.00
2016.06.30 09:00:18.173,1.49404,1.49426,1.37,1.00
2016.06.30 09:00:18.224,1.49403,1.49426,1.50,1.00
2016.06.30 09:00:18.275,1.49402,1.49424,1.57,1.00
2016.06.30 09:00:18.579,1.49401,1.49422,1.50,1.00
2016.06.30 09:00:18.681,1.49399,1.49422,1.12,1.00
2016.06.30 09:00:19.206,1.49399,1.49422,1.07,1.00
2016.06.30 09:00:19.678,1.49399,1.49419,1.07,1.00
2016.06.30 09:00:19.999,1.49395,1.49419,1.00,1.50
2016.06.30 09:00:20.051,1.49394,1.49419,1.58,1.12
2016.06.30 09:00:20.512,1.49397,1.49419,1.00,1.00
2016.06.30 09:00:20.816,1.49395,1.49416,1.47,1.00
2016.06.30 09:00:20.868,1.49393,1.49416,3.79,1.00
2016.06.30 09:00:21.263,1.49395,1.49418,1.07,1.87
2016.06.30 09:00:21.771,1.49395,1.49418,1.95,1.12
2016.06.30 09:00:23.031,1.49395,1.49418,1.87,1.37
2016.06.30 09:00:23.082,1.49395,1.49418,1.50,1.50
2016.06.30 09:00:24.263,1.49395,1.49418,1.88,1.50
2016.06.30 09:00:24.868,1.49395,1.49418,1.50,1.50
2016.06.30 09:00:25.385,1.49395,1.49418,1.50,1.00
2016.06.30 09:00:25.539,1.49395,1.49418,1.75,1.00
2016.06.30 09:00:26.046,1.49397,1.49419,1.50,1.00
2016.06.30 09:00:26.378,1.49405,1.49424,1.00,1.12
2016.06.30 09:00:26.481,1.49399,1.49422,1.00,1.50
2016.06.30 09:00:26.992,1.49398,1.49422,1.50,2.25
2016.06.30 09:00:27.763,1.49402,1.49424,1.00,2.25
2016.06.30 09:00:28.170,1.49404,1.49423,1.00,1.50
2016.06.30 09:00:28.374,1.49405,1.49427,1.00,1.37
2016.06.30 09:00:28.425,1.49405,1.49427,1.00,1.00
2016.06.30 09:00:28.971,1.49405,1.49428,1.00,1.50
2016.06.30 09:00:29.124,1.49402,1.49424,1.95,1.00
2016.06.30 09:00:29.431,1.49387,1.49406,1.34,1.00
2016.06.30 09:00:29.775,1.49384,1.49404,1.41,1.00
2016.06.30 09:00:30.183,1.49387,1.49408,1.41,1.00
2016.06.30 09:00:30.388,1.49384,1.49408,2.70,1.00
2016.06.30 09:00:30.860,1.49389,1.49409,1.52,1.00
2016.06.30 09:00:33.277,1.49389,1.49409,2.02,1.00
2016.06.30 09:00:33.329,1.49391,1.49409,1.00,1.00
2016.06.30 09:00:33.735,1.49392,1.49412,1.00,1.12
2016.06.30 09:00:34.042,1.49394,1.49412,1.00,1.00
2016.06.30 09:00:34.553,1.49394,1.49413,1.20,1.00
2016.06.30 09:00:34.857,1.49393,1.49411,1.15,1.00
2016.06.30 09:00:35.416,1.49393,1.49413,1.27,1.00
2016.06.30 09:00:35.892,1.49393,1.49413,1.90,1.00
2016.06.30 09:00:35.943,1.49395,1.49415,1.37,1.00
2016.06.30 09:00:36.452,1.49398,1.49415,1.00,1.00
2016.06.30 09:00:37.457,1.49399,1.4942,1.00,1.00
2016.06.30 09:00:37.559,1.49403,1.49423,1.10,1.12
2016.06.30 09:00:37.865,1.49403,1.49422,1.12,1.00
2016.06.30 09:00:37.916,1.49402,1.49422,1.75,1.00
2016.06.30 09:00:38.116,1.494,1.49422,1.87,1.00
2016.06.30 09:00:38.421,1.49402,1.4942,1.20,1.00
2016.06.30 09:00:38.575,1.49397,1.4942,3.75,1.00
2016.06.30 09:00:38.728,1.49397,1.49418,2.25,1.00
2016.06.30 09:00:39.064,1.4939,1.49412,1.95,1.00
2016.06.30 09:00:39.116,1.49392,1.49412,1.10,1.00
2016.06.30 09:00:39.623,1.49392,1.49412,2.02,1.00
2016.06.30 09:00:39.725,1.49395,1.49415,1.00,1.00
2016.06.30 09:00:39.776,1.49397,1.49418,1.00,1.00
2016.06.30 09:00:39.827,1.49398,1.49421,1.87,1.00
2016.06.30 09:00:40.220,1.49402,1.49421,1.12,1.00
2016.06.30 09:00:41.295,1.49402,1.49423,1.12,1.00
2016.06.30 09:00:41.639,1.49398,1.49414,1.95,1.00
2016.06.30 09:00:41.741,1.49396,1.49414,1.37,1.00
2016.06.30 09:00:41.792,1.49394,1.49414,1.80,1.00
2016.06.30 09:00:41.843,1.49394,1.49417,2.47,1.50
2016.06.30 09:00:41.945,1.49396,1.49417,1.50,1.50
2016.06.30 09:00:42.452,1.49395,1.49415,1.15,1.00
2016.06.30 09:00:42.554,1.49392,1.49412,1.95,1.00
2016.06.30 09:00:42.878,1.49393,1.49413,1.75,1.00
2016.06.30 09:00:42.929,1.49393,1.49415,1.12,1.00
2016.06.30 09:00:43.082,1.49392,1.49415,1.65,1.00
2016.06.30 09:00:43.135,1.49394,1.49415,1.07,1.00
2016.06.30 09:00:43.441,1.49396,1.49416,1.27,1.00
2016.06.30 09:00:43.847,1.49399,1.49416,1.00,1.00
2016.06.30 09:00:44.098,1.49397,1.49419,1.37,1.00
2016.06.30 09:00:44.351,1.49398,1.49421,1.50,1.00
2016.06.30 09:00:44.555,1.49406,1.49423,1.00,1.00
2016.06.30 09:00:44.606,1.49406,1.49426,1.00,2.25
2016.06.30 09:00:44.708,1.49408,1.49426,1.00,1.37
2016.06.30 09:00:44.911,1.49412,1.4943,1.00,1.00
2016.06.30 09:00:44.962,1.49412,1.49433,1.00,1.00
2016.06.30 09:00:45.013,1.49415,1.49433,1.00,1.50
2016.06.30 09:00:45.519,1.49416,1.49433,1.00,1.00
2016.06.30 09:00:45.824,1.49421,1.4944,1.00,1.27
2016.06.30 09:00:46.028,1.49424,1.49444,1.00,1.95
2016.06.30 09:00:46.130,1.49424,1.49446,1.00,2.62
2016.06.30 09:00:46.181,1.49427,1.49446,1.00,2.62
2016.06.30 09:00:46.721,1.49428,1.49446,1.00,1.12
2016.06.30 09:00:48.874,1.49428,1.49445,1.00,1.12
2016.06.30 09:00:49.092,1.49425,1.49444,1.00,1.37
2016.06.30 09:00:49.195,1.49419,1.49439,1.00,1.75
2016.06.30 09:00:49.614,1.49417,1.49437,1.00,2.25
2016.06.30 09:00:49.889,1.49418,1.49438,1.00,2.25
2016.06.30 09:00:49.940,1.49418,1.49432,1.00,1.00
2016.06.30 09:00:50.041,1.49418,1.49435,1.00,1.00
2016.06.30 09:00:50.143,1.49422,1.49438,1.00,1.50
2016.06.30 09:00:50.246,1.49424,1.4944,1.00,1.00
2016.06.30 09:00:50.297,1.49426,1.4944,1.00,1.00
2016.06.30 09:00:50.348,1.49423,1.49443,1.00,2.62
2016.06.30 09:00:50.399,1.4942,1.49441,1.00,1.07
2016.06.30 09:00:50.451,1.49418,1.49439,1.00,1.00
2016.06.30 09:00:50.502,1.49421,1.49439,1.00,1.37
2016.06.30 09:00:50.604,1.49421,1.4944,1.00,1.00
2016.06.30 09:00:50.656,1.49423,1.49441,1.00,1.50
2016.06.30 09:00:50.938,1.49429,1.49449,1.00,1.12
2016.06.30 09:00:51.293,1.49431,1.4945,1.00,4.12
2016.06.30 09:00:51.549,1.49429,1.4945,1.00,1.87
2016.06.30 09:00:51.600,1.49429,1.49447,1.00,1.00
2016.06.30 09:00:51.953,1.49433,1.49447,1.00,1.12
2016.06.30 09:00:52.006,1.49436,1.49451,1.00,1.00
2016.06.30 09:00:52.159,1.49436,1.49454,1.00,1.55
2016.06.30 09:00:52.311,1.49438,1.49456,1.00,1.95
2016.06.30 09:00:52.464,1.4944,1.4946,1.00,1.37
2016.06.30 09:00:52.565,1.49443,1.49463,1.00,1.75
2016.06.30 09:00:53.010,1.49445,1.49463,1.00,1.87
2016.06.30 09:00:53.213,1.49443,1.49463,1.00,2.62
2016.06.30 09:00:53.517,1.49445,1.49463,1.00,2.25
2016.06.30 09:00:54.163,1.49445,1.49461,1.00,1.00
2016.06.30 09:00:54.671,1.49446,1.49463,1.00,1.37
2016.06.30 09:00:54.924,1.49444,1.49463,1.00,1.87
2016.06.30 09:00:55.489,1.49444,1.49461,1.00,1.00
2016.06.30 09:00:55.998,1.49444,1.49462,1.00,1.12
2016.06.30 09:00:56.412,1.49442,1.49462,1.00,1.12
2016.06.30 09:00:56.463,1.49442,1.49462,1.00,1.50
2016.06.30 09:00:56.514,1.49439,1.49459,1.00,1.50
2016.06.30 09:00:56.565,1.49436,1.49456,1.50,1.00
2016.06.30 09:00:56.616,1.49436,1.49456,1.50,1.87
2016.06.30 09:00:56.929,1.49436,1.49452,1.00,1.50
2016.06.30 09:00:57.031,1.49431,1.49449,1.00,1.00
2016.06.30 09:00:57.234,1.49433,1.49449,1.00,1.00
2016.06.30 09:00:57.539,1.49438,1.49453,1.00,1.45
2016.06.30 09:00:57.641,1.49438,1.49456,1.00,1.20
2016.06.30 09:00:57.857,1.4944,1.49458,1.00,3.07
2016.06.30 09:00:57.908,1.49437,1.49458,1.00,2.32
2016.06.30 09:00:58.517,1.49436,1.49456,1.00,1.50
2016.06.30 09:00:58.568,1.49436,1.49454,1.00,1.50
2016.06.30 09:00:58.670,1.49433,1.49454,1.00,1.50
2016.06.30 09:00:59.449,1.49434,1.49453,1.00,1.12
2016.06.30 09:01:00.213,1.49432,1.49453,1.00,2.25
2016.06.30 09:01:00.265,1.49432,1.49448,1.00,1.12
2016.06.30 09:01:00.598,1.4943,1.49446,1.00,1.50
2016.06.30 09:01:02.101,1.49422,1.49441,1.44,1.00
2016.06.30 09:01:02.850,1.49422,1.4944,1.44,1.00
2016.06.30 09:01:03.226,1.49422,1.49442,1.44,1.00
2016.06.30 09:01:03.327,1.49422,1.4944,1.44,1.00
2016.06.30 09:01:03.784,1.49421,1.4944,1.10,1.00
2016.06.30 09:01:03.886,1.49421,1.49436,1.10,1.00
2016.06.30 09:01:04.089,1.49419,1.49438,1.39,1.00
2016.06.30 09:01:04.266,1.49416,1.49434,1.82,1.00
2016.06.30 09:01:04.318,1.49418,1.49438,1.31,1.00
2016.06.30 09:01:04.369,1.49428,1.49438,1.00,1.00
2016.06.30 09:01:04.522,1.49434,1.49451,1.00,1.75
2016.06.30 09:01:04.625,1.49434,1.49452,1.00,1.50
2016.06.30 09:01:04.880,1.49432,1.4945,1.00,1.00
2016.06.30 09:01:06.685,1.4943,1.4945,1.00,1.87
2016.06.30 09:01:07.221,1.4943,1.49449,1.00,1.00
2016.06.30 09:01:07.273,1.4943,1.49449,1.00,1.37
2016.06.30 09:01:07.579,1.49436,1.49453,1.00,2.25
2016.06.30 09:01:07.938,1.49429,1.4945,1.95,1.00
2016.06.30 09:01:07.990,1.49429,1.49447,1.57,1.00
2016.06.30 09:01:09.204,1.49431,1.49448,1.01,1.00
2016.06.30 09:01:09.408,1.49433,1.49451,1.00,1.00
2016.06.30 09:01:10.226,1.49435,1.49456,1.37,1.00
2016.06.30 09:01:10.547,1.49441,1.49458,1.25,1.00
2016.06.30 09:01:10.750,1.4944,1.49461,1.69,1.00
2016.06.30 09:01:10.802,1.49442,1.49461,1.07,1.00
2016.06.30 09:01:11.107,1.49433,1.49455,1.50,1.00
2016.06.30 09:01:11.158,1.49434,1.49457,1.57,1.00
2016.06.30 09:01:11.455,1.49438,1.49459,1.25,1.00
2016.06.30 09:01:11.607,1.49438,1.49459,1.76,1.00
2016.06.30 09:01:12.014,1.49437,1.49458,1.46,1.00
2016.06.30 09:01:12.653,1.49439,1.49458,1.00,1.00
2016.06.30 09:01:13.211,1.49439,1.49457,1.00,1.00
2016.06.30 09:01:13.465,1.49439,1.49455,1.00,1.00
2016.06.30 09:01:13.958,1.49436,1.49454,1.65,1.00
2016.06.30 09:01:14.912,1.4944,1.49461,1.00,1.12
2016.06.30 09:01:15.796,1.49446,1.49461,1.00,1.12
2016.06.30 09:01:15.898,1.49444,1.49463,1.00,1.12
2016.06.30 09:01:16.498,1.49445,1.49464,1.00,1.00
2016.06.30 09:01:17.108,1.49444,1.49464,1.50,1.00
2016.06.30 09:01:17.618,1.49441,1.49461,1.12,1.00
2016.06.30 09:01:17.669,1.49441,1.49463,1.12,1.50
2016.06.30 09:01:18.194,1.49441,1.49458,1.00,1.00
2016.06.30 09:01:18.348,1.49436,1.49456,1.00,1.00
2016.06.30 09:01:18.501,1.49434,1.49455,1.00,1.07
2016.06.30 09:01:19.046,1.49432,1.49454,1.00,1.57
2016.06.30 09:01:19.607,1.49431,1.4945,1.50,1.00
2016.06.30 09:01:20.334,1.49431,1.49451,1.00,1.50
2016.06.30 09:01:20.842,1.49431,1.4945,1.00,1.00
2016.06.30 09:01:21.353,1.4943,1.49451,1.00,1.00
2016.06.30 09:01:21.900,1.49431,1.49451,1.00,1.00
2016.06.30 09:01:22.411,1.49432,1.49452,1.00,1.00
2016.06.30 09:01:22.739,1.4943,1.49452,1.00,1.50
2016.06.30 09:01:23.329,1.49429,1.4945,1.50,1.00
2016.06.30 09:01:23.838,1.49429,1.49451,1.50,1.00
2016.06.30 09:01:24.143,1.49432,1.49452,1.00,1.12
2016.06.30 09:01:24.448,1.4943,1.4945,1.00,1.00
2016.06.30 09:01:24.803,1.49428,1.49449,1.00,1.00
2016.06.30 09:01:25.220,1.49427,1.49444,1.00,1.00
2016.06.30 09:01:26.630,1.49426,1.49444,1.00,1.00
2016.06.30 09:01:26.934,1.49419,1.49437,1.72,1.00
2016.06.30 09:01:27.239,1.49418,1.49437,1.12,1.00
2016.06.30 09:01:27.819,1.49419,1.49437,1.00,1.00
2016.06.30 09:01:27.871,1.49419,1.49439,1.00,1.00
2016.06.30 09:01:28.175,1.49419,1.49436,1.00,1.00
2016.06.30 09:01:28.479,1.49418,1.4944,1.50,1.00
2016.06.30 09:01:28.530,1.4942,1.4944,1.00,1.00
2016.06.30 09:01:28.831,1.49423,1.49439,1.00,1.00
2016.06.30 09:01:29.136,1.49426,1.49439,1.00,1.00
2016.06.30 09:01:29.238,1.49426,1.49442,1.00,1.00
2016.06.30 09:01:29.340,1.49422,1.49442,1.00,1.00
2016.06.30 09:01:29.392,1.49422,1.49438,1.00,1.00
2016.06.30 09:01:29.443,1.49419,1.49438,3.00,1.00
2016.06.30 09:01:29.494,1.49419,1.49441,2.25,1.00
2016.06.30 09:01:29.545,1.49419,1.49436,1.00,1.00
2016.06.30 09:01:29.840,1.49406,1.49427,1.00,1.87
2016.06.30 09:01:29.891,1.49402,1.49421,1.65,1.00
2016.06.30 09:01:30.400,1.49404,1.49421,1.00,1.00
2016.06.30 09:01:30.709,1.49406,1.49421,1.00,1.00
2016.06.30 09:01:31.420,1.49406,1.49419,1.00,1.00
2016.06.30 09:01:31.674,1.49403,1.49419,1.00,1.00
2016.06.30 09:01:32.029,1.49404,1.49422,1.00,1.00
2016.06.30 09:01:32.211,1.49405,1.49424,1.00,1.00
2016.06.30 09:01:32.962,1.49405,1.49423,1.00,1.00
2016.06.30 09:01:33.818,1.49403,1.49421,1.10,1.00
2016.06.30 09:01:34.123,1.49405,1.49421,1.50,1.00
2016.06.30 09:01:34.630,1.49406,1.49421,1.00,1.00
2016.06.30 09:01:34.934,1.49404,1.49422,1.00,1.00
2016.06.30 09:01:34.985,1.49406,1.49422,1.00,1.00
2016.06.30 09:01:35.319,1.49411,1.49422,1.00,1.00
2016.06.30 09:01:35.370,1.49409,1.49422,1.00,1.00
2016.06.30 09:01:36.937,1.49406,1.49422,1.00,1.00
2016.06.30 09:01:37.545,1.49406,1.49422,1.37,1.00
2016.06.30 09:01:37.647,1.49405,1.49422,1.44,1.00
2016.06.30 09:01:37.749,1.49412,1.49422,1.00,1.00
2016.06.30 09:01:38.417,1.49412,1.49423,1.00,1.00
2016.06.30 09:01:38.468,1.49406,1.49423,1.19,1.00
2016.06.30 09:01:38.970,1.49407,1.49422,1.00,1.00
2016.06.30 09:01:40.263,1.49406,1.49422,1.25,1.00
2016.06.30 09:01:40.365,1.49408,1.49422,1.00,1.00
2016.06.30 09:01:40.839,1.49402,1.49421,1.20,1.00
2016.06.30 09:01:40.891,1.494,1.49416,1.25,1.00
2016.06.30 09:01:41.196,1.494,1.49414,1.25,1.00
2016.06.30 09:01:41.652,1.49405,1.49414,1.00,1.00
2016.06.30 09:01:41.703,1.49405,1.4942,1.00,1.75
2016.06.30 09:01:41.755,1.49408,1.49421,1.75,1.12
2016.06.30 09:01:41.951,1.49411,1.4942,1.50,1.00
2016.06.30 09:01:42.002,1.49411,1.49429,2.77,1.00
2016.06.30 09:01:42.911,1.49411,1.49427,1.87,1.00
2016.06.30 09:01:43.297,1.4941,1.49427,1.37,1.00
2016.06.30 09:01:44.100,1.49412,1.4943,1.44,1.00
2016.06.30 09:01:44.619,1.49414,1.4943,1.44,1.00
2016.06.30 09:01:45.077,1.49413,1.4943,2.06,1.00
2016.06.30 09:01:45.784,1.49413,1.4943,1.44,1.00
2016.06.30 09:01:46.547,1.49412,1.49432,2.25,1.00
2016.06.30 09:01:46.599,1.49418,1.49433,1.00,1.00
2016.06.30 09:01:46.906,1.49415,1.4943,1.25,1.00
2016.06.30 09:01:47.519,1.49415,1.49428,1.00,1.00
2016.06.30 09:01:47.570,1.49411,1.49426,1.72,1.00
2016.06.30 09:01:48.592,1.4941,1.49426,1.00,1.00
2016.06.30 09:01:48.964,1.49417,1.49427,1.00,1.00
2016.06.30 09:01:49.168,1.4941,1.49426,1.00,1.00
2016.06.30 09:01:49.817,1.4941,1.49423,1.00,1.00
2016.06.30 09:01:50.071,1.49412,1.49431,1.00,1.50
2016.06.30 09:01:50.479,1.49413,1.49433,1.00,1.50
2016.06.30 09:01:51.113,1.49414,1.49433,1.00,1.00
2016.06.30 09:01:51.215,1.49416,1.49433,1.00,1.00
2016.06.30 09:01:51.316,1.49414,1.49433,1.00,1.00
2016.06.30 09:01:51.623,1.49411,1.49431,1.00,1.00
2016.06.30 09:01:51.726,1.49407,1.49426,1.00,1.50
2016.06.30 09:01:52.031,1.49403,1.49422,1.00,1.87
2016.06.30 09:01:52.802,1.49403,1.49421,1.00,1.00
2016.06.30 09:01:53.503,1.49403,1.49421,1.00,1.50
2016.06.30 09:01:56.290,1.49405,1.49421,1.00,1.50
2016.06.30 09:01:56.828,1.49406,1.49421,1.00,1.50
2016.06.30 09:01:56.929,1.49403,1.49421,1.50,1.50
2016.06.30 09:01:58.353,1.49402,1.49421,1.50,2.40
2016.06.30 09:01:58.404,1.49402,1.49418,1.50,1.37
2016.06.30 09:01:58.557,1.49398,1.49417,1.50,2.62
2016.06.30 09:01:58.608,1.49398,1.49415,1.50,1.37
2016.06.30 09:01:59.761,1.494,1.49414,1.00,1.12
2016.06.30 09:02:00.100,1.49414,1.4943,1.00,1.00
2016.06.30 09:02:00.152,1.49418,1.49434,1.00,1.50
2016.06.30 09:02:00.255,1.49418,1.49436,1.00,1.00
2016.06.30 09:02:00.357,1.49417,1.4944,1.00,1.87
2016.06.30 09:02:00.408,1.49417,1.49438,1.00,1.00
2016.06.30 09:02:00.714,1.4942,1.49437,1.00,1.12
2016.06.30 09:02:00.939,1.49422,1.49439,1.00,1.00
2016.06.30 09:02:00.990,1.49422,1.49442,1.25,1.12
2016.06.30 09:02:01.193,1.49424,1.49442,1.00,1.00
2016.06.30 09:02:01.498,1.4942,1.49438,1.00,1.37
2016.06.30 09:02:01.963,1.49417,1.49435,1.00,1.87
2016.06.30 09:02:02.787,1.49417,1.49434,1.00,1.87
2016.06.30 09:02:04.814,1.49412,1.49431,1.00,1.00
2016.06.30 09:02:05.587,1.49409,1.4943,1.00,1.00
2016.06.30 09:02:05.638,1.49409,1.49428,1.00,1.00
2016.06.30 09:02:06.076,1.49406,1.49426,1.00,1.00
2016.06.30 09:02:06.127,1.49405,1.49416,1.00,1.00
2016.06.30 09:02:06.381,1.49391,1.49412,1.00,3.75
2016.06.30 09:02:06.433,1.49397,1.49413,1.00,1.12
2016.06.30 09:02:06.586,1.49403,1.49418,1.00,1.50
2016.06.30 09:02:06.637,1.49403,1.49423,1.00,1.12
2016.06.30 09:02:06.689,1.49403,1.49423,1.00,1.00
2016.06.30 09:02:06.740,1.49406,1.49425,1.00,1.37
2016.06.30 09:02:06.791,1.49406,1.49425,1.00,1.12
2016.06.30 09:02:06.842,1.49406,1.49425,1.00,2.25
2016.06.30 09:02:08.079,1.49404,1.49425,1.00,2.25
2016.06.30 09:02:08.443,1.49401,1.4942,1.00,1.00
2016.06.30 09:02:08.960,1.49402,1.4942,1.00,1.00
2016.06.30 09:02:09.963,1.49403,1.4942,1.00,1.00
2016.06.30 09:02:10.369,1.49403,1.49422,1.00,1.00
2016.06.30 09:02:10.572,1.49403,1.4942,1.00,1.00
2016.06.30 09:02:11.323,1.49403,1.49423,1.00,2.25
2016.06.30 09:02:11.425,1.49408,1.49423,1.00,1.00
2016.06.30 09:02:11.680,1.49414,1.4943,1.00,1.12
2016.06.30 09:02:12.318,1.49414,1.49433,1.00,1.95
2016.06.30 09:02:12.484,1.49409,1.4943,1.00,1.00
2016.06.30 09:02:12.586,1.49411,1.49429,1.00,1.00
2016.06.30 09:02:12.739,1.49408,1.49428,1.00,1.95
2016.06.30 09:02:12.942,1.49408,1.49425,1.00,1.00
2016.06.30 09:02:13.479,1.49408,1.49426,1.00,1.00
2016.06.30 09:02:13.530,1.49408,1.49428,1.00,1.27
2016.06.30 09:02:14.352,1.49401,1.49418,2.02,1.00
2016.06.30 09:02:14.735,1.494,1.49418,1.95,1.00
2016.06.30 09:02:15.192,1.49403,1.49421,1.17,1.00
2016.06.30 09:02:15.344,1.49405,1.49421,1.37,1.00
2016.06.30 09:02:15.648,1.49404,1.49418,1.57,1.00
2016.06.30 09:02:15.699,1.49404,1.49418,1.20,1.00
2016.06.30 09:02:16.622,1.49403,1.4942,2.40,1.00
2016.06.30 09:02:16.775,1.49402,1.49418,1.12,1.00
2016.06.30 09:02:16.826,1.49402,1.49418,1.00,1.00
2016.06.30 09:02:17.029,1.49398,1.49418,1.10,1.00
2016.06.30 09:02:17.131,1.49398,1.49415,1.10,1.00
2016.06.30 09:02:17.438,1.494,1.49417,1.50,1.00
2016.06.30 09:02:17.540,1.494,1.49417,1.20,1.00
2016.06.30 09:02:19.129,1.49399,1.49417,2.70,1.00
2016.06.30 09:02:20.555,1.49401,1.49415,1.00,1.00
2016.06.30 09:02:21.159,1.49399,1.49415,1.15,1.00
2016.06.30 09:02:21.261,1.49401,1.49417,1.00,1.00
2016.06.30 09:02:21.565,1.49399,1.49414,1.57,1.00
2016.06.30 09:02:21.616,1.49399,1.49414,1.20,1.00
2016.06.30 09:02:21.897,1.49398,1.49417,1.07,1.00
2016.06.30 09:02:23.457,1.49401,1.49419,1.00,1.00
2016.06.30 09:02:23.762,1.49403,1.4942,1.01,1.00
2016.06.30 09:02:24.069,1.49401,1.49419,1.57,1.00
2016.06.30 09:02:24.419,1.49405,1.49423,1.25,1.00
2016.06.30 09:02:26.371,1.49403,1.49422,1.20,1.00
2016.06.30 09:02:26.524,1.49416,1.49425,1.00,1.00
2016.06.30 09:02:26.626,1.49411,1.49425,1.37,1.00
2016.06.30 09:02:26.678,1.49414,1.49425,1.87,1.00
2016.06.30 09:02:26.915,1.49417,1.49433,1.37,1.00
2016.06.30 09:02:26.966,1.49417,1.49433,1.00,1.00
2016.06.30 09:02:27.119,1.49417,1.49438,1.00,1.00
2016.06.30 09:02:28.404,1.49417,1.49438,1.37,1.00
2016.06.30 09:02:29.186,1.4942,1.49438,1.00,1.00
2016.06.30 09:02:29.684,1.49421,1.49441,1.00,1.37
2016.06.30 09:02:29.786,1.49423,1.49443,1.00,1.50
2016.06.30 09:02:30.580,1.49425,1.49444,1.00,1.00
2016.06.30 09:02:30.936,1.49423,1.49442,1.12,1.00
2016.06.30 09:02:31.975,1.49423,1.49441,1.00,1.00
2016.06.30 09:02:32.490,1.49423,1.49442,1.00,1.00
2016.06.30 09:02:32.981,1.49424,1.49445,1.00,1.12
2016.06.30 09:02:33.032,1.49426,1.49446,1.00,1.87
2016.06.30 09:02:33.338,1.49431,1.49451,1.00,1.00
2016.06.30 09:02:33.490,1.49431,1.49453,1.00,1.62
2016.06.30 09:02:34.089,1.49431,1.49452,1.00,1.00
2016.06.30 09:02:34.629,1.49431,1.49453,1.00,1.62
2016.06.30 09:02:35.132,1.49431,1.49452,1.00,1.00
2016.06.30 09:02:35.325,1.49433,1.49455,1.00,3.87
2016.06.30 09:02:35.646,1.4942,1.4944,2.25,1.25
2016.06.30 09:02:35.697,1.4942,1.49439,1.50,1.12
2016.06.30 09:02:35.749,1.49422,1.49439,1.00,1.12
2016.06.30 09:02:35.901,1.49422,1.49442,1.00,1.50
2016.06.30 09:02:35.952,1.49426,1.49442,1.00,1.50
2016.06.30 09:02:36.259,1.49424,1.49443,1.00,1.12
2016.06.30 09:02:37.341,1.49426,1.49444,1.00,1.00
2016.06.30 09:02:37.393,1.49427,1.49446,1.00,1.00
2016.06.30 09:02:37.494,1.49429,1.49449,1.00,1.07
2016.06.30 09:02:37.829,1.49431,1.4945,1.00,1.00
2016.06.30 09:02:37.931,1.49431,1.49453,1.00,1.50
2016.06.30 09:02:38.642,1.49434,1.49453,1.00,1.00
2016.06.30 09:02:38.982,1.49434,1.49456,1.00,1.07
2016.06.30 09:02:39.569,1.49433,1.49454,1.50,1.00
2016.06.30 09:02:40.076,1.49432,1.49452,1.00,1.00
2016.06.30 09:02:41.027,1.49431,1.4945,1.00,1.00
2016.06.30 09:02:41.421,1.49436,1.49453,1.37,1.50
2016.06.30 09:02:41.473,1.49439,1.4946,1.00,1.00
2016.06.30 09:02:44.647,1.49439,1.49458,1.00,1.00
2016.06.30 09:02:45.296,1.49438,1.49458,1.00,1.00
2016.06.30 09:02:45.600,1.4944,1.49462,1.50,1.50
2016.06.30 09:02:46.110,1.49441,1.49462,1.00,1.00
2016.06.30 09:02:46.161,1.49447,1.49462,1.00,1.00
2016.06.30 09:02:46.364,1.49444,1.49462,1.00,1.00
2016.06.30 09:02:46.600,1.49447,1.49463,1.00,1.50
2016.06.30 09:02:46.753,1.49445,1.49463,1.00,1.00
2016.06.30 09:02:47.984,1.49443,1.49463,1.00,1.12
2016.06.30 09:02:48.390,1.49442,1.49461,1.12,1.00
2016.06.30 09:02:49.548,1.49442,1.4946,1.00,1.00
2016.06.30 09:02:49.802,1.4944,1.4946,1.00,1.00
2016.06.30 09:02:50.106,1.49438,1.49458,1.12,1.00
2016.06.30 09:02:50.613,1.49439,1.4946,1.00,1.50
2016.06.30 09:02:52.231,1.49439,1.4946,1.00,1.07
2016.06.30 09:02:52.536,1.49437,1.49458,1.50,1.95
2016.06.30 09:02:52.790,1.49434,1.49454,1.00,1.00
2016.06.30 09:02:53.044,1.49433,1.4945,1.00,1.50
2016.06.30 09:02:53.360,1.49425,1.49446,1.12,1.00
2016.06.30 09:02:53.411,1.49424,1.49446,1.50,1.00
2016.06.30 09:02:53.513,1.49424,1.49446,1.00,1.00
2016.06.30 09:02:53.767,1.49424,1.49443,1.00,1.00
2016.06.30 09:02:54.906,1.49429,1.49446,1.00,1.00
2016.06.30 09:02:55.655,1.49429,1.49443,1.00,1.00
2016.06.30 09:02:55.706,1.49426,1.49443,1.00,1.00
2016.06.30 09:02:56.215,1.49426,1.49442,1.00,1.00
2016.06.30 09:02:56.721,1.49426,1.49443,1.00,1.00
2016.06.30 09:02:57.081,1.49424,1.49443,1.10,1.00
2016.06.30 09:02:59.270,1.49424,1.49444,1.00,1.12
2016.06.30 09:02:59.321,1.49427,1.49444,1.00,1.50
2016.06.30 09:02:59.424,1.4942,1.49435,1.10,1.00
2016.06.30 09:02:59.475,1.49419,1.49432,1.00,1.10
2016.06.30 09:02:59.658,1.49412,1.49428,1.00,1.27
2016.06.30 09:02:59.709,1.49408,1.49428,1.00,1.27
2016.06.30 09:03:00.014,1.49408,1.49428,1.00,1.27
2016.06.30 09:03:00.522,1.49407,1.49428,1.00,2.02
2016.06.30 09:03:00.724,1.49407,1.49426,1.00,1.00
2016.06.30 09:03:01.068,1.49399,1.49417,1.00,1.87
2016.06.30 09:03:01.120,1.49397,1.49417,1.50,2.70
2016.06.30 09:03:01.171,1.49401,1.49417,1.00,2.70
2016.06.30 09:03:01.776,1.494,1.49417,1.00,3.07
2016.06.30 09:03:02.083,1.49401,1.49416,1.00,1.00
2016.06.30 09:03:02.287,1.494,1.49414,1.00,1.00
2016.06.30 09:03:02.542,1.49401,1.49418,1.00,1.15
2016.06.30 09:03:03.080,1.494,1.49419,1.00,3.07
2016.06.30 09:03:04.320,1.49399,1.49416,1.00,1.10
2016.06.30 09:03:04.827,1.49398,1.49415,1.50,1.00
2016.06.30 09:03:05.465,1.49399,1.49415,1.00,1.00
2016.06.30 09:03:05.719,1.49396,1.49415,1.00,1.37
2016.06.30 09:03:05.770,1.49395,1.49411,1.00,1.00
2016.06.30 09:03:05.821,1.49393,1.49411,1.00,1.00
2016.06.30 09:03:05.872,1.49391,1.49411,1.00,1.50
2016.06.30 09:03:05.923,1.49393,1.49411,1.00,1.87
2016.06.30 09:03:06.457,1.49395,1.49409,1.00,1.00
2016.06.30 09:03:06.764,1.49407,1.49416,1.00,1.00
2016.06.30 09:03:06.866,1.4941,1.49424,1.00,1.12
2016.06.30 09:03:07.070,1.4941,1.49426,1.00,1.00
2016.06.30 09:03:07.121,1.49406,1.49425,1.00,1.00
2016.06.30 09:03:07.375,1.49406,1.49425,1.00,2.62
2016.06.30 09:03:07.426,1.49406,1.49425,1.00,2.25
2016.06.30 09:03:07.710,1.49404,1.49423,1.00,1.00
2016.06.30 09:03:07.913,1.49392,1.49414,1.50,1.12
2016.06.30 09:03:07.965,1.49395,1.49414,1.00,1.12
2016.06.30 09:03:08.342,1.49399,1.49415,1.00,1.47
2016.06.30 09:03:08.443,1.49394,1.49413,1.00,1.00
2016.06.30 09:03:08.596,1.49395,1.49416,1.00,1.10
2016.06.30 09:03:09.599,1.49395,1.49414,1.00,1.00
2016.06.30 09:03:09.701,1.49393,1.49414,1.00,1.00
2016.06.30 09:03:09.803,1.49392,1.49411,1.00,1.12
2016.06.30 09:03:09.854,1.49389,1.49411,1.50,1.12
2016.06.30 09:03:10.437,1.4939,1.49411,1.00,1.00
2016.06.30 09:03:10.946,1.49391,1.49412,1.00,1.00
2016.06.30 09:03:11.099,1.49389,1.49411,1.00,1.00
2016.06.30 09:03:11.150,1.49389,1.49411,1.37,1.00
2016.06.30 09:03:11.252,1.49389,1.49411,1.50,1.00
2016.06.30 09:03:11.303,1.49392,1.49411,1.00,1.00
2016.06.30 09:03:11.404,1.49388,1.49408,1.10,1.00
2016.06.30 09:03:11.455,1.49385,1.49407,1.07,1.00
2016.06.30 09:03:11.639,1.49385,1.49405,1.00,1.00
2016.06.30 09:03:11.690,1.49381,1.49402,1.00,1.00
2016.06.30 09:03:11.741,1.49388,1.49407,1.00,2.40
2016.06.30 09:03:12.047,1.49394,1.49408,1.00,1.50
2016.06.30 09:03:12.256,1.49395,1.49417,1.00,1.00
2016.06.30 09:03:12.324,1.49398,1.49417,1.00,1.00
2016.06.30 09:03:12.784,1.49402,1.49417,1.00,1.00
2016.06.30 09:03:12.993,1.49414,1.49432,1.00,1.00
2016.06.30 09:03:13.147,1.49411,1.49431,1.00,1.00
2016.06.30 09:03:13.401,1.49411,1.49429,1.00,1.00
2016.06.30 09:03:13.503,1.49411,1.49433,1.00,2.62
2016.06.30 09:03:13.850,1.49411,1.49432,1.00,2.85
2016.06.30 09:03:14.154,1.49413,1.49432,1.00,1.67
2016.06.30 09:03:14.458,1.49412,1.4943,1.00,1.37
2016.06.30 09:03:14.885,1.49421,1.49439,1.00,1.55
2016.06.30 09:03:15.328,1.49418,1.4944,1.00,2.77
2016.06.30 09:03:15.429,1.49417,1.49436,1.00,1.00
2016.06.30 09:03:15.480,1.49415,1.49435,1.00,1.12
2016.06.30 09:03:15.532,1.49419,1.49436,1.00,1.47
2016.06.30 09:03:15.785,1.49426,1.49445,1.00,1.65
2016.06.30 09:03:16.653,1.49426,1.49445,1.00,1.87
2016.06.30 09:03:17.329,1.49422,1.49442,1.00,1.00
2016.06.30 09:03:17.516,1.49422,1.49442,1.00,1.37
2016.06.30 09:03:17.777,1.4942,1.4944,1.00,1.95
2016.06.30 09:03:18.031,1.49422,1.49438,1.00,1.00
2016.06.30 09:03:18.406,1.49424,1.49442,1.00,2.25
2016.06.30 09:03:18.711,1.49422,1.49441,1.00,1.00
2016.06.30 09:03:18.763,1.49422,1.49439,1.00,1.00
2016.06.30 09:03:18.864,1.49419,1.49439,1.00,2.62
2016.06.30 09:03:18.915,1.49417,1.49437,1.50,1.00
2016.06.30 09:03:19.221,1.49415,1.49435,1.00,2.25
2016.06.30 09:03:19.548,1.49417,1.49435,1.00,1.87
2016.06.30 09:03:20.107,1.4942,1.49435,1.00,1.37
2016.06.30 09:03:20.259,1.49415,1.49435,1.00,1.00
2016.06.30 09:03:20.412,1.49419,1.49435,1.00,1.00
2016.06.30 09:03:20.762,1.49419,1.49436,1.00,1.20
2016.06.30 09:03:21.067,1.49422,1.49437,1.00,1.50
2016.06.30 09:03:21.118,1.49424,1.49437,1.00,1.50
2016.06.30 09:03:21.170,1.49424,1.49437,1.00,1.00
2016.06.30 09:03:21.221,1.49424,1.49439,1.00,1.00
2016.06.30 09:03:21.323,1.49428,1.49439,1.00,1.00
2016.06.30 09:03:21.374,1.49425,1.49441,1.50,1.12
2016.06.30 09:03:21.425,1.49429,1.49441,1.00,1.20
2016.06.30 09:03:21.743,1.49437,1.49445,1.50,1.00
2016.06.30 09:03:21.794,1.49438,1.49447,1.00,1.00
2016.06.30 09:03:21.947,1.49441,1.49447,1.00,1.00
2016.06.30 09:03:22.100,1.49441,1.49452,1.00,1.50
2016.06.30 09:03:22.152,1.49434,1.49452,1.50,1.50
2016.06.30 09:03:22.203,1.49434,1.4945,1.00,1.12
2016.06.30 09:03:22.254,1.49431,1.4945,1.00,1.12
2016.06.30 09:03:22.405,1.49431,1.4945,1.00,1.82
2016.06.30 09:03:22.459,1.49426,1.49445,1.00,2.25
2016.06.30 09:03:22.510,1.49424,1.49441,1.00,1.00
2016.06.30 09:03:23.020,1.4943,1.4944,1.00,1.00
2016.06.30 09:03:23.122,1.49435,1.49448,1.00,1.57
2016.06.30 09:03:23.298,1.49435,1.49451,1.00,1.50
2016.06.30 09:03:23.349,1.49435,1.49454,1.00,1.87
2016.06.30 09:03:23.401,1.49438,1.49454,1.00,1.87
2016.06.30 09:03:23.756,1.49432,1.49449,1.00,1.00
2016.06.30 09:03:23.807,1.49427,1.49446,1.50,1.00
2016.06.30 09:03:23.859,1.49427,1.49444,1.00,1.00
2016.06.30 09:03:23.911,1.49423,1.49442,1.00,1.00
2016.06.30 09:03:24.340,1.49426,1.49444,1.00,1.00
2016.06.30 09:03:24.391,1.49426,1.49447,1.00,2.25
2016.06.30 09:03:24.695,1.49428,1.49446,1.00,1.00
2016.06.30 09:03:24.747,1.49426,1.49446,1.00,1.00
2016.06.30 09:03:24.950,1.49424,1.49445,1.00,1.00
2016.06.30 09:03:25.630,1.49423,1.49442,1.00,1.00
2016.06.30 09:03:26.138,1.49424,1.49445,1.00,1.50
2016.06.30 09:03:26.678,1.49421,1.49442,1.00,1.00
2016.06.30 09:03:26.935,1.49427,1.49444,1.00,1.00
2016.06.30 09:03:27.441,1.49426,1.49445,1.50,1.10
2016.06.30 09:03:27.645,1.49421,1.49442,2.25,1.00
2016.06.30 09:03:27.911,1.49423,1.49443,1.00,1.00
2016.06.30 09:03:28.215,1.49432,1.49453,1.00,1.20
2016.06.30 09:03:28.267,1.49432,1.49453,1.00,1.12
2016.06.30 09:03:28.318,1.49431,1.4945,1.12,1.00
2016.06.30 09:03:28.472,1.49425,1.49446,1.50,1.00
2016.06.30 09:03:29.437,1.49428,1.49447,1.00,1.10
2016.06.30 09:03:29.985,1.49425,1.49447,1.00,1.10
2016.06.30 09:03:30.391,1.49427,1.49448,1.00,1.10
2016.06.30 09:03:30.925,1.49427,1.49449,1.00,1.12
2016.06.30 09:03:31.281,1.49426,1.49447,1.00,1.00
2016.06.30 09:03:31.590,1.49428,1.49448,1.00,2.25
2016.06.30 09:03:33.034,1.49431,1.4945,1.00,1.00
2016.06.30 09:03:33.136,1.49432,1.49452,1.00,1.50
2016.06.30 09:03:33.238,1.49432,1.49454,1.00,1.00
2016.06.30 09:03:34.193,1.49431,1.49452,1.00,1.00
2016.06.30 09:03:36.248,1.49434,1.49454,1.00,1.00
2016.06.30 09:03:37.451,1.49431,1.49451,1.00,1.00
2016.06.30 09:03:37.757,1.49427,1.49446,1.00,1.57
2016.06.30 09:03:38.150,1.49433,1.49449,1.00,1.10
2016.06.30 09:03:38.202,1.49433,1.49453,1.00,1.00
2016.06.30 09:03:38.356,1.49434,1.49455,1.00,1.12
2016.06.30 09:03:38.458,1.49436,1.49456,1.00,1.50
2016.06.30 09:03:38.968,1.49436,1.49456,1.00,1.50
2016.06.30 09:03:39.366,1.49431,1.49448,1.12,1.00
2016.06.30 09:03:39.722,1.49428,1.49448,3.00,1.00
2016.06.30 09:03:39.874,1.4943,1.49448,1.00,1.00
2016.06.30 09:03:40.409,1.49427,1.49447,1.50,1.00
2016.06.30 09:03:40.649,1.49426,1.49443,1.00,1.00
2016.06.30 09:03:40.750,1.49424,1.49443,1.50,1.00
2016.06.30 09:03:41.055,1.49424,1.49443,1.12,1.00
2016.06.30 09:03:41.361,1.49426,1.49439,1.50,1.00
2016.06.30 09:03:41.463,1.49419,1.49435,1.87,1.00
2016.06.30 09:03:41.962,1.49416,1.49437,2.62,1.00
2016.06.30 09:03:42.318,1.49416,1.49435,2.62,1.00
2016.06.30 09:03:44.035,1.49416,1.49435,1.87,1.00
2016.06.30 09:03:44.464,1.49422,1.49435,1.00,1.00
2016.06.30 09:03:44.516,1.49422,1.49442,1.12,1.00
2016.06.30 09:03:44.568,1.49423,1.49442,1.75,1.00
2016.06.30 09:03:44.671,1.49427,1.49444,1.50,1.00
2016.06.30 09:03:45.080,1.49424,1.49444,1.00,1.00
2016.06.30 09:03:45.131,1.49423,1.49442,1.12,1.00
2016.06.30 09:03:45.522,1.4942,1.49439,1.87,1.00
2016.06.30 09:03:46.031,1.49418,1.49439,1.37,1.00
2016.06.30 09:03:46.336,1.49418,1.49436,1.37,1.00
2016.06.30 09:03:46.880,1.49424,1.49439,1.00,1.00
2016.06.30 09:03:46.931,1.49424,1.49441,1.00,1.00
2016.06.30 09:03:47.287,1.49425,1.49443,1.50,1.00
2016.06.30 09:03:47.339,1.49427,1.49446,1.12,1.00
2016.06.30 09:03:47.390,1.49429,1.49446,1.00,1.00
2016.06.30 09:03:47.441,1.49431,1.49449,1.00,1.00
2016.06.30 09:03:49.057,1.49432,1.49454,1.00,1.00
2016.06.30 09:03:49.787,1.49434,1.49455,1.00,1.10
2016.06.30 09:03:50.092,1.49428,1.4945,1.50,1.00
2016.06.30 09:03:50.333,1.49426,1.49446,1.00,1.00
2016.06.30 09:03:50.384,1.49424,1.49445,1.50,1.12
2016.06.30 09:03:50.486,1.49426,1.49446,1.00,1.00
2016.06.30 09:03:50.790,1.49428,1.49447,1.00,1.00
2016.06.30 09:03:51.256,1.49428,1.49447,1.00,1.75
2016.06.30 09:03:51.358,1.49426,1.49446,1.00,1.50
2016.06.30 09:03:52.000,1.49424,1.49444,1.37,1.00
2016.06.30 09:03:52.051,1.49424,1.49444,1.00,1.75
2016.06.30 09:03:54.166,1.49429,1.49447,1.00,1.00
2016.06.30 09:03:54.436,1.4943,1.4945,1.12,1.00
2016.06.30 09:03:55.891,1.49428,1.49448,1.00,1.00
2016.06.30 09:03:56.197,1.49436,1.49446,1.00,1.00
2016.06.30 09:03:56.300,1.49441,1.49459,1.00,1.50
2016.06.30 09:03:56.453,1.49442,1.49462,1.00,1.12
2016.06.30 09:03:56.606,1.49443,1.49464,1.00,1.00
2016.06.30 09:03:56.891,1.49448,1.49468,1.00,2.25
2016.06.30 09:03:56.942,1.49447,1.49468,1.00,1.50
2016.06.30 09:03:57.803,1.49446,1.49461,1.00,1.00
2016.06.30 09:03:58.077,1.4944,1.4946,1.07,1.12
2016.06.30 09:03:58.128,1.49438,1.4946,1.00,2.32
2016.06.30 09:03:58.584,1.4944,1.4946,1.00,1.10
2016.06.30 09:03:58.939,1.49441,1.49462,1.00,1.10
2016.06.30 09:03:59.108,1.49443,1.49462,1.00,1.00
2016.06.30 09:03:59.312,1.4945,1.4947,1.00,1.20
2016.06.30 09:03:59.415,1.49451,1.49472,1.00,1.57
2016.06.30 09:03:59.517,1.49451,1.4947,1.00,1.00
2016.06.30 09:03:59.619,1.49449,1.4947,1.00,1.00
2016.06.30 09:03:59.670,1.49447,1.49465,1.00,1.00
2016.06.30 09:03:59.772,1.49441,1.49463,1.00,1.00
2016.06.30 09:03:59.964,1.49448,1.49465,1.00,1.00
2016.06.30 09:04:00.066,1.49449,1.49469,1.00,2.25
2016.06.30 09:04:00.269,1.49447,1.49468,1.00,1.00
2016.06.30 09:04:00.320,1.49451,1.49469,1.00,1.10
2016.06.30 09:04:00.574,1.49448,1.49468,1.50,1.12
2016.06.30 09:04:00.625,1.49446,1.49467,1.00,1.00
2016.06.30 09:04:00.677,1.49444,1.49466,1.00,1.12
2016.06.30 09:04:00.928,1.49442,1.49463,1.00,1.00
2016.06.30 09:04:01.334,1.49447,1.49463,1.00,1.00
2016.06.30 09:04:01.385,1.49447,1.49468,1.00,1.57
2016.06.30 09:04:01.437,1.49449,1.49469,1.00,1.92
2016.06.30 09:04:01.641,1.49447,1.49466,1.00,1.12
2016.06.30 09:04:02.190,1.49447,1.49466,1.00,2.25
2016.06.30 09:04:02.242,1.49444,1.49463,1.00,1.07
2016.06.30 09:04:02.395,1.49439,1.49461,1.00,1.00
2016.06.30 09:04:04.117,1.4944,1.49461,1.37,1.00
2016.06.30 09:04:04.219,1.49442,1.49463,1.00,1.00
2016.06.30 09:04:05.015,1.49441,1.49463,1.12,1.00
2016.06.30 09:04:05.219,1.49443,1.49465,1.00,1.10
2016.06.30 09:04:05.524,1.49449,1.49471,1.00,1.00
2016.06.30 09:04:05.875,1.49454,1.49474,1.00,1.07
2016.06.30 09:04:05.928,1.49455,1.49477,1.00,1.00
2016.06.30 09:04:06.443,1.49458,1.49478,1.00,1.00
2016.06.30 09:04:06.748,1.49455,1.49475,1.00,1.00
2016.06.30 09:04:07.080,1.49451,1.49471,1.00,1.00
2016.06.30 09:04:07.182,1.49448,1.49471,1.20,1.00
2016.06.30 09:04:07.587,1.49448,1.49468,1.00,1.00
2016.06.30 09:04:08.146,1.49447,1.49466,1.00,1.00
2016.06.30 09:04:08.689,1.49448,1.49468,1.00,1.50
2016.06.30 09:04:09.391,1.49449,1.49471,1.37,2.02
2016.06.30 09:04:09.629,1.49449,1.49471,1.00,1.00
2016.06.30 09:04:09.782,1.49448,1.49468,1.00,1.00
2016.06.30 09:04:10.188,1.4945,1.4947,1.00,1.00
2016.06.30 09:04:10.492,1.49452,1.49472,1.00,1.00
2016.06.30 09:04:10.818,1.49449,1.49469,2.25,1.00
2016.06.30 09:04:10.875,1.49454,1.49474,1.00,2.77
2016.06.30 09:04:11.028,1.49459,1.49477,1.00,1.95
2016.06.30 09:04:11.079,1.49459,1.49477,1.00,1.65
2016.06.30 09:04:11.434,1.49456,1.49474,1.00,1.00
2016.06.30 09:04:11.536,1.49456,1.49476,1.00,1.20
2016.06.30 09:04:11.588,1.49454,1.49476,1.00,1.27
2016.06.30 09:04:11.639,1.49454,1.49475,1.00,1.07
2016.06.30 09:04:11.986,1.49458,1.49476,1.00,1.47
2016.06.30 09:04:12.038,1.49458,1.49479,1.00,2.62
2016.06.30 09:04:12.545,1.49458,1.49478,1.00,1.07
2016.06.30 09:04:12.605,1.49458,1.49475,1.00,1.10
2016.06.30 09:04:12.910,1.49457,1.49474,1.00,1.65
2016.06.30 09:04:13.135,1.49458,1.49475,1.00,1.17
2016.06.30 09:04:13.440,1.49458,1.49479,1.00,3.37
2016.06.30 09:04:13.958,1.49458,1.49477,1.00,1.50
2016.06.30 09:04:14.478,1.49455,1.49475,1.00,1.20
2016.06.30 09:04:14.529,1.49453,1.49471,1.00,1.00
2016.06.30 09:04:14.733,1.4945,1.4947,1.00,1.00
2016.06.30 09:04:14.784,1.49451,1.49473,1.00,2.25
2016.06.30 09:04:15.038,1.49453,1.49475,1.00,1.10
2016.06.30 09:04:15.241,1.49452,1.49472,1.00,1.00
2016.06.30 09:04:16.449,1.4945,1.4947,1.00,1.00
2016.06.30 09:04:16.552,1.49451,1.49473,1.00,1.50
2016.06.30 09:04:16.820,1.49454,1.49474,1.00,1.00
2016.06.30 09:04:16.922,1.49455,1.49476,1.00,1.95
2016.06.30 09:04:17.126,1.49456,1.49478,1.50,1.12
2016.06.30 09:04:17.177,1.49459,1.49479,1.00,1.50
2016.06.30 09:04:17.674,1.49457,1.49477,1.00,1.00
2016.06.30 09:04:18.150,1.49454,1.49476,1.00,1.12
2016.06.30 09:04:18.735,1.49452,1.49474,1.12,1.50
2016.06.30 09:04:19.080,1.49449,1.49471,1.00,2.25
2016.06.30 09:04:19.588,1.49449,1.49469,1.00,1.00
2016.06.30 09:04:20.034,1.49451,1.49473,1.00,1.00
2016.06.30 09:04:20.662,1.49451,1.4947,1.00,1.00
2016.06.30 09:04:20.966,1.49451,1.49473,1.00,1.00
2016.06.30 09:04:21.119,1.49448,1.4947,1.00,1.00
2016.06.30 09:04:21.446,1.49444,1.49466,1.50,1.75
2016.06.30 09:04:21.549,1.49446,1.49468,1.00,2.25
2016.06.30 09:04:21.600,1.49449,1.49469,1.00,2.25
2016.06.30 09:04:21.651,1.4945,1.49471,1.00,1.50
2016.06.30 09:04:22.350,1.49452,1.49473,1.00,1.50
2016.06.30 09:04:22.452,1.49452,1.49474,1.00,1.10
2016.06.30 09:04:22.556,1.49455,1.49475,1.00,1.20
2016.06.30 09:04:23.225,1.49454,1.49474,1.00,1.12
2016.06.30 09:04:23.326,1.49452,1.49473,1.00,1.00
2016.06.30 09:04:23.853,1.49451,1.49471,1.00,1.50
2016.06.30 09:04:24.005,1.49448,1.49469,1.12,1.00
2016.06.30 09:04:24.056,1.4945,1.4947,1.50,1.87
2016.06.30 09:04:24.401,1.4946,1.49475,1.00,1.00
2016.06.30 09:04:24.604,1.49462,1.49479,1.12,1.00
2016.06.30 09:04:24.706,1.49462,1.49481,1.00,1.10
2016.06.30 09:04:24.757,1.49462,1.49481,1.00,1.85
2016.06.30 09:04:24.859,1.49462,1.49481,1.00,1.12
2016.06.30 09:04:25.391,1.49463,1.49483,1.00,1.75
2016.06.30 09:04:25.444,1.49463,1.49483,1.00,1.00
2016.06.30 09:04:25.953,1.49463,1.49484,1.00,1.00
2016.06.30 09:04:26.398,1.49463,1.49483,1.00,1.75
2016.06.30 09:04:28.226,1.49467,1.49483,1.00,1.75
2016.06.30 09:04:28.549,1.4947,1.49482,1.00,1.50
2016.06.30 09:04:30.859,1.49462,1.49479,1.50,1.00
2016.06.30 09:04:30.910,1.49462,1.49474,1.50,1.00
2016.06.30 09:04:31.064,1.49447,1.49461,1.00,1.00
2016.06.30 09:04:31.167,1.49448,1.49459,1.00,1.00
2016.06.30 09:04:31.370,1.49451,1.49466,1.00,1.50
2016.06.30 09:04:31.421,1.49454,1.49466,1.00,1.50
2016.06.30 09:04:31.933,1.49452,1.49468,1.00,1.75
2016.06.30 09:04:32.187,1.49453,1.49469,1.00,3.75
2016.06.30 09:04:32.883,1.49451,1.49469,1.00,1.87
2016.06.30 09:04:33.137,1.49455,1.49469,1.00,2.25
2016.06.30 09:04:33.289,1.49448,1.49469,1.00,4.12
2016.06.30 09:04:33.340,1.49443,1.4946,1.12,1.00
2016.06.30 09:04:33.442,1.49438,1.49459,1.00,1.37
2016.06.30 09:04:33.594,1.49438,1.49454,1.00,1.00
2016.06.30 09:04:33.924,1.4944,1.49452,1.00,1.75
2016.06.30 09:04:34.094,1.49438,1.49453,1.00,1.00
2016.06.30 09:04:34.148,1.49442,1.49454,1.00,1.00
2016.06.30 09:04:34.303,1.4944,1.49458,1.00,1.50
2016.06.30 09:04:34.405,1.49438,1.49457,1.00,3.45
2016.06.30 09:04:34.457,1.49436,1.49453,1.00,1.00
2016.06.30 09:04:34.863,1.49439,1.49454,1.00,1.37
2016.06.30 09:04:34.965,1.4944,1.49456,1.00,1.50
2016.06.30 09:04:36.122,1.49442,1.49456,1.00,1.50
2016.06.30 09:04:36.665,1.49442,1.49457,1.00,1.00
2016.06.30 09:04:37.176,1.49442,1.49456,1.00,1.00
2016.06.30 09:04:37.718,1.4944,1.49456,1.00,2.25
2016.06.30 09:04:38.526,1.49439,1.49454,1.00,1.12
2016.06.30 09:04:38.628,1.49436,1.49454,1.00,1.20
2016.06.30 09:04:38.679,1.49436,1.49452,1.00,1.10
2016.06.30 09:04:39.124,1.49436,1.49449,1.00,1.00
2016.06.30 09:04:39.226,1.49438,1.49453,1.00,1.00
2016.06.30 09:04:39.277,1.49441,1.49453,1.00,1.00
2016.06.30 09:04:39.379,1.49441,1.49457,1.00,1.65
2016.06.30 09:04:39.532,1.49443,1.49457,1.00,1.65
2016.06.30 09:04:39.983,1.49448,1.49467,1.00,3.22
2016.06.30 09:04:40.035,1.49446,1.49465,1.00,1.20
2016.06.30 09:04:40.086,1.49444,1.49464,1.00,1.55
2016.06.30 09:04:40.137,1.49444,1.49464,1.00,1.95
2016.06.30 09:04:40.492,1.49443,1.49461,1.00,3.00
2016.06.30 09:04:40.797,1.49447,1.49461,1.00,1.50
2016.06.30 09:04:41.050,1.49443,1.49461,1.00,1.50
2016.06.30 09:04:41.203,1.49442,1.49458,1.00,1.00
2016.06.30 09:04:41.356,1.49437,1.49456,1.00,1.12
2016.06.30 09:04:41.560,1.49442,1.49456,1.00,2.62
2016.06.30 09:04:41.662,1.49444,1.49461,1.00,1.37
2016.06.30 09:04:42.217,1.49443,1.49459,1.00,1.00
2016.06.30 09:04:42.319,1.49443,1.49457,1.00,1.00
2016.06.30 09:04:42.826,1.49444,1.49457,1.00,1.00
2016.06.30 09:04:43.030,1.49444,1.49459,1.00,1.00
2016.06.30 09:04:44.639,1.49444,1.49456,1.00,1.00
2016.06.30 09:04:44.691,1.49442,1.49456,1.00,1.00
2016.06.30 09:04:45.206,1.49442,1.49455,1.00,1.00
2016.06.30 09:04:45.409,1.49439,1.49454,1.00,1.00
2016.06.30 09:04:45.460,1.49441,1.49454,1.00,1.00
2016.06.30 09:04:45.561,1.49444,1.49461,1.00,2.32
2016.06.30 09:04:46.035,1.49442,1.49458,1.00,1.00
2016.06.30 09:04:46.644,1.49442,1.49457,1.00,1.00
2016.06.30 09:04:47.163,1.49438,1.49455,1.00,1.00
2016.06.30 09:04:47.214,1.49435,1.49451,1.00,1.00
2016.06.30 09:04:47.570,1.49433,1.49452,1.00,1.12
2016.06.30 09:04:47.622,1.49435,1.49451,1.00,1.12
2016.06.30 09:04:48.084,1.49438,1.49458,1.00,1.12
2016.06.30 09:04:48.596,1.49439,1.49459,1.00,2.92
2016.06.30 09:04:48.665,1.49441,1.49459,1.00,1.20
2016.06.30 09:04:49.183,1.49441,1.49456,1.00,1.00
2016.06.30 09:04:49.234,1.49439,1.49456,1.00,1.00
2016.06.30 09:04:49.896,1.4944,1.49456,1.00,1.50
2016.06.30 09:04:50.462,1.49437,1.49455,1.00,1.50
2016.06.30 09:04:50.666,1.49439,1.49455,1.00,1.50
2016.06.30 09:04:51.174,1.49439,1.49455,1.00,1.00
2016.06.30 09:04:51.830,1.49447,1.49459,1.00,1.17
2016.06.30 09:04:52.074,1.49455,1.49469,1.00,1.00
2016.06.30 09:04:52.126,1.49453,1.49471,1.00,1.00
2016.06.30 09:04:52.228,1.49451,1.49471,1.00,1.87
2016.06.30 09:04:52.279,1.49449,1.49469,1.00,1.87
2016.06.30 09:04:52.685,1.49448,1.49467,1.10,1.87
2016.06.30 09:04:52.928,1.49444,1.49463,1.00,1.87
2016.06.30 09:04:53.131,1.49444,1.49461,1.00,1.12
2016.06.30 09:04:55.599,1.49446,1.49461,1.00,2.25
2016.06.30 09:04:55.753,1.49444,1.49458,1.00,1.00
2016.06.30 09:04:56.263,1.49444,1.49457,1.00,1.00
2016.06.30 09:04:56.766,1.49438,1.49457,1.00,1.50
2016.06.30 09:04:56.933,1.49436,1.49455,1.12,1.00
2016.06.30 09:04:57.239,1.49442,1.4946,1.00,2.25
2016.06.30 09:04:57.546,1.49436,1.49456,1.50,1.00
2016.06.30 09:04:57.597,1.49436,1.49456,1.00,1.00
2016.06.30 09:04:57.700,1.4944,1.49457,1.00,1.75
2016.06.30 09:04:58.010,1.49446,1.49464,1.00,1.00
2016.06.30 09:04:58.522,1.49446,1.49464,1.00,1.50
2016.06.30 09:04:58.929,1.49444,1.49463,1.00,1.12
2016.06.30 09:04:59.031,1.49441,1.49462,1.00,1.00
2016.06.30 09:04:59.083,1.4944,1.4946,1.50,1.00
2016.06.30 09:04:59.327,1.49436,1.49457,1.00,1.00
2016.06.30 09:04:59.429,1.4944,1.49458,1.00,1.00
2016.06.30 09:04:59.481,1.4944,1.49461,1.00,1.00
2016.06.30 09:04:59.533,1.49443,1.49462,1.00,1.10
2016.06.30 09:04:59.584,1.49444,1.49464,1.00,1.00
2016.06.30 09:04:59.636,1.49446,1.49466,1.00,1.07
2016.06.30 09:04:59.890,1.49447,1.49468,1.00,1.00
2016.06.30 09:05:00.488,1.49444,1.49463,1.00,1.00
2016.06.30 09:05:00.793,1.49446,1.49464,1.00,1.00
2016.06.30 09:05:00.946,1.49446,1.49466,1.00,1.00
2016.06.30 09:05:01.398,1.49445,1.49463,1.00,1.00
2016.06.30 09:05:01.553,1.49448,1.49467,1.00,1.87
2016.06.30 09:05:01.859,1.49448,1.49465,1.00,1.00
2016.06.30 09:05:02.062,1.49448,1.49467,1.00,1.87
2016.06.30 09:05:02.723,1.49446,1.49465,1.50,1.00
2016.06.30 09:05:03.661,1.49448,1.49465,1.00,1.00
2016.06.30 09:05:04.096,1.49448,1.49467,1.00,1.87
2016.06.30 09:05:04.854,1.49448,1.49464,1.00,1.00
2016.06.30 09:05:05.007,1.49445,1.49463,1.00,1.00
2016.06.30 09:05:06.063,1.49445,1.49466,1.00,1.50
2016.06.30 09:05:06.215,1.49448,1.49466,1.00,1.00
2016.06.30 09:05:06.521,1.49442,1.49456,1.00,1.45
2016.06.30 09:05:06.623,1.49442,1.49458,1.00,3.00
2016.06.30 09:05:06.794,1.49437,1.49456,1.00,1.37
2016.06.30 09:05:07.100,1.49438,1.49459,1.00,1.12
2016.06.30 09:05:07.375,1.4944,1.4946,1.00,1.50
2016.06.30 09:05:07.799,1.4945,1.49469,1.00,2.32
2016.06.30 09:05:07.902,1.49453,1.49472,1.00,1.10
2016.06.30 09:05:10.181,1.49453,1.49473,1.00,2.40
2016.06.30 09:05:10.465,1.49455,1.49473,1.00,1.50
2016.06.30 09:05:10.668,1.49453,1.49473,1.00,1.50
2016.06.30 09:05:11.215,1.49453,1.49472,1.00,1.50
2016.06.30 09:05:12.064,1.49453,1.49473,1.00,2.25
2016.06.30 09:05:12.582,1.49452,1.49469,1.50,1.00
2016.06.30 09:05:12.836,1.49447,1.49468,1.50,1.87
2016.06.30 09:05:12.888,1.49446,1.49464,1.00,1.00
2016.06.30 09:05:13.197,1.49443,1.49461,1.00,1.12
2016.06.30 09:05:13.299,1.49443,1.49462,1.00,1.87
2016.06.30 09:05:13.604,1.49439,1.49456,1.50,1.12
2016.06.30 09:05:13.656,1.49437,1.49456,1.50,1.12
2016.06.30 09:05:14.157,1.49437,1.49455,1.00,1.00
2016.06.30 09:05:14.665,1.49437,1.49456,1.50,1.12
2016.06.30 09:05:15.071,1.4944,1.49455,1.00,1.00
2016.06.30 09:05:15.122,1.4944,1.49458,1.00,1.00
2016.06.30 09:05:15.173,1.49443,1.4946,1.00,1.50
2016.06.30 09:05:15.478,1.4943,1.49449,1.87,1.00
2016.06.30 09:05:15.529,1.49431,1.49452,1.37,1.37
2016.06.30 09:05:15.682,1.49435,1.49456,1.37,1.00
2016.06.30 09:05:15.733,1.49438,1.49457,1.00,1.12
2016.06.30 09:05:15.886,1.49442,1.49462,1.20,1.00
2016.06.30 09:05:15.938,1.49445,1.49464,1.00,1.00
2016.06.30 09:05:16.285,1.49458,1.49466,1.00,1.17
2016.06.30 09:05:16.336,1.49458,1.49466,1.50,1.10
2016.06.30 09:05:16.387,1.49472,1.49484,1.12,5.28
2016.06.30 09:05:16.438,1.49474,1.49484,1.85,1.00
2016.06.30 09:05:16.490,1.49476,1.49485,1.00,1.50
2016.06.30 09:05:16.542,1.49476,1.49493,1.12,1.00
2016.06.30 09:05:16.594,1.49476,1.4949,1.50,1.00
2016.06.30 09:05:16.748,1.49473,1.49486,1.00,1.00
2016.06.30 09:05:16.799,1.49472,1.49484,1.00,1.00
2016.06.30 09:05:16.903,1.49466,1.49484,1.57,1.00
2016.06.30 09:05:17.135,1.4947,1.49484,1.50,1.00
2016.06.30 09:05:17.186,1.49474,1.49493,1.50,1.00
2016.06.30 09:05:17.288,1.49474,1.49493,1.37,1.00
2016.06.30 09:05:17.543,1.49472,1.49492,1.50,1.00
2016.06.30 09:05:17.595,1.4947,1.49489,1.00,1.00
2016.06.30 09:05:17.646,1.49467,1.49488,1.00,1.00
2016.06.30 09:05:18.042,1.49471,1.49491,1.00,2.77
2016.06.30 09:05:18.398,1.49476,1.49494,1.00,2.25
2016.06.30 09:05:18.602,1.49486,1.49503,1.00,2.25
2016.06.30 09:05:18.653,1.49488,1.49507,1.00,1.12
2016.06.30 09:05:19.867,1.49489,1.49508,1.00,1.47
2016.06.30 09:05:19.919,1.49491,1.49508,1.00,1.47
2016.06.30 09:05:20.260,1.49497,1.49515,1.00,1.00
2016.06.30 09:05:20.311,1.49499,1.49517,1.00,1.12
2016.06.30 09:05:20.616,1.49501,1.49516,1.00,1.00
2016.06.30 09:05:20.667,1.49499,1.49516,1.00,1.00
2016.06.30 09:05:20.819,1.49498,1.49518,1.00,1.00
2016.06.30 09:05:20.870,1.49499,1.49516,1.00,1.00
2016.06.30 09:05:20.972,1.49497,1.49516,1.00,1.00
2016.06.30 09:05:21.312,1.49499,1.49518,1.00,1.20
2016.06.30 09:05:21.617,1.49502,1.49517,1.00,1.00
2016.06.30 09:05:21.668,1.49498,1.49517,1.00,1.00
2016.06.30 09:05:21.719,1.49496,1.49516,1.00,1.00
2016.06.30 09:05:21.770,1.49495,1.49514,1.00,1.00
2016.06.30 09:05:22.077,1.49494,1.49511,1.10,1.00
2016.06.30 09:05:22.426,1.49482,1.49502,1.00,1.12
2016.06.30 09:05:22.883,1.4948,1.49501,1.00,1.00
2016.06.30 09:05:22.934,1.4948,1.49501,1.00,1.95
2016.06.30 09:05:23.951,1.49493,1.49498,1.00,1.00
2016.06.30 09:05:24.206,1.49507,1.49513,1.57,1.00
2016.06.30 09:05:24.273,1.49508,1.49521,1.00,1.12
2016.06.30 09:05:24.523,1.49506,1.49524,1.15,1.00
2016.06.30 09:05:24.675,1.49505,1.4952,1.20,1.00
2016.06.30 09:05:24.979,1.49505,1.49513,1.20,1.00
2016.06.30 09:05:25.030,1.49505,1.49515,1.10,1.00
2016.06.30 09:05:25.132,1.49506,1.49517,1.00,1.00
2016.06.30 09:05:25.677,1.49507,1.49517,1.00,1.00
2016.06.30 09:05:26.082,1.49502,1.49518,1.57,1.00
2016.06.30 09:05:26.184,1.49505,1.49518,1.00,1.00
2016.06.30 09:05:26.613,1.49503,1.49512,1.00,1.00
2016.06.30 09:05:26.716,1.49499,1.49509,1.00,1.00
2016.06.30 09:05:27.225,1.49499,1.49512,1.00,1.00
2016.06.30 09:05:27.276,1.495,1.49514,1.00,1.00
2016.06.30 09:05:27.327,1.495,1.49516,1.00,1.00
2016.06.30 09:05:27.378,1.49504,1.49516,1.00,1.00
2016.06.30 09:05:27.763,1.49506,1.49517,1.00,1.00
2016.06.30 09:05:27.916,1.49507,1.49523,1.00,1.00
2016.06.30 09:05:27.967,1.49507,1.49523,1.37,1.00
2016.06.30 09:05:28.018,1.49509,1.49527,1.07,1.00
2016.06.30 09:05:28.069,1.49514,1.49529,1.10,1.00
2016.06.30 09:05:28.375,1.49518,1.49531,1.50,1.00
2016.06.30 09:05:28.477,1.49517,1.49531,1.87,1.00
2016.06.30 09:05:28.915,1.49519,1.49533,1.00,1.00
2016.06.30 09:05:29.424,1.49517,1.49533,1.12,1.00
2016.06.30 09:05:29.526,1.49519,1.49533,1.00,1.00
2016.06.30 09:05:30.074,1.49523,1.49535,2.25,1.00
2016.06.30 09:05:30.148,1.49528,1.49544,1.20,1.00
2016.06.30 09:05:30.352,1.49528,1.49542,1.10,1.00
2016.06.30 09:05:30.505,1.49526,1.49542,1.00,1.00
2016.06.30 09:05:30.606,1.49528,1.49542,1.00,1.00
2016.06.30 09:05:31.136,1.49529,1.49542,1.00,1.00
2016.06.30 09:05:31.342,1.49524,1.49539,1.00,1.00
2016.06.30 09:05:31.547,1.49521,1.49539,1.00,1.00
2016.06.30 09:05:31.750,1.49523,1.49539,1.00,1.00
2016.06.30 09:05:32.226,1.49526,1.49539,1.00,1.00
2016.06.30 09:05:32.530,1.4952,1.49534,1.07,1.00
2016.06.30 09:05:32.683,1.49518,1.49537,1.57,1.00
2016.06.30 09:05:32.734,1.49524,1.49542,1.00,3.75
2016.06.30 09:05:32.989,1.49526,1.49542,1.00,1.00
2016.06.30 09:05:33.338,1.49529,1.49541,1.00,1.00
2016.06.30 09:05:33.440,1.49524,1.49541,1.65,1.00
2016.06.30 09:05:33.850,1.49524,1.49537,2.02,1.00
2016.06.30 09:05:34.168,1.49514,1.49529,1.12,1.00
2016.06.30 09:05:34.321,1.49516,1.49528,1.00,1.00
2016.06.30 09:05:34.625,1.49512,1.49529,1.12,1.00
2016.06.30 09:05:34.726,1.49517,1.49529,1.00,1.00
2016.06.30 09:05:35.110,1.49515,1.49529,1.00,1.00
2016.06.30 09:05:35.516,1.49517,1.49529,1.00,1.00
2016.06.30 09:05:35.856,1.49515,1.49525,1.00,1.00
2016.06.30 09:05:36.059,1.49512,1.49525,1.00,1.00
2016.06.30 09:05:36.382,1.4951,1.49524,1.00,1.00
2016.06.30 09:05:37.042,1.4951,1.49522,1.00,1.00
2016.06.30 09:05:37.244,1.49508,1.49522,1.00,1.00
2016.06.30 09:05:37.807,1.49508,1.49521,1.00,1.00
2016.06.30 09:05:37.858,1.49507,1.49516,1.00,1.00
2016.06.30 09:05:37.960,1.495,1.49515,1.00,1.00
2016.06.30 09:05:38.113,1.49499,1.49511,1.00,1.00
2016.06.30 09:05:38.164,1.49494,1.49511,1.50,1.00
2016.06.30 09:05:38.266,1.49494,1.49511,1.20,1.00
2016.06.30 09:05:38.368,1.49496,1.49512,1.00,1.00
2016.06.30 09:05:38.820,1.49496,1.49514,1.12,1.00
2016.06.30 09:05:39.073,1.49494,1.49511,1.90,1.00
2016.06.30 09:05:39.226,1.49495,1.49513,1.95,1.00
2016.06.30 09:05:39.430,1.49496,1.49515,2.40,1.00
2016.06.30 09:05:40.068,1.49498,1.49515,1.00,1.00
2016.06.30 09:05:40.627,1.49497,1.49516,2.70,1.00
2016.06.30 09:05:40.678,1.495,1.49516,1.50,1.00
2016.06.30 09:05:41.001,1.49506,1.49518,1.00,1.00
2016.06.30 09:05:41.053,1.49504,1.49518,1.12,1.00
2016.06.30 09:05:41.373,1.49507,1.49524,1.00,1.00
2016.06.30 09:05:41.425,1.49511,1.49531,1.00,1.00
2016.06.30 09:05:41.527,1.49513,1.49532,1.50,1.00
2016.06.30 09:05:41.853,1.49517,1.49536,1.00,1.00
2016.06.30 09:05:41.905,1.49518,1.49538,1.00,1.12
2016.06.30 09:05:42.060,1.49517,1.49532,1.00,1.12
2016.06.30 09:05:42.366,1.49508,1.49527,1.00,2.32
2016.06.30 09:05:42.417,1.4951,1.49524,1.00,1.00
2016.06.30 09:05:42.744,1.49516,1.49531,1.00,1.00
2016.06.30 09:05:42.846,1.49518,1.49531,1.00,1.00
2016.06.30 09:05:42.948,1.49516,1.49531,1.00,1.00
2016.06.30 09:05:43.034,1.49518,1.49532,1.00,1.00
2016.06.30 09:05:43.344,1.49512,1.49526,1.00,1.00
2016.06.30 09:05:43.445,1.4951,1.49528,1.50,1.12
2016.06.30 09:05:43.547,1.49512,1.49531,1.00,1.00
2016.06.30 09:05:43.649,1.49514,1.49531,1.00,1.00
2016.06.30 09:05:43.751,1.49515,1.49533,1.50,1.00
2016.06.30 09:05:43.852,1.49517,1.49533,1.00,1.00
2016.06.30 09:05:43.903,1.49517,1.49535,1.50,1.00
2016.06.30 09:05:44.065,1.49519,1.49535,1.00,1.00
2016.06.30 09:05:44.371,1.49518,1.49531,1.00,1.00
2016.06.30 09:05:44.524,1.49518,1.49534,1.00,1.00
2016.06.30 09:05:44.575,1.4952,1.49537,1.00,1.00
2016.06.30 09:05:44.678,1.49522,1.4954,1.00,1.00
2016.06.30 09:05:44.780,1.4952,1.49539,1.00,1.00
2016.06.30 09:05:44.976,1.49519,1.49536,1.00,1.00
2016.06.30 09:05:45.027,1.49517,1.49536,1.00,1.00
2016.06.30 09:05:45.078,1.49518,1.49539,1.00,1.00
2016.06.30 09:05:45.130,1.49521,1.49539,1.00,1.00
2016.06.30 09:05:45.333,1.49517,1.49538,1.50,1.00
2016.06.30 09:05:45.384,1.4952,1.49539,1.00,1.37
2016.06.30 09:05:46.027,1.49527,1.49541,1.00,1.92
2016.06.30 09:05:46.230,1.49534,1.49547,1.00,1.95
2016.06.30 09:05:46.383,1.49534,1.49553,1.00,2.32
2016.06.30 09:05:46.535,1.49535,1.49553,1.00,1.20
2016.06.30 09:05:46.637,1.49535,1.49553,1.00,1.85
2016.06.30 09:05:47.138,1.49534,1.49552,1.00,1.20
2016.06.30 09:05:47.847,1.49537,1.49554,1.00,1.20
2016.06.30 09:05:48.097,1.49537,1.49555,1.00,3.52
2016.06.30 09:05:48.198,1.49534,1.49554,1.00,1.95
2016.06.30 09:05:48.503,1.49539,1.49553,1.00,1.87
2016.06.30 09:05:48.655,1.49542,1.49561,1.00,1.87
2016.06.30 09:05:48.859,1.49542,1.49562,1.00,3.00
2016.06.30 09:05:49.127,1.4954,1.49561,1.00,1.27
2016.06.30 09:05:49.178,1.49543,1.49561,1.00,1.27
2016.06.30 09:05:49.280,1.49541,1.4956,1.00,1.15
2016.06.30 09:05:49.534,1.49543,1.49561,1.00,1.27
2016.06.30 09:05:50.056,1.49538,1.49559,1.00,1.20
2016.06.30 09:05:50.158,1.49537,1.49556,1.00,1.00
2016.06.30 09:05:50.487,1.49535,1.49554,1.00,1.15
2016.06.30 09:05:50.895,1.49526,1.49544,2.25,1.00
2016.06.30 09:05:52.303,1.49526,1.4954,1.75,1.00
2016.06.30 09:05:52.354,1.49524,1.49542,2.25,1.00
2016.06.30 09:05:52.406,1.49527,1.49544,1.50,1.00
2016.06.30 09:05:52.776,1.4953,1.49544,1.00,1.00
2016.06.30 09:05:52.828,1.49536,1.49552,1.00,1.10
2016.06.30 09:05:52.930,1.49543,1.49559,1.00,1.00
2016.06.30 09:05:53.134,1.49543,1.49561,3.75,1.00
2016.06.30 09:05:53.388,1.49542,1.4956,1.75,1.00
2016.06.30 09:05:53.753,1.4954,1.49557,1.12,1.00
2016.06.30 09:05:53.804,1.49542,1.49561,1.50,1.10
2016.06.30 09:05:53.855,1.49545,1.49561,1.00,1.10
2016.06.30 09:05:54.161,1.49539,1.49555,1.87,1.00
2016.06.30 09:05:54.314,1.49536,1.4955,1.00,1.00
2016.06.30 09:05:54.416,1.49534,1.49549,1.50,1.00
2016.06.30 09:05:54.616,1.49534,1.49547,1.00,1.00
2016.06.30 09:05:54.820,1.49531,1.49547,1.12,1.00
2016.06.30 09:05:55.331,1.49529,1.49545,1.50,1.00
2016.06.30 09:05:55.651,1.49524,1.4954,1.12,1.00
2016.06.30 09:05:55.804,1.49525,1.49538,1.00,1.00
2016.06.30 09:05:55.855,1.49522,1.49538,1.00,1.00
2016.06.30 09:05:55.906,1.49522,1.49533,1.00,1.00
2016.06.30 09:05:55.957,1.49518,1.49531,1.00,1.00
2016.06.30 09:05:56.490,1.49511,1.49526,1.37,1.00
2016.06.30 09:05:56.643,1.49507,1.49526,1.87,1.00
2016.06.30 09:05:57.150,1.49508,1.49526,1.00,1.00
2016.06.30 09:05:57.637,1.4951,1.49528,1.37,1.00
2016.06.30 09:05:57.941,1.49516,1.4953,1.00,1.00
2016.06.30 09:05:58.044,1.49514,1.4953,1.00,1.00
2016.06.30 09:05:58.197,1.49514,1.49528,1.00,1.00
2016.06.30 09:05:58.300,1.49514,1.49531,1.00,1.00
2016.06.30 09:05:58.552,1.49513,1.49529,1.12,1.00
2016.06.30 09:05:59.163,1.49511,1.49528,1.00,1.00
2016.06.30 09:05:59.547,1.49516,1.49536,1.12,1.00
2016.06.30 09:05:59.599,1.49516,1.49536,1.87,1.00
2016.06.30 09:05:59.938,1.49523,1.49537,1.00,1.00
2016.06.30 09:06:00.192,1.49522,1.49539,1.00,1.00
2016.06.30 09:06:00.447,1.49522,1.49541,2.25,1.00
2016.06.30 09:06:00.753,1.4953,1.49543,1.00,1.00
2016.06.30 09:06:00.994,1.49525,1.49543,1.10,1.00
2016.06.30 09:06:01.045,1.49525,1.49541,1.10,1.00
2016.06.30 09:06:01.096,1.49525,1.49544,1.65,1.00
2016.06.30 09:06:01.147,1.49527,1.49544,1.87,1.00
2016.06.30 09:06:01.198,1.49527,1.49546,2.62,1.00
2016.06.30 09:06:01.250,1.49532,1.49548,1.00,1.00
2016.06.30 09:06:01.555,1.49537,1.49556,1.00,1.12
2016.06.30 09:06:01.606,1.49541,1.49559,1.00,2.17
2016.06.30 09:06:01.758,1.49546,1.49565,1.00,1.87
2016.06.30 09:06:01.809,1.49548,1.49565,1.00,1.87
2016.06.30 09:06:02.411,1.49546,1.49565,1.00,1.57
2016.06.30 09:06:02.766,1.49548,1.49565,1.00,1.20
2016.06.30 09:06:03.072,1.4955,1.49565,1.00,1.00
2016.06.30 09:06:04.483,1.49552,1.49565,1.00,1.00
2016.06.30 09:06:04.534,1.49552,1.49567,1.00,1.00
2016.06.30 09:06:04.585,1.49555,1.4957,1.00,1.27
2016.06.30 09:06:04.687,1.49555,1.49573,1.00,1.20
2016.06.30 09:06:04.930,1.49557,1.49573,1.00,1.95
2016.06.30 09:06:05.135,1.49559,1.49577,1.00,1.00
2016.06.30 09:06:05.237,1.49559,1.49576,1.00,1.47
2016.06.30 09:06:05.491,1.49556,1.49576,1.00,1.57
2016.06.30 09:06:05.694,1.49559,1.49576,1.00,1.57
2016.06.30 09:06:05.897,1.49555,1.49574,1.50,1.20
2016.06.30 09:06:05.948,1.49557,1.49576,1.00,1.12
2016.06.30 09:06:06.172,1.49554,1.49572,1.00,1.00
2016.06.30 09:06:06.224,1.49554,1.4957,1.00,1.00
2016.06.30 09:06:06.325,1.49549,1.49569,1.37,1.00
2016.06.30 09:06:06.804,1.49556,1.49576,1.50,1.12
2016.06.30 09:06:06.957,1.49565,1.4958,1.00,1.00
2016.06.30 09:06:07.008,1.49565,1.49583,1.00,1.00
2016.06.30 09:06:07.223,1.49564,1.49585,1.50,1.00
2016.06.30 09:06:07.431,1.49565,1.49582,1.00,1.00
2016.06.30 09:06:07.735,1.49565,1.4958,1.00,1.00
2016.06.30 09:06:08.041,1.49565,1.49578,1.00,1.00
2016.06.30 09:06:08.244,1.49562,1.49578,1.37,1.00
2016.06.30 09:06:08.346,1.49562,1.49576,1.00,1.00
2016.06.30 09:06:08.850,1.49563,1.49575,1.00,1.00
2016.06.30 09:06:08.951,1.49563,1.49577,1.00,1.00
2016.06.30 09:06:09.256,1.49561,1.49576,1.00,1.00
2016.06.30 09:06:09.360,1.49562,1.49572,1.00,1.00
2016.06.30 09:06:09.564,1.49552,1.49566,1.00,1.00
2016.06.30 09:06:09.781,1.49554,1.4957,1.00,1.00
2016.06.30 09:06:09.833,1.49554,1.49572,1.00,1.00
2016.06.30 09:06:10.138,1.49557,1.49573,1.00,1.00
2016.06.30 09:06:10.442,1.49554,1.49569,1.37,1.00
2016.06.30 09:06:10.747,1.49553,1.49567,1.00,1.00
2016.06.30 09:06:11.086,1.49553,1.49565,1.00,1.00
2016.06.30 09:06:11.491,1.49553,1.49567,1.00,1.00
2016.06.30 09:06:12.036,1.49554,1.49567,1.00,1.00
2016.06.30 09:06:12.676,1.49555,1.49567,1.00,1.00
2016.06.30 09:06:12.881,1.49553,1.49567,1.00,1.00
2016.06.30 09:06:12.984,1.49555,1.49567,1.00,1.00
2016.06.30 09:06:13.139,1.49552,1.49567,1.00,1.00
2016.06.30 09:06:13.291,1.49552,1.49565,1.00,1.00
2016.06.30 09:06:13.903,1.49551,1.49565,1.00,1.00
2016.06.30 09:06:13.954,1.49549,1.49564,1.00,1.00
2016.06.30 09:06:14.056,1.49549,1.4956,1.00,1.00
2016.06.30 09:06:14.158,1.49543,1.49556,1.57,1.00
2016.06.30 09:06:14.260,1.49538,1.49554,1.00,1.00
2016.06.30 09:06:14.312,1.49538,1.49552,1.00,1.00
2016.06.30 09:06:14.363,1.49537,1.49554,1.10,1.00
2016.06.30 09:06:14.414,1.49537,1.49552,1.10,1.00
2016.06.30 09:06:14.632,1.49536,1.49557,1.12,1.50
2016.06.30 09:06:15.044,1.4954,1.49557,1.00,1.00
2016.06.30 09:06:15.147,1.49549,1.49568,1.00,1.00
2016.06.30 09:06:15.198,1.49551,1.4957,1.00,1.00
2016.06.30 09:06:15.707,1.49552,1.49573,1.00,1.57
2016.06.30 09:06:15.859,1.49549,1.49569,1.87,1.00
2016.06.30 09:06:16.062,1.49548,1.49568,1.00,1.00
2016.06.30 09:06:16.482,1.4955,1.49568,1.00,1.00
2016.06.30 09:06:16.788,1.49553,1.49574,1.00,1.52
2016.06.30 09:06:16.839,1.49556,1.49576,1.12,1.20
2016.06.30 09:06:16.891,1.49556,1.49577,1.12,1.65
2016.06.30 09:06:16.994,1.49558,1.49579,1.37,1.65
2016.06.30 09:06:17.331,1.49559,1.49569,1.00,1.00
2016.06.30 09:06:17.383,1.49548,1.49563,1.00,1.00
2016.06.30 09:06:17.485,1.49546,1.49563,1.37,1.00
2016.06.30 09:06:17.587,1.49547,1.49565,1.47,1.00
2016.06.30 09:06:17.790,1.49552,1.49565,1.00,1.00
2016.06.30 09:06:18.122,1.49547,1.49563,1.37,1.00
2016.06.30 09:06:18.173,1.49546,1.49563,1.12,1.00
2016.06.30 09:06:18.276,1.49546,1.49561,1.12,1.00
2016.06.30 09:06:18.582,1.49548,1.49563,1.00,1.00
2016.06.30 09:06:18.887,1.4955,1.49562,1.00,1.00
2016.06.30 09:06:19.228,1.49549,1.4956,1.00,1.00
2016.06.30 09:06:20.146,1.49548,1.4956,1.00,1.00
2016.06.30 09:06:20.872,1.49549,1.4956,1.00,1.00
2016.06.30 09:06:21.227,1.49549,1.49556,1.00,1.00
2016.06.30 09:06:21.623,1.49545,1.4955,1.00,1.00
2016.06.30 09:06:21.674,1.49535,1.49551,1.00,1.00
2016.06.30 09:06:21.725,1.49537,1.49551,1.00,1.00
2016.06.30 09:06:22.232,1.49537,1.49551,1.20,1.00
2016.06.30 09:06:22.755,1.49535,1.49551,1.07,1.00
2016.06.30 09:06:23.009,1.49538,1.49551,1.00,1.00
2016.06.30 09:06:23.517,1.49539,1.49551,1.20,1.00
2016.06.30 09:06:24.035,1.4954,1.49551,1.00,1.00
2016.06.30 09:06:24.574,1.49537,1.49551,1.87,1.00
2016.06.30 09:06:24.625,1.49539,1.49554,1.07,1.00
2016.06.30 09:06:24.727,1.49538,1.49552,1.10,1.00
2016.06.30 09:06:25.148,1.4954,1.49552,1.00,1.00
2016.06.30 09:06:25.200,1.49537,1.49552,1.57,1.00
2016.06.30 09:06:25.555,1.4954,1.49552,1.00,1.00
2016.06.30 09:06:25.707,1.49541,1.49554,1.00,1.00
2016.06.30 09:06:26.214,1.49542,1.49553,1.00,1.00
2016.06.30 09:06:26.609,1.49542,1.4956,1.00,1.50
2016.06.30 09:06:26.660,1.49555,1.49565,1.00,1.50
2016.06.30 09:06:26.814,1.49559,1.4957,1.10,1.00
2016.06.30 09:06:26.865,1.49559,1.49574,1.10,1.12
2016.06.30 09:06:26.917,1.49557,1.49575,1.00,1.37
2016.06.30 09:06:27.019,1.49557,1.49572,1.00,1.00
2016.06.30 09:06:27.125,1.49553,1.4957,1.50,1.00
2016.06.30 09:06:27.717,1.49554,1.4957,1.00,1.00
2016.06.30 09:06:28.225,1.49555,1.4957,1.00,1.00
2016.06.30 09:06:28.634,1.49552,1.4957,1.00,1.00
2016.06.30 09:06:28.685,1.49552,1.49568,1.00,1.00
2016.06.30 09:06:29.011,1.49552,1.49566,1.00,1.00
2016.06.30 09:06:29.422,1.49551,1.49569,1.87,1.00
2016.06.30 09:06:29.474,1.49551,1.49567,1.87,1.00
2016.06.30 09:06:29.577,1.49553,1.49569,1.00,1.00
2016.06.30 09:06:29.679,1.49552,1.49566,1.55,1.00
2016.06.30 09:06:30.045,1.49543,1.49547,1.00,1.00
2016.06.30 09:06:30.097,1.49527,1.49541,1.00,1.00
2016.06.30 09:06:30.453,1.49524,1.49539,1.50,1.00
2016.06.30 09:06:30.505,1.49524,1.49539,1.00,1.00
2016.06.30 09:06:31.273,1.49523,1.49542,1.12,1.00
2016.06.30 09:06:31.628,1.49522,1.49542,2.02,1.00
2016.06.30 09:06:32.793,1.49523,1.49542,1.37,1.00
2016.06.30 09:06:33.149,1.49522,1.49539,1.57,1.00
2016.06.30 09:06:33.405,1.49521,1.49538,1.57,1.00
2016.06.30 09:06:33.508,1.49521,1.49535,1.00,1.00
2016.06.30 09:06:33.559,1.4952,1.49539,1.12,1.00
2016.06.30 09:06:33.610,1.49526,1.49539,1.00,1.00
2016.06.30 09:06:33.661,1.49526,1.49541,1.00,1.00
2016.06.30 09:06:33.840,1.49526,1.49543,1.00,1.00
2016.06.30 09:06:33.896,1.49528,1.49543,1.00,1.00
2016.06.30 09:06:33.998,1.49525,1.49543,1.12,1.00
2016.06.30 09:06:34.050,1.49526,1.49541,1.00,1.00
2016.06.30 09:06:34.355,1.49523,1.49538,1.00,1.00
2016.06.30 09:06:34.406,1.49523,1.49541,1.00,1.00
2016.06.30 09:06:34.457,1.49525,1.49538,1.00,1.00
2016.06.30 09:06:34.794,1.49523,1.49538,1.00,1.00
2016.06.30 09:06:34.846,1.49521,1.4954,1.95,1.00
2016.06.30 09:06:34.948,1.49525,1.4954,1.00,1.00
2016.06.30 09:06:35.253,1.49522,1.49537,1.12,1.00
2016.06.30 09:06:35.406,1.4952,1.49537,1.12,1.00
2016.06.30 09:06:35.610,1.4952,1.49534,1.12,1.00
2016.06.30 09:06:36.271,1.49518,1.49529,1.00,1.00
2016.06.30 09:06:36.474,1.49505,1.49524,1.37,1.00
2016.06.30 09:06:36.987,1.49504,1.49519,1.37,1.00
2016.06.30 09:06:37.039,1.49504,1.49519,1.00,1.00
2016.06.30 09:06:37.141,1.49502,1.49519,1.00,1.00
2016.06.30 09:06:37.799,1.49502,1.49519,2.62,1.00
2016.06.30 09:06:38.384,1.49503,1.49518,1.12,1.00
2016.06.30 09:06:38.435,1.49502,1.49515,1.50,1.00
2016.06.30 09:06:38.537,1.495,1.49515,1.10,1.00
2016.06.30 09:06:38.690,1.49498,1.49512,1.00,1.00
2016.06.30 09:06:38.996,1.49496,1.4951,1.37,1.00
2016.06.30 09:06:39.464,1.49494,1.49512,1.50,1.00
2016.06.30 09:06:39.922,1.49494,1.4951,1.47,1.00
2016.06.30 09:06:41.408,1.49491,1.49511,3.00,1.00
2016.06.30 09:06:41.460,1.49494,1.49511,1.00,1.00
2016.06.30 09:06:41.512,1.49494,1.49509,1.00,1.00
2016.06.30 09:06:41.564,1.4949,1.49509,2.25,1.00
2016.06.30 09:06:41.615,1.49494,1.49513,1.00,1.00
2016.06.30 09:06:41.773,1.49498,1.49515,1.00,1.00
2016.06.30 09:06:41.824,1.49495,1.49514,1.50,1.00
2016.06.30 09:06:42.335,1.49496,1.49515,1.00,1.00
2016.06.30 09:06:42.386,1.49496,1.49515,1.37,1.00
2016.06.30 09:06:42.933,1.49494,1.49514,1.87,1.00
2016.06.30 09:06:43.439,1.49496,1.49514,1.37,1.00
2016.06.30 09:06:43.951,1.49496,1.49513,1.37,1.00
2016.06.30 09:06:44.003,1.49494,1.49512,1.12,1.00
2016.06.30 09:06:44.614,1.49495,1.49512,1.00,1.00
2016.06.30 09:06:45.161,1.49495,1.49511,1.00,1.00
2016.06.30 09:06:45.467,1.49493,1.49509,1.37,1.00
2016.06.30 09:06:45.773,1.49488,1.49506,2.32,1.00
2016.06.30 09:06:46.669,1.4949,1.49506,1.50,1.00
2016.06.30 09:06:46.720,1.49492,1.49507,1.00,1.00
2016.06.30 09:06:47.227,1.49493,1.49507,1.12,1.00
2016.06.30 09:06:47.566,1.49489,1.49505,1.45,1.00
2016.06.30 09:06:47.718,1.49488,1.49505,1.12,1.00
2016.06.30 09:06:48.126,1.49484,1.49504,3.45,1.00
2016.06.30 09:06:48.636,1.49485,1.49504,2.25,1.00
2016.06.30 09:06:48.688,1.49485,1.49504,1.87,1.00
2016.06.30 09:06:49.296,1.49483,1.49503,2.32,1.00
2016.06.30 09:06:49.347,1.49482,1.495,1.57,1.00
2016.06.30 09:06:49.450,1.4948,1.49498,1.20,1.00
2016.06.30 09:06:49.603,1.49479,1.49495,2.70,1.00
2016.06.30 09:06:50.545,1.49479,1.49495,1.57,1.00
2016.06.30 09:06:52.233,1.49478,1.49495,1.12,1.00
2016.06.30 09:06:52.939,1.49478,1.49497,2.25,1.00
2016.06.30 09:06:53.245,1.4948,1.49499,1.95,1.00
2016.06.30 09:06:53.347,1.49486,1.49502,1.00,1.00
2016.06.30 09:06:53.398,1.49486,1.49505,1.50,1.00
2016.06.30 09:06:53.449,1.49489,1.49508,1.87,1.00
2016.06.30 09:06:53.839,1.49491,1.4951,1.87,1.00
2016.06.30 09:06:54.245,1.49493,1.4951,1.00,1.00
2016.06.30 09:06:54.756,1.49494,1.4951,1.00,1.00
2016.06.30 09:06:54.858,1.49492,1.4951,1.87,1.00
2016.06.30 09:06:55.964,1.49494,1.4951,1.00,1.00
2016.06.30 09:06:57.171,1.49496,1.49513,1.00,1.00
2016.06.30 09:06:57.678,1.49496,1.49514,1.10,1.00
2016.06.30 09:06:57.883,1.49495,1.49512,1.00,1.00
2016.06.30 09:06:58.597,1.49494,1.49512,1.00,1.00
2016.06.30 09:06:59.111,1.49494,1.49513,1.00,1.00
2016.06.30 09:06:59.416,1.49497,1.49513,1.00,1.00
2016.06.30 09:06:59.937,1.49497,1.49512,1.00,1.00
2016.06.30 09:07:01.717,1.49495,1.49512,1.87,1.00
2016.06.30 09:07:02.022,1.49494,1.4951,1.37,1.00
2016.06.30 09:07:02.226,1.49481,1.49498,2.62,1.00
2016.06.30 09:07:02.278,1.49479,1.49496,1.12,1.00
2016.06.30 09:07:02.889,1.49477,1.49495,1.00,1.00
2016.06.30 09:07:05.200,1.49478,1.49495,1.00,1.00
2016.06.30 09:07:05.915,1.49479,1.49495,1.00,1.00
2016.06.30 09:07:06.438,1.4948,1.49495,1.00,1.00
2016.06.30 09:07:06.792,1.49482,1.49495,1.00,1.00
2016.06.30 09:07:06.895,1.4948,1.49498,1.00,1.00
2016.06.30 09:07:07.097,1.4948,1.49496,1.50,1.00
2016.06.30 09:07:07.479,1.49477,1.49496,1.00,1.00
2016.06.30 09:07:07.733,1.49477,1.49488,1.00,1.00
2016.06.30 09:07:07.834,1.49469,1.49483,1.50,1.00
2016.06.30 09:07:07.886,1.49468,1.4948,1.00,1.00
2016.06.30 09:07:07.988,1.49461,1.49477,1.00,1.00
2016.06.30 09:07:08.090,1.49459,1.49477,1.00,1.00
2016.06.30 09:07:08.192,1.49463,1.49478,1.00,1.00
2016.06.30 09:07:08.243,1.49463,1.4948,1.00,1.00
2016.06.30 09:07:08.551,1.49462,1.49478,1.87,1.00
2016.06.30 09:07:08.602,1.4946,1.49478,1.00,1.00
2016.06.30 09:07:08.754,1.49458,1.49478,1.00,1.00
2016.06.30 09:07:08.856,1.49461,1.49478,1.00,1.00
2016.06.30 09:07:08.958,1.49459,1.49478,1.50,1.00
2016.06.30 09:07:09.160,1.49461,1.49478,1.00,1.00
2016.06.30 09:07:11.069,1.49462,1.49478,1.00,1.00
2016.06.30 09:07:11.824,1.49462,1.49475,1.00,1.00
2016.06.30 09:07:12.028,1.49461,1.49478,1.00,1.00
2016.06.30 09:07:12.079,1.49461,1.49475,1.37,1.00
2016.06.30 09:07:12.233,1.49459,1.49475,1.00,1.00
2016.06.30 09:07:12.386,1.4946,1.49477,1.00,1.00
2016.06.30 09:07:12.690,1.49459,1.49473,1.00,1.00
2016.06.30 09:07:12.894,1.49457,1.49472,1.00,1.00
2016.06.30 09:07:13.416,1.49455,1.49472,1.50,1.00
2016.06.30 09:07:13.955,1.49455,1.49472,1.00,1.00
2016.06.30 09:07:14.107,1.49457,1.49476,1.00,1.00
2016.06.30 09:07:14.311,1.49459,1.49477,1.00,1.00
2016.06.30 09:07:14.665,1.49459,1.49473,1.00,1.00
2016.06.30 09:07:14.868,1.49456,1.49473,1.00,1.00
2016.06.30 09:07:15.249,1.49456,1.49471,1.00,1.00
2016.06.30 09:07:15.554,1.49451,1.49465,1.00,1.00
2016.06.30 09:07:15.606,1.49449,1.49465,1.00,1.00
2016.06.30 09:07:15.809,1.49448,1.49461,1.00,1.00
2016.06.30 09:07:15.962,1.49443,1.49461,2.62,1.00
2016.06.30 09:07:16.064,1.49443,1.49459,2.62,1.00
2016.06.30 09:07:16.400,1.49443,1.49457,1.37,1.00
2016.06.30 09:07:17.902,1.49442,1.49457,1.00,1.00
2016.06.30 09:07:18.309,1.49445,1.49457,1.00,1.00
2016.06.30 09:07:18.513,1.49446,1.49461,1.00,1.00
2016.06.30 09:07:18.735,1.49445,1.49461,1.87,1.00
2016.06.30 09:07:19.896,1.49447,1.49461,1.00,1.00
2016.06.30 09:07:20.413,1.49448,1.49461,1.00,1.00
2016.06.30 09:07:20.745,1.49446,1.49457,1.00,1.00
2016.06.30 09:07:20.797,1.4944,1.49456,1.00,1.00
2016.06.30 09:07:21.340,1.49444,1.49458,1.00,1.00
2016.06.30 09:07:21.650,1.49434,1.49453,2.25,1.00
2016.06.30 09:07:21.701,1.49437,1.49453,1.00,1.00
2016.06.30 09:07:21.752,1.49437,1.49456,1.20,1.00
2016.06.30 09:07:21.803,1.49438,1.49458,1.20,1.50
2016.06.30 09:07:22.109,1.49441,1.49457,1.00,1.00
2016.06.30 09:07:22.449,1.49439,1.49457,1.00,1.00
2016.06.30 09:07:22.602,1.49441,1.49457,1.00,1.00
2016.06.30 09:07:22.704,1.49439,1.49457,1.00,1.00
2016.06.30 09:07:23.210,1.4944,1.49457,1.00,1.00
2016.06.30 09:07:23.720,1.49441,1.49457,1.00,1.00
2016.06.30 09:07:24.259,1.4944,1.49457,1.00,1.00
2016.06.30 09:07:24.564,1.49436,1.49455,1.12,1.00
2016.06.30 09:07:24.686,1.49432,1.49453,3.00,1.00
2016.06.30 09:07:24.738,1.49436,1.49453,1.00,1.00
2016.06.30 09:07:25.102,1.49438,1.49454,1.00,1.00
2016.06.30 09:07:25.406,1.4944,1.49456,1.50,1.00
2016.06.30 09:07:26.370,1.4944,1.49454,1.00,1.00
2016.06.30 09:07:26.598,1.49437,1.49456,1.07,1.12
2016.06.30 09:07:26.857,1.49434,1.49455,3.07,1.00
2016.06.30 09:07:26.960,1.49435,1.49453,1.10,1.00
2016.06.30 09:07:27.266,1.49436,1.49449,1.00,1.00
2016.06.30 09:07:27.317,1.49437,1.49451,1.00,1.00
2016.06.30 09:07:27.419,1.49434,1.49451,1.00,1.00
2016.06.30 09:07:27.948,1.49433,1.49451,1.10,1.00
2016.06.30 09:07:28.106,1.49433,1.49455,1.10,1.00
2016.06.30 09:07:28.208,1.49436,1.49455,1.00,1.00
2016.06.30 09:07:28.513,1.49445,1.49462,1.00,1.00
2016.06.30 09:07:28.564,1.49445,1.49465,1.75,1.00
2016.06.30 09:07:28.716,1.49448,1.49465,1.50,1.00
2016.06.30 09:07:28.791,1.49458,1.49475,1.00,1.00
2016.06.30 09:07:28.893,1.4946,1.49478,1.00,2.25
2016.06.30 09:07:28.944,1.4946,1.49478,1.00,1.00
2016.06.30 09:07:29.096,1.49457,1.49478,1.37,1.00
2016.06.30 09:07:29.350,1.49456,1.49476,1.57,1.00
2016.06.30 09:07:29.402,1.49459,1.49478,1.00,1.00
2016.06.30 09:07:29.453,1.4946,1.4948,1.00,1.00
2016.06.30 09:07:29.505,1.49462,1.4948,1.00,1.00
2016.06.30 09:07:29.556,1.49462,1.49482,1.45,1.00
2016.06.30 09:07:29.754,1.49466,1.49483,1.00,1.00
2016.06.30 09:07:29.907,1.49465,1.49485,1.00,1.00
2016.06.30 09:07:30.008,1.49467,1.49485,1.00,1.00
2016.06.30 09:07:30.314,1.49459,1.49477,1.10,1.00
2016.06.30 09:07:30.702,1.49459,1.49474,1.00,1.00
2016.06.30 09:07:30.753,1.49456,1.49474,1.00,1.00
2016.06.30 09:07:30.804,1.49458,1.49474,1.00,1.00
2016.06.30 09:07:31.109,1.49456,1.49474,1.00,1.00
2016.06.30 09:07:31.262,1.49456,1.49471,1.00,1.00
2016.06.30 09:07:31.313,1.49456,1.49473,1.00,1.00
2016.06.30 09:07:31.829,1.49455,1.49473,1.00,1.00
2016.06.30 09:07:32.062,1.49456,1.49471,1.00,1.00
2016.06.30 09:07:32.366,1.49457,1.49469,1.00,1.00
2016.06.30 09:07:32.417,1.49455,1.49469,1.00,1.00
2016.06.30 09:07:32.822,1.49455,1.49467,1.00,1.00
2016.06.30 09:07:33.361,1.49454,1.49467,1.00,1.00
2016.06.30 09:07:33.716,1.49453,1.49465,1.00,1.00
2016.06.30 09:07:34.022,1.49444,1.49457,1.00,1.00
2016.06.30 09:07:34.429,1.49445,1.49462,1.00,1.00
2016.06.30 09:07:34.840,1.49451,1.49465,1.00,1.00
2016.06.30 09:07:35.347,1.49451,1.49467,1.00,1.00
2016.06.30 09:07:36.244,1.49449,1.49467,1.37,1.00
2016.06.30 09:07:36.785,1.49449,1.49467,1.00,1.00
2016.06.30 09:07:36.836,1.49451,1.49467,1.00,1.00
2016.06.30 09:07:37.387,1.49452,1.49468,1.12,1.00
2016.06.30 09:07:37.895,1.49453,1.49468,1.50,1.00
2016.06.30 09:07:38.905,1.49453,1.49466,1.00,1.00
2016.06.30 09:07:39.007,1.4945,1.49466,1.00,1.00
2016.06.30 09:07:39.514,1.49451,1.49466,1.00,1.00
2016.06.30 09:07:40.036,1.49447,1.49462,1.12,1.00
2016.06.30 09:07:40.087,1.49447,1.49462,1.00,1.00
2016.06.30 09:07:40.138,1.49445,1.49459,1.00,1.00
2016.06.30 09:07:40.291,1.49439,1.49456,1.57,1.00
2016.06.30 09:07:40.343,1.49445,1.49456,1.00,1.00
2016.06.30 09:07:40.444,1.49443,1.49461,1.12,1.00
2016.06.30 09:07:40.547,1.49445,1.49462,1.37,1.00
2016.06.30 09:07:40.896,1.4945,1.49464,1.00,1.00
2016.06.30 09:07:41.201,1.49448,1.49459,1.00,1.00
2016.06.30 09:07:41.456,1.49432,1.49451,1.57,1.00
2016.06.30 09:07:41.558,1.49432,1.49449,1.00,1.00
2016.06.30 09:07:41.890,1.49434,1.49447,1.00,1.00
2016.06.30 09:07:41.941,1.49434,1.49449,1.00,1.00
2016.06.30 09:07:42.043,1.49432,1.49447,1.20,1.00
2016.06.30 09:07:42.299,1.49433,1.4945,1.00,1.00
2016.06.30 09:07:42.656,1.49434,1.49448,1.00,1.00
2016.06.30 09:07:43.169,1.49433,1.49448,1.12,1.00
2016.06.30 09:07:44.158,1.49434,1.49448,1.00,1.00
2016.06.30 09:07:44.221,1.49432,1.49448,1.00,1.00
2016.06.30 09:07:44.753,1.49433,1.49448,1.00,1.00
2016.06.30 09:07:45.465,1.49431,1.49446,1.07,1.00
2016.06.30 09:07:45.804,1.49425,1.49444,1.00,1.00
2016.06.30 09:07:46.165,1.49427,1.49445,1.87,1.00
2016.06.30 09:07:46.626,1.49425,1.49442,2.25,1.00
2016.06.30 09:07:46.778,1.49424,1.49442,1.57,1.00
2016.06.30 09:07:47.197,1.49424,1.49439,1.57,1.00
2016.06.30 09:07:47.349,1.49419,1.49437,1.10,1.00
2016.06.30 09:07:47.400,1.49419,1.49435,1.10,1.00
2016.06.30 09:07:47.553,1.49417,1.49435,1.00,1.00
2016.06.30 09:07:47.604,1.49417,1.49438,1.07,1.00
2016.06.30 09:07:47.858,1.49421,1.49438,1.00,1.00
2016.06.30 09:07:48.384,1.49422,1.49438,1.00,1.00
2016.06.30 09:07:48.486,1.49424,1.49444,1.00,1.12
2016.06.30 09:07:48.537,1.49428,1.49447,1.00,1.75
2016.06.30 09:07:48.589,1.49428,1.49447,1.00,1.00
2016.06.30 09:07:48.640,1.49428,1.4945,1.12,1.50
2016.06.30 09:07:48.692,1.49431,1.4945,1.87,1.00
2016.06.30 09:07:48.743,1.49435,1.49453,1.00,1.50
2016.06.30 09:07:48.896,1.49436,1.4945,1.00,1.00
2016.06.30 09:07:49.231,1.49429,1.49446,1.00,1.00
2016.06.30 09:07:49.282,1.49431,1.49448,1.00,1.00
2016.06.30 09:07:49.586,1.49429,1.49445,1.00,1.00
2016.06.30 09:07:49.890,1.49431,1.49446,1.00,1.00
2016.06.30 09:07:50.044,1.49428,1.49445,1.00,1.00
2016.06.30 09:07:50.095,1.49428,1.49442,1.00,1.00
2016.06.30 09:07:50.637,1.49429,1.49442,1.00,1.00
2016.06.30 09:07:50.941,1.49429,1.49444,1.00,1.00
2016.06.30 09:07:50.992,1.49429,1.49446,1.00,1.00
2016.06.30 09:07:51.043,1.49429,1.49448,1.00,1.00
2016.06.30 09:07:51.196,1.49428,1.49446,1.37,1.00
2016.06.30 09:07:51.522,1.49428,1.49448,1.37,1.00
2016.06.30 09:07:51.573,1.49431,1.49448,1.00,1.00
2016.06.30 09:07:51.674,1.49431,1.4945,1.00,1.00
2016.06.30 09:07:51.777,1.4943,1.49448,1.00,1.00
2016.06.30 09:07:51.929,1.49428,1.49447,1.00,1.10
2016.06.30 09:07:52.031,1.49425,1.49444,1.87,1.00
2016.06.30 09:07:52.082,1.49427,1.49449,1.50,1.82
2016.06.30 09:07:52.133,1.49431,1.49449,1.00,1.82
2016.06.30 09:07:52.371,1.49431,1.4945,1.00,1.00
2016.06.30 09:07:52.428,1.49429,1.49448,1.00,1.00
2016.06.30 09:07:52.580,1.49425,1.49447,1.50,1.00
2016.06.30 09:07:52.682,1.49427,1.49447,1.00,1.00
2016.06.30 09:07:52.988,1.49432,1.49452,1.50,1.00
2016.06.30 09:07:53.332,1.49438,1.49456,1.00,1.00
2016.06.30 09:07:53.384,1.49436,1.49457,1.00,1.00
2016.06.30 09:07:53.487,1.49433,1.49455,2.25,1.00
2016.06.30 09:07:53.791,1.49429,1.49447,1.00,1.00
2016.06.30 09:07:53.944,1.49427,1.49447,1.12,1.00
2016.06.30 09:07:53.996,1.49429,1.49448,1.00,1.00
2016.06.30 09:07:54.541,1.4943,1.4945,1.00,1.00
2016.06.30 09:07:55.048,1.49431,1.4945,1.00,1.00
2016.06.30 09:07:55.411,1.4943,1.49448,1.00,1.00
2016.06.30 09:07:55.462,1.49428,1.49448,1.50,1.00
2016.06.30 09:07:55.513,1.49428,1.49446,1.00,1.00
2016.06.30 09:07:55.666,1.49424,1.49445,1.00,1.00
2016.06.30 09:07:55.717,1.49424,1.49442,1.00,1.00
2016.06.30 09:07:55.820,1.49422,1.49442,1.50,1.00
2016.06.30 09:07:55.974,1.4942,1.49441,1.12,1.00
2016.06.30 09:07:56.461,1.49424,1.49444,1.87,1.12
2016.06.30 09:07:56.767,1.49436,1.49449,1.00,1.00
2016.06.30 09:07:56.869,1.49434,1.49452,1.00,1.37
2016.06.30 09:07:56.921,1.49434,1.49452,1.00,1.00
2016.06.30 09:07:57.023,1.49431,1.49452,2.62,1.00
2016.06.30 09:07:57.082,1.49436,1.49454,1.00,1.00
2016.06.30 09:07:57.184,1.49434,1.49454,1.00,1.00
2016.06.30 09:07:57.632,1.49436,1.49458,1.37,1.00
2016.06.30 09:07:57.784,1.4944,1.49458,1.00,1.00
2016.06.30 09:07:58.348,1.49439,1.49458,1.00,1.00
2016.06.30 09:07:58.743,1.49441,1.49459,1.00,1.00
2016.06.30 09:07:59.250,1.49442,1.49459,1.00,1.00
2016.06.30 09:07:59.984,1.49441,1.49459,1.00,1.00
2016.06.30 09:08:00.289,1.49444,1.49459,1.00,1.00
2016.06.30 09:08:00.340,1.49444,1.49461,1.00,1.00
2016.06.30 09:08:00.645,1.49443,1.49463,1.50,1.00
2016.06.30 09:08:00.697,1.49445,1.49463,1.00,1.00
2016.06.30 09:08:01.244,1.49446,1.49463,1.00,1.00
2016.06.30 09:08:01.548,1.49444,1.49459,1.00,1.00
2016.06.30 09:08:01.650,1.4944,1.49459,1.12,1.00
2016.06.30 09:08:01.954,1.49442,1.49459,1.00,1.00
2016.06.30 09:08:02.497,1.4944,1.49459,1.00,1.00
2016.06.30 09:08:03.155,1.49439,1.49459,1.00,1.00
2016.06.30 09:08:03.952,1.49438,1.49456,1.00,1.00
2016.06.30 09:08:04.408,1.49438,1.4946,1.50,1.12
2016.06.30 09:08:04.735,1.49441,1.49462,1.00,1.50
2016.06.30 09:08:05.254,1.49442,1.49463,1.00,2.25
2016.06.30 09:08:05.356,1.4944,1.49462,1.00,1.50
2016.06.30 09:08:05.508,1.49441,1.49462,1.00,1.00
2016.06.30 09:08:05.611,1.4944,1.4946,1.00,1.00
2016.06.30 09:08:05.814,1.49438,1.4946,1.00,1.00
2016.06.30 09:08:06.125,1.49441,1.4946,1.00,1.00
2016.06.30 09:08:06.379,1.49443,1.49463,1.00,1.12
2016.06.30 09:08:08.358,1.49443,1.49463,1.00,1.50
2016.06.30 09:08:08.876,1.49443,1.49463,1.00,1.75
2016.06.30 09:08:09.129,1.49441,1.49463,1.00,1.75
2016.06.30 09:08:09.585,1.49438,1.4946,2.25,1.37
2016.06.30 09:08:09.838,1.49441,1.49459,1.00,1.00
2016.06.30 09:08:10.271,1.49444,1.49459,1.00,1.00
2016.06.30 09:08:10.578,1.49446,1.49461,1.00,1.00
2016.06.30 09:08:13.371,1.49446,1.49463,1.00,1.00
2016.06.30 09:08:15.519,1.49447,1.49463,1.00,1.00
2016.06.30 09:08:15.672,1.49449,1.49466,1.00,1.50
2016.06.30 09:08:15.825,1.49445,1.49463,1.00,1.37
2016.06.30 09:08:16.321,1.49454,1.49464,1.00,1.87
2016.06.30 09:08:16.372,1.49454,1.49466,1.50,1.17
2016.06.30 09:08:16.423,1.49458,1.49466,1.00,1.07
2016.06.30 09:08:16.474,1.49461,1.49472,1.00,1.87
2016.06.30 09:08:16.575,1.49462,1.49479,1.00,1.37
2016.06.30 09:08:17.184,1.4946,1.49479,1.00,1.37
2016.06.30 09:08:17.771,1.4946,1.49476,1.00,1.00
2016.06.30 09:08:19.356,1.4946,1.49479,1.00,2.02
2016.06.30 09:08:20.001,1.49456,1.49477,1.00,1.00
2016.06.30 09:08:20.291,1.49455,1.49475,1.12,1.00
2016.06.30 09:08:20.596,1.4946,1.4948,1.00,1.57
2016.06.30 09:08:20.882,1.49453,1.49475,1.00,1.50
2016.06.30 09:08:21.411,1.49453,1.49475,1.00,2.25
2016.06.30 09:08:23.464,1.49452,1.49467,1.00,1.50
2016.06.30 09:08:23.617,1.49446,1.49465,1.12,1.00
2016.06.30 09:08:23.722,1.49445,1.49462,1.00,1.00
2016.06.30 09:08:23.825,1.49442,1.49462,1.00,1.00
2016.06.30 09:08:24.224,1.49439,1.49461,1.00,1.00
2016.06.30 09:08:24.283,1.49441,1.49463,1.37,1.00
2016.06.30 09:08:24.334,1.49443,1.49465,1.12,1.50
2016.06.30 09:08:24.386,1.49445,1.49466,1.00,1.20
2016.06.30 09:08:24.690,1.49449,1.49471,1.00,1.57
2016.06.30 09:08:24.744,1.49449,1.49471,1.00,1.50
2016.06.30 09:08:25.294,1.4945,1.49471,1.00,1.50
2016.06.30 09:08:25.750,1.49452,1.49471,1.00,1.50
2016.06.30 09:08:26.307,1.4945,1.49468,1.00,1.00
2016.06.30 09:08:26.540,1.49442,1.49463,1.00,1.00
2016.06.30 09:08:26.592,1.4944,1.49461,1.12,1.00
2016.06.30 09:08:26.897,1.49437,1.49457,1.00,1.10
2016.06.30 09:08:27.253,1.49438,1.4946,1.00,1.12
2016.06.30 09:08:27.925,1.49439,1.4946,1.00,1.00
2016.06.30 09:08:28.433,1.49438,1.4946,1.00,1.50
2016.06.30 09:08:28.954,1.4944,1.49462,1.00,1.37
2016.06.30 09:08:29.464,1.49441,1.49462,1.12,1.75
2016.06.30 09:08:29.770,1.49439,1.49459,1.00,1.75
2016.06.30 09:08:30.742,1.49438,1.49455,1.00,1.00
2016.06.30 09:08:30.793,1.49436,1.49455,1.12,1.00
2016.06.30 09:08:31.047,1.49434,1.49456,1.50,1.12
2016.06.30 09:08:31.468,1.49438,1.49457,1.00,1.50
2016.06.30 09:08:31.622,1.49439,1.49459,1.00,1.00
2016.06.30 09:08:31.977,1.49437,1.49457,1.50,1.00
2016.06.30 09:08:32.283,1.49439,1.49459,1.00,1.10
2016.06.30 09:08:32.444,1.4944,1.49462,1.00,1.07
2016.06.30 09:08:33.730,1.4944,1.49462,1.00,1.00
2016.06.30 09:08:33.949,1.49443,1.49462,1.00,1.00
2016.06.30 09:08:34.003,1.4944,1.49462,1.00,1.12
2016.06.30 09:08:34.307,1.4944,1.49459,1.00,1.00
2016.06.30 09:08:39.324,1.4944,1.4946,1.12,1.00
2016.06.30 09:08:39.578,1.49443,1.49465,1.00,2.02
2016.06.30 09:08:40.476,1.49443,1.49464,1.50,1.00
2016.06.30 09:08:40.781,1.4944,1.49462,1.12,1.00
2016.06.30 09:08:41.338,1.49441,1.49462,1.00,1.12
2016.06.30 09:08:43.207,1.49442,1.49464,1.00,1.00
2016.06.30 09:08:46.036,1.49442,1.49463,1.50,1.00
2016.06.30 09:08:47.564,1.49438,1.4946,1.87,1.00
2016.06.30 09:08:48.095,1.49438,1.4946,1.12,1.00
2016.06.30 09:08:48.636,1.49439,1.4946,1.00,1.00
2016.06.30 09:08:49.544,1.49438,1.4946,2.25,1.00
2016.06.30 09:08:49.850,1.49433,1.49454,1.12,1.00
2016.06.30 09:08:50.245,1.49431,1.49448,1.00,1.12
2016.06.30 09:08:50.296,1.49429,1.4945,1.87,1.00
2016.06.30 09:08:50.501,1.49428,1.4945,1.00,1.00
2016.06.30 09:08:50.908,1.49432,1.49452,1.00,1.15
2016.06.30 09:08:51.445,1.49432,1.49452,1.87,1.00
2016.06.30 09:08:51.654,1.49435,1.49457,1.00,1.10
2016.06.30 09:08:52.464,1.49435,1.49452,1.00,1.00
2016.06.30 09:08:52.758,1.49433,1.49451,1.00,1.00
2016.06.30 09:08:53.264,1.49432,1.49451,1.87,1.00
2016.06.30 09:08:53.315,1.49432,1.49448,1.87,1.00
2016.06.30 09:08:54.567,1.49432,1.49451,1.50,1.00
2016.06.30 09:08:54.871,1.49434,1.49451,1.00,1.00
2016.06.30 09:08:56.775,1.49433,1.49451,1.00,1.00
2016.06.30 09:08:57.468,1.49434,1.49451,1.00,1.00
2016.06.30 09:08:58.889,1.49434,1.49452,1.00,1.00
2016.06.30 09:08:59.193,1.49436,1.49454,1.00,1.00
2016.06.30 09:08:59.498,1.49431,1.49452,2.25,1.00
2016.06.30 09:08:59.989,1.49431,1.4945,1.00,1.00
2016.06.30 09:09:00.294,1.4944,1.49455,1.00,1.12
2016.06.30 09:09:00.446,1.4944,1.49457,1.00,1.12
2016.06.30 09:09:00.700,1.49442,1.49456,1.00,1.00
2016.06.30 09:09:00.852,1.49439,1.49456,1.00,1.00
2016.06.30 09:09:00.904,1.49442,1.49456,1.00,1.00
2016.06.30 09:09:01.006,1.4944,1.49456,1.00,1.00
2016.06.30 09:09:01.367,1.49443,1.49459,1.00,1.50
2016.06.30 09:09:01.772,1.49443,1.49456,1.00,1.00
2016.06.30 09:09:01.874,1.49439,1.49456,1.00,1.50
2016.06.30 09:09:02.026,1.49439,1.49453,1.00,1.00
2016.06.30 09:09:02.235,1.49435,1.49452,1.00,1.00
2016.06.30 09:09:03.147,1.49434,1.49452,1.00,1.50
2016.06.30 09:09:03.250,1.49432,1.49451,1.00,1.00
2016.06.30 09:09:03.352,1.49432,1.49449,1.00,1.00
2016.06.30 09:09:03.656,1.49432,1.4945,1.00,1.75
2016.06.30 09:09:03.845,1.49432,1.49451,1.00,1.57
2016.06.30 09:09:04.392,1.49433,1.49451,1.00,1.10
2016.06.30 09:09:04.909,1.49432,1.4945,1.00,1.00
2016.06.30 09:09:04.961,1.49428,1.49448,1.00,2.85
2016.06.30 09:09:05.315,1.49429,1.49448,1.00,1.27
2016.06.30 09:09:05.417,1.49432,1.49448,1.00,1.12
2016.06.30 09:09:05.621,1.49437,1.49455,1.00,1.37
2016.06.30 09:09:05.724,1.49437,1.49458,1.00,1.75
2016.06.30 09:09:08.400,1.4944,1.49458,1.00,1.75
2016.06.30 09:09:08.502,1.49437,1.49458,1.00,1.75
2016.06.30 09:09:08.654,1.49437,1.49457,1.00,1.50
2016.06.30 09:09:09.269,1.4944,1.49457,1.00,1.75
2016.06.30 09:09:09.523,1.49441,1.49459,1.00,1.12
2016.06.30 09:09:10.158,1.49442,1.49459,1.00,1.00
2016.06.30 09:09:10.664,1.49442,1.49459,1.00,1.37
2016.06.30 09:09:11.410,1.49438,1.49459,1.00,1.87
2016.06.30 09:09:11.461,1.49438,1.49456,1.00,1.12
2016.06.30 09:09:11.920,1.49435,1.49456,1.00,1.87
2016.06.30 09:09:13.861,1.49439,1.49457,1.00,1.00
2016.06.30 09:09:14.116,1.49445,1.49465,1.00,1.00
2016.06.30 09:09:14.655,1.49445,1.49464,1.00,1.00
2016.06.30 09:09:15.192,1.49445,1.49465,1.00,1.12
2016.06.30 09:09:16.149,1.49442,1.49461,1.00,1.12
2016.06.30 09:09:16.605,1.49439,1.49459,1.00,1.50
2016.06.30 09:09:17.372,1.49441,1.49461,1.00,1.87
2016.06.30 09:09:17.881,1.49441,1.4946,1.00,1.00
2016.06.30 09:09:17.982,1.49438,1.4946,1.00,1.00
2016.06.30 09:09:18.483,1.49438,1.49459,1.00,1.00
2016.06.30 09:09:18.890,1.49437,1.49456,1.00,1.00
2016.06.30 09:09:19.194,1.49436,1.49456,1.00,2.25
2016.06.30 09:09:19.548,1.4944,1.49456,1.00,1.37
2016.06.30 09:09:19.650,1.49442,1.49462,1.00,2.25
2016.06.30 09:09:21.545,1.4944,1.4946,1.00,1.12
2016.06.30 09:09:21.647,1.49437,1.49458,1.50,1.00
2016.06.30 09:09:21.749,1.49438,1.49458,1.00,1.75
2016.06.30 09:09:21.952,1.49441,1.49461,1.00,1.75
2016.06.30 09:09:24.146,1.49438,1.4946,1.00,1.50
2016.06.30 09:09:24.957,1.49438,1.49459,1.00,1.75
2016.06.30 09:09:26.355,1.49437,1.49456,1.00,1.12
2016.06.30 09:09:26.406,1.49435,1.49455,1.50,1.00
2016.06.30 09:09:26.508,1.49433,1.49453,1.00,1.00
2016.06.30 09:09:26.813,1.49433,1.49453,1.00,1.75
2016.06.30 09:09:27.470,1.49431,1.49453,1.00,2.25
2016.06.30 09:09:27.627,1.49435,1.49454,1.50,1.92
2016.06.30 09:09:27.780,1.49438,1.49458,1.00,1.50
2016.06.30 09:09:28.135,1.4944,1.49459,1.00,2.25
2016.06.30 09:09:28.287,1.4944,1.49459,1.00,1.00
2016.06.30 09:09:28.815,1.49442,1.49459,1.00,1.00
2016.06.30 09:09:28.967,1.49445,1.49464,1.00,1.00
2016.06.30 09:09:29.473,1.49445,1.49465,1.00,1.50
2016.06.30 09:09:29.524,1.49442,1.49464,1.12,1.00
2016.06.30 09:09:29.676,1.49442,1.49464,1.00,2.25
2016.06.30 09:09:30.021,1.4944,1.49459,1.00,1.00
2016.06.30 09:09:30.072,1.49438,1.49458,1.87,1.50
2016.06.30 09:09:30.276,1.49439,1.49455,1.00,1.00
2016.06.30 09:09:30.580,1.49434,1.49455,1.00,1.00
2016.06.30 09:09:31.152,1.49434,1.49456,1.00,1.00
2016.06.30 09:09:32.134,1.49433,1.49453,1.00,1.00
2016.06.30 09:09:32.910,1.4943,1.49452,1.87,1.00
2016.06.30 09:09:32.962,1.49429,1.49449,1.75,1.00
2016.06.30 09:09:33.013,1.49429,1.49449,1.00,1.00
2016.06.30 09:09:33.268,1.49431,1.49451,1.00,1.37
2016.06.30 09:09:33.573,1.49433,1.49451,1.00,1.00
2016.06.30 09:09:34.185,1.49433,1.49454,1.00,1.50
2016.06.30 09:09:34.237,1.49437,1.49457,1.00,1.75
2016.06.30 09:09:34.389,1.49438,1.49461,1.50,2.25
2016.06.30 09:09:34.643,1.49438,1.49458,1.50,1.00
2016.06.30 09:09:34.745,1.49435,1.49457,1.87,1.50
2016.06.30 09:09:37.654,1.49436,1.49457,1.00,1.00
2016.06.30 09:09:38.185,1.49435,1.49457,1.12,1.00
2016.06.30 09:09:38.924,1.49434,1.49454,1.37,1.00
2016.06.30 09:09:39.026,1.49436,1.49456,1.50,1.00
2016.06.30 09:09:39.129,1.49438,1.49458,1.12,1.20
2016.06.30 09:09:39.337,1.49441,1.49463,1.00,1.57
2016.06.30 09:09:39.541,1.49447,1.49463,1.00,1.10
2016.06.30 09:09:39.642,1.49446,1.49466,1.00,1.00
2016.06.30 09:09:39.744,1.49444,1.49466,1.00,1.00
2016.06.30 09:09:39.846,1.49448,1.49468,1.00,1.35
2016.06.30 09:09:39.999,1.49445,1.49467,1.50,1.00
2016.06.30 09:09:40.152,1.49444,1.49464,1.00,1.00
2016.06.30 09:09:40.699,1.49446,1.49466,1.00,1.65
2016.06.30 09:09:41.457,1.49446,1.49464,1.00,1.00
2016.06.30 09:09:41.711,1.49447,1.49469,1.00,1.12
2016.06.30 09:09:42.258,1.49447,1.49469,1.00,2.25
2016.06.30 09:09:42.915,1.4945,1.49469,1.00,1.27
2016.06.30 09:09:43.068,1.4945,1.4947,1.00,1.47
2016.06.30 09:09:43.170,1.49452,1.49472,1.00,1.75
2016.06.30 09:09:44.647,1.49448,1.49468,1.00,1.00
2016.06.30 09:09:44.698,1.49448,1.49464,1.00,1.00
2016.06.30 09:09:44.800,1.49448,1.49468,1.00,1.17
2016.06.30 09:09:45.291,1.49449,1.4947,1.00,1.45
2016.06.30 09:09:45.394,1.49451,1.49473,1.00,2.77
2016.06.30 09:09:45.850,1.49449,1.49471,1.00,1.00
2016.06.30 09:09:46.032,1.49448,1.49469,1.00,1.00
2016.06.30 09:09:46.341,1.49446,1.49468,1.00,1.75
2016.06.30 09:09:48.169,1.49448,1.49467,1.00,1.50
2016.06.30 09:09:48.474,1.4945,1.49469,1.00,1.75
2016.06.30 09:09:48.525,1.49448,1.49469,1.00,1.00
2016.06.30 09:09:48.627,1.49452,1.49468,1.00,1.50
2016.06.30 09:09:48.814,1.49454,1.49472,1.00,2.25
2016.06.30 09:09:49.018,1.49454,1.49474,1.00,1.72
2016.06.30 09:09:49.121,1.49459,1.49477,1.00,1.20
2016.06.30 09:09:49.172,1.49459,1.49476,1.00,1.00
2016.06.30 09:09:49.225,1.49459,1.49476,1.00,1.50
2016.06.30 09:09:49.334,1.49461,1.49479,1.00,1.12
2016.06.30 09:09:49.436,1.49459,1.49479,1.00,1.12
2016.06.30 09:09:49.487,1.49459,1.49476,1.00,1.00
2016.06.30 09:09:49.811,1.49459,1.49477,1.00,1.75
2016.06.30 09:09:51.388,1.4946,1.49476,1.00,1.50
2016.06.30 09:09:52.276,1.4946,1.49476,1.00,1.00
2016.06.30 09:09:52.328,1.49458,1.49476,1.00,1.00
2016.06.30 09:09:54.324,1.49463,1.49476,1.00,1.00
2016.06.30 09:09:54.376,1.49463,1.49481,1.00,3.00
2016.06.30 09:09:54.427,1.49466,1.49481,1.00,1.50
2016.06.30 09:09:54.579,1.49466,1.49485,1.00,1.17
2016.06.30 09:09:54.934,1.49466,1.49482,1.00,1.00
2016.06.30 09:09:55.114,1.49464,1.49482,1.00,1.00
2016.06.30 09:09:55.638,1.49465,1.49483,1.00,1.17
2016.06.30 09:09:55.689,1.49465,1.49483,1.00,1.10
2016.06.30 09:09:55.893,1.49468,1.49487,1.00,1.20
2016.06.30 09:09:57.022,1.4947,1.49489,1.00,1.95
2016.06.30 09:09:57.129,1.4947,1.49489,1.00,1.20
2016.06.30 09:09:57.498,1.49473,1.49492,1.00,2.70
2016.06.30 09:09:57.549,1.49473,1.49493,1.00,1.37
2016.06.30 09:09:57.651,1.49476,1.49494,1.00,1.57
2016.06.30 09:09:57.703,1.49473,1.49493,1.00,1.17
2016.06.30 09:09:57.805,1.49473,1.49493,1.00,1.00
2016.06.30 09:09:59.351,1.49473,1.49491,1.00,1.00
2016.06.30 09:09:59.605,1.49467,1.49489,1.00,3.37
2016.06.30 09:09:59.656,1.49467,1.49486,1.00,1.00
2016.06.30 09:09:59.969,1.49467,1.49483,1.00,1.00
2016.06.30 09:10:00.489,1.49466,1.49483,1.00,1.00
2016.06.30 09:10:01.910,1.49467,1.49483,1.00,1.00
2016.06.30 09:10:04.060,1.49464,1.49483,1.00,1.00
2016.06.30 09:10:04.111,1.49463,1.49481,1.10,1.00
2016.06.30 09:10:04.417,1.49463,1.49481,1.00,1.75
2016.06.30 09:10:05.891,1.49465,1.49481,1.00,1.75
2016.06.30 09:10:06.094,1.49468,1.49485,1.00,1.50
2016.06.30 09:10:06.449,1.49466,1.49484,1.00,1.37
2016.06.30 09:10:06.711,1.49465,1.4948,1.00,1.12
2016.06.30 09:10:06.763,1.49463,1.4948,1.00,1.12
2016.06.30 09:10:08.161,1.49466,1.49483,1.00,1.75
2016.06.30 09:10:12.149,1.49468,1.49485,1.00,1.12
2016.06.30 09:10:12.418,1.49468,1.49486,1.00,1.00
2016.06.30 09:10:12.925,1.49468,1.49485,1.00,1.00
2016.06.30 09:10:13.457,1.49467,1.49485,1.00,1.00
2016.06.30 09:10:15.346,1.49466,1.49489,1.00,3.90
2016.06.30 09:10:15.398,1.49469,1.49489,1.00,2.40
2016.06.30 09:10:15.705,1.49472,1.49491,1.00,1.12
2016.06.30 09:10:15.807,1.49469,1.49491,1.00,2.62
2016.06.30 09:10:15.859,1.49468,1.49489,1.00,2.25
2016.06.30 09:10:16.163,1.49467,1.49487,1.00,1.12
2016.06.30 09:10:16.466,1.4947,1.4949,1.00,1.75
2016.06.30 09:10:16.977,1.49468,1.49487,1.00,1.12
2016.06.30 09:10:17.180,1.49468,1.49486,1.00,1.37
2016.06.30 09:10:17.484,1.49468,1.49487,1.00,1.37
2016.06.30 09:10:17.535,1.49468,1.49486,1.00,1.00
2016.06.30 09:10:17.738,1.49465,1.49483,1.00,1.00
2016.06.30 09:10:17.891,1.49467,1.49486,1.00,1.00
2016.06.30 09:10:18.047,1.49469,1.49486,1.00,1.00
2016.06.30 09:10:18.150,1.49471,1.49491,1.00,1.17
2016.06.30 09:10:18.202,1.49473,1.4949,1.00,1.10
2016.06.30 09:10:18.304,1.49474,1.49495,1.00,2.25
2016.06.30 09:10:18.406,1.49474,1.49496,1.12,1.00
2016.06.30 09:10:18.457,1.49476,1.49497,1.00,1.12
2016.06.30 09:10:19.335,1.49476,1.49498,1.00,1.95
2016.06.30 09:10:20.208,1.49475,1.49495,1.00,1.50
2016.06.30 09:10:20.719,1.49475,1.49494,1.00,1.10
2016.06.30 09:10:21.024,1.49478,1.49497,1.00,1.50
2016.06.30 09:10:21.558,1.49479,1.495,1.00,1.87
2016.06.30 09:10:22.013,1.49479,1.49499,1.00,2.25
2016.06.30 09:10:22.232,1.49479,1.495,1.00,1.87
2016.06.30 09:10:22.963,1.49479,1.495,1.00,1.75
2016.06.30 09:10:23.014,1.49479,1.495,1.00,1.12
2016.06.30 09:10:23.116,1.49475,1.49495,2.25,1.00
2016.06.30 09:10:23.421,1.49472,1.49491,1.00,1.00
2016.06.30 09:10:23.473,1.4947,1.49491,1.00,1.00
2016.06.30 09:10:23.524,1.49468,1.4949,1.00,2.10
2016.06.30 09:10:24.031,1.49468,1.4949,1.00,1.00
2016.06.30 09:10:24.476,1.49468,1.49487,1.00,1.00
2016.06.30 09:10:25.036,1.49468,1.49488,1.00,1.00
2016.06.30 09:10:25.543,1.49468,1.49489,1.00,1.12
2016.06.30 09:10:26.051,1.49468,1.49489,1.00,1.37
2016.06.30 09:10:27.333,1.49468,1.49489,1.00,1.55
2016.06.30 09:10:27.834,1.49468,1.49489,1.00,1.95
2016.06.30 09:10:28.260,1.49466,1.49488,1.00,1.12
2016.06.30 09:10:28.665,1.49468,1.49489,1.00,1.47
2016.06.30 09:10:28.996,1.49489,1.49507,1.00,1.12
2016.06.30 09:10:29.048,1.49487,1.49507,1.00,1.00
2016.06.30 09:10:29.303,1.49489,1.49508,1.00,1.10
2016.06.30 09:10:29.809,1.4949,1.49509,1.00,1.17
2016.06.30 09:10:30.348,1.4949,1.4951,1.00,2.77
2016.06.30 09:10:30.450,1.4949,1.4951,1.00,1.65
2016.06.30 09:10:31.094,1.49488,1.49508,1.00,1.10
2016.06.30 09:10:31.145,1.49488,1.49508,1.00,1.47
2016.06.30 09:10:31.456,1.49495,1.49515,1.00,1.75
2016.06.30 09:10:31.507,1.49495,1.49515,1.00,1.00
2016.06.30 09:10:31.651,1.49497,1.49516,1.50,1.00
2016.06.30 09:10:31.959,1.49499,1.49518,1.00,1.20
2016.06.30 09:10:32.011,1.49497,1.49521,1.50,1.20
2016.06.30 09:10:32.077,1.49497,1.49517,1.00,1.00
2016.06.30 09:10:32.382,1.49494,1.49506,1.00,1.00
2016.06.30 09:10:32.433,1.49489,1.49506,1.37,1.00
2016.06.30 09:10:32.628,1.49484,1.49502,1.00,1.00
2016.06.30 09:10:33.554,1.49483,1.49502,1.95,1.00
2016.06.30 09:10:34.154,1.49484,1.49502,1.00,1.00
2016.06.30 09:10:34.459,1.49486,1.49502,1.00,1.00
2016.06.30 09:10:34.662,1.49486,1.49504,1.00,1.00
2016.06.30 09:10:34.713,1.49489,1.49504,1.00,1.00
2016.06.30 09:10:34.764,1.49489,1.49511,1.87,1.10
2016.06.30 09:10:35.162,1.49492,1.49508,1.00,1.00
2016.06.30 09:10:35.416,1.4949,1.49508,1.00,1.00
2016.06.30 09:10:35.935,1.49489,1.49508,1.87,1.00
2016.06.30 09:10:36.087,1.4949,1.49511,1.87,1.00
2016.06.30 09:10:36.188,1.49493,1.49514,1.12,1.00
2016.06.30 09:10:36.364,1.49496,1.49514,1.00,1.00
2016.06.30 09:10:36.618,1.49494,1.49514,1.00,1.00
2016.06.30 09:10:36.720,1.49496,1.49515,1.00,1.00
2016.06.30 09:10:37.025,1.49496,1.4951,1.00,1.00
2016.06.30 09:10:37.186,1.49496,1.49512,1.00,1.00
2016.06.30 09:10:37.506,1.49509,1.4952,1.00,2.70
2016.06.30 09:10:37.557,1.49509,1.49521,1.00,1.82
2016.06.30 09:10:37.608,1.49511,1.49521,1.00,1.45
2016.06.30 09:10:37.659,1.49512,1.49527,1.00,1.95
2016.06.30 09:10:37.761,1.49512,1.49528,1.00,1.15
2016.06.30 09:10:37.913,1.49508,1.49528,1.00,2.70
2016.06.30 09:10:38.016,1.49507,1.49526,1.00,1.95
2016.06.30 09:10:38.673,1.49508,1.49524,1.00,1.20
2016.06.30 09:10:38.928,1.49508,1.49527,1.00,2.02
2016.06.30 09:10:41.895,1.49508,1.49527,1.00,2.02
2016.06.30 09:10:42.047,1.49508,1.49526,1.00,1.57
2016.06.30 09:10:43.060,1.49507,1.49525,1.00,1.00
2016.06.30 09:10:43.683,1.49507,1.49524,1.00,1.00
2016.06.30 09:10:43.734,1.49509,1.49524,1.00,1.75
2016.06.30 09:10:43.835,1.4951,1.49527,1.00,2.25
2016.06.30 09:10:43.937,1.4951,1.49527,1.00,1.00
2016.06.30 09:10:44.241,1.4951,1.49529,1.00,1.12
2016.06.30 09:10:44.423,1.49512,1.4953,1.00,2.25
2016.06.30 09:10:48.679,1.49515,1.49533,1.00,2.70
2016.06.30 09:10:48.730,1.49517,1.49533,1.00,2.32
2016.06.30 09:10:48.918,1.49519,1.49537,1.00,1.10
2016.06.30 09:10:49.172,1.49521,1.49537,1.00,1.00
2016.06.30 09:10:51.346,1.49519,1.49538,1.00,2.10
2016.06.30 09:10:51.448,1.49516,1.49536,1.00,1.00
2016.06.30 09:10:51.632,1.49516,1.49534,1.00,1.00
2016.06.30 09:10:51.937,1.49521,1.49539,1.00,2.10
2016.06.30 09:10:52.140,1.49521,1.4954,1.00,1.50
2016.06.30 09:10:52.546,1.49521,1.49537,1.00,1.00
2016.06.30 09:10:52.597,1.49518,1.49536,1.00,1.50
2016.06.30 09:10:52.649,1.49515,1.49533,1.50,1.00
2016.06.30 09:10:52.977,1.49512,1.49531,1.00,1.87
2016.06.30 09:10:53.079,1.49512,1.49531,1.00,1.10
2016.06.30 09:10:53.231,1.49512,1.4953,1.00,1.37
2016.06.30 09:10:53.536,1.49512,1.49528,1.00,1.37
2016.06.30 09:10:53.638,1.49512,1.49531,1.00,1.10
2016.06.30 09:10:54.138,1.49512,1.49529,1.00,1.00
2016.06.30 09:10:54.443,1.49515,1.4953,1.00,1.00
2016.06.30 09:10:54.748,1.49523,1.49542,1.00,2.32
2016.06.30 09:10:54.901,1.49522,1.49537,1.00,1.00
2016.06.30 09:10:54.952,1.4952,1.49537,1.00,1.10
2016.06.30 09:10:55.003,1.49517,1.49534,1.00,1.00
2016.06.30 09:10:55.310,1.49508,1.49526,1.87,1.00
2016.06.30 09:10:55.513,1.4951,1.49526,1.00,1.00
2016.06.30 09:10:55.615,1.49508,1.49526,1.12,1.00
2016.06.30 09:10:56.020,1.49508,1.49524,1.12,1.00
2016.06.30 09:10:56.476,1.4951,1.49524,1.00,1.00
2016.06.30 09:10:56.849,1.49512,1.49524,1.00,1.00
2016.06.30 09:10:57.871,1.49512,1.49525,1.00,1.00
2016.06.30 09:10:58.517,1.49512,1.49528,1.50,1.00
2016.06.30 09:10:58.568,1.49515,1.49532,1.37,1.12
2016.06.30 09:10:58.772,1.49525,1.49541,1.20,1.00
2016.06.30 09:10:59.279,1.49525,1.49542,1.20,1.00
2016.06.30 09:10:59.455,1.49528,1.49542,1.00,1.00
2016.06.30 09:10:59.557,1.49526,1.49542,1.00,1.00
2016.06.30 09:10:59.760,1.49528,1.49542,1.00,1.00
2016.06.30 09:11:00.065,1.49526,1.49542,1.00,1.00
2016.06.30 09:11:00.217,1.49528,1.49542,1.00,1.00
2016.06.30 09:11:02.400,1.49526,1.49542,1.50,1.00
2016.06.30 09:11:03.518,1.49527,1.49542,1.00,1.00
2016.06.30 09:11:04.137,1.49528,1.49543,1.00,1.00
2016.06.30 09:11:04.638,1.49527,1.49543,1.50,1.00
2016.06.30 09:11:08.740,1.49528,1.49543,1.00,1.00
2016.06.30 09:11:08.893,1.49528,1.49541,1.00,1.00
2016.06.30 09:11:09.440,1.49527,1.49541,1.00,1.00
2016.06.30 09:11:11.274,1.49527,1.49536,1.00,1.00
2016.06.30 09:11:11.325,1.49525,1.49536,1.00,1.00
2016.06.30 09:11:11.376,1.49522,1.49536,1.57,1.00
2016.06.30 09:11:11.529,1.4952,1.49532,1.00,1.00
2016.06.30 09:11:12.036,1.49519,1.49532,1.00,1.00
2016.06.30 09:11:12.572,1.49519,1.49533,1.50,1.00
2016.06.30 09:11:12.877,1.49519,1.4953,1.00,1.00
2016.06.30 09:11:13.131,1.49519,1.49533,1.00,1.00
2016.06.30 09:11:13.182,1.49519,1.49536,1.50,1.00
2016.06.30 09:11:13.649,1.49521,1.49536,1.00,1.00
2016.06.30 09:11:13.852,1.49521,1.49538,1.00,1.00
2016.06.30 09:11:14.409,1.49522,1.49538,1.00,1.00
2016.06.30 09:11:15.365,1.49522,1.49536,1.00,1.00
2016.06.30 09:11:15.416,1.49518,1.49536,1.50,1.00
2016.06.30 09:11:15.518,1.49515,1.49535,1.00,1.00
2016.06.30 09:11:15.569,1.49514,1.49531,1.12,1.00
2016.06.30 09:11:15.671,1.49513,1.49534,1.20,1.00
2016.06.30 09:11:15.722,1.49517,1.49534,1.00,1.12
2016.06.30 09:11:15.825,1.4952,1.49539,1.10,1.00
2016.06.30 09:11:16.376,1.49521,1.49539,1.00,1.00
