2016.06.01 15:00:00.239,1.54203,1.54212,1.00,1.00
2016.06.01 15:00:00.292,1.54202,1.54217,1.00,1.55
2016.06.01 15:00:00.446,1.54199,1.54217,1.20,1.55
2016.06.01 15:00:00.614,1.54198,1.54217,1.50,2.24
2016.06.01 15:00:01.072,1.54199,1.54207,1.00,1.00
2016.06.01 15:00:01.174,1.542,1.54213,1.00,1.55
2016.06.01 15:00:01.484,1.542,1.54213,1.20,1.00
2016.06.01 15:00:01.927,1.54198,1.54213,1.20,1.00
2016.06.01 15:00:01.979,1.54196,1.54209,1.65,1.00
2016.06.01 15:00:02.080,1.54196,1.54211,1.00,1.00
2016.06.01 15:00:02.182,1.54195,1.54207,1.20,1.00
2016.06.01 15:00:02.286,1.54193,1.54216,1.75,2.42
2016.06.01 15:00:02.439,1.54192,1.54215,1.20,1.67
2016.06.01 15:00:02.491,1.54192,1.54215,1.20,1.50
2016.06.01 15:00:02.842,1.54203,1.54218,2.62,1.00
2016.06.01 15:00:02.995,1.54208,1.54225,1.12,1.37
2016.06.01 15:00:03.097,1.54206,1.54226,1.87,1.00
2016.06.01 15:00:03.199,1.54206,1.54224,1.87,1.00
2016.06.01 15:00:03.505,1.54203,1.54224,1.12,1.95
2016.06.01 15:00:03.796,1.54206,1.54226,1.00,1.20
2016.06.01 15:00:03.949,1.54208,1.54227,1.00,1.00
2016.06.01 15:00:04.000,1.5421,1.5423,1.00,1.12
2016.06.01 15:00:04.306,1.54213,1.54231,1.10,1.10
2016.06.01 15:00:04.848,1.54213,1.54232,1.87,1.00
2016.06.01 15:00:05.154,1.54215,1.54234,1.12,1.00
2016.06.01 15:00:05.698,1.54214,1.54234,1.75,1.00
2016.06.01 15:00:06.003,1.54217,1.54235,1.12,1.00
2016.06.01 15:00:06.308,1.5421,1.54223,1.00,1.75
2016.06.01 15:00:06.558,1.54203,1.5422,1.00,1.12
2016.06.01 15:00:06.609,1.54203,1.54217,1.00,1.12
2016.06.01 15:00:06.712,1.54203,1.54219,1.00,1.12
2016.06.01 15:00:06.967,1.54206,1.54219,1.00,1.12
2016.06.01 15:00:07.019,1.54202,1.54219,1.00,1.12
2016.06.01 15:00:07.071,1.54201,1.54219,1.00,1.00
2016.06.01 15:00:07.122,1.54198,1.54219,1.50,1.37
2016.06.01 15:00:07.445,1.54193,1.54215,2.14,1.20
2016.06.01 15:00:07.497,1.54193,1.54213,1.69,1.12
2016.06.01 15:00:07.651,1.5419,1.54211,1.12,1.12
2016.06.01 15:00:07.704,1.54187,1.5421,2.36,1.10
2016.06.01 15:00:07.806,1.54189,1.5421,1.10,1.12
2016.06.01 15:00:08.113,1.54206,1.54217,1.00,1.00
2016.06.01 15:00:08.350,1.5421,1.54225,1.10,1.00
2016.06.01 15:00:08.513,1.54211,1.54222,1.00,1.00
2016.06.01 15:00:08.616,1.54211,1.54224,1.00,1.00
2016.06.01 15:00:09.250,1.5421,1.54225,1.00,1.00
2016.06.01 15:00:09.404,1.54214,1.54226,1.00,1.00
2016.06.01 15:00:09.456,1.54214,1.54228,1.00,1.00
2016.06.01 15:00:09.509,1.54216,1.54228,1.00,1.00
2016.06.01 15:00:09.612,1.54217,1.5423,1.00,1.00
2016.06.01 15:00:09.714,1.54218,1.54233,1.10,1.00
2016.06.01 15:00:09.918,1.54216,1.54231,1.12,1.00
2016.06.01 15:00:10.238,1.54216,1.54228,1.00,1.00
2016.06.01 15:00:10.342,1.54209,1.54225,1.12,1.00
2016.06.01 15:00:10.548,1.54206,1.54225,1.00,1.00
2016.06.01 15:00:10.651,1.54212,1.54234,1.00,1.87
2016.06.01 15:00:10.703,1.54223,1.54234,1.00,1.37
2016.06.01 15:00:10.755,1.54223,1.54237,1.00,1.00
2016.06.01 15:00:10.807,1.54224,1.5424,1.10,1.00
2016.06.01 15:00:10.859,1.54222,1.54232,1.12,1.00
2016.06.01 15:00:10.910,1.54216,1.54232,1.19,1.10
2016.06.01 15:00:11.344,1.54216,1.54236,1.19,1.10
2016.06.01 15:00:11.412,1.54218,1.54236,2.44,1.10
2016.06.01 15:00:11.871,1.54222,1.54237,1.12,1.50
2016.06.01 15:00:12.038,1.5422,1.54237,1.60,1.50
2016.06.01 15:00:12.191,1.54219,1.54237,2.14,1.00
2016.06.01 15:00:12.651,1.54219,1.54234,2.06,1.00
2016.06.01 15:00:12.856,1.5422,1.54237,2.81,1.00
2016.06.01 15:00:13.043,1.54221,1.54237,1.69,1.00
2016.06.01 15:00:13.096,1.54221,1.54239,1.29,1.00
2016.06.01 15:00:13.147,1.54221,1.54237,1.76,1.00
2016.06.01 15:00:13.453,1.54223,1.54238,1.29,1.00
2016.06.01 15:00:13.606,1.54223,1.54238,1.10,1.00
2016.06.01 15:00:13.759,1.54221,1.54233,1.00,1.00
2016.06.01 15:00:13.862,1.54218,1.54231,1.00,1.00
2016.06.01 15:00:14.055,1.54218,1.54229,1.00,1.00
2016.06.01 15:00:14.566,1.54216,1.54229,1.12,1.00
2016.06.01 15:00:14.891,1.54215,1.54229,1.10,1.00
2016.06.01 15:00:15.155,1.54214,1.54231,1.01,1.00
2016.06.01 15:00:15.257,1.54214,1.54234,1.01,1.10
2016.06.01 15:00:15.360,1.54217,1.54232,1.00,1.00
2016.06.01 15:00:15.617,1.54216,1.54234,2.44,1.00
2016.06.01 15:00:15.668,1.54216,1.54227,1.75,1.00
2016.06.01 15:00:15.720,1.54212,1.54223,1.87,1.00
2016.06.01 15:00:15.822,1.54206,1.54222,1.25,1.12
2016.06.01 15:00:16.058,1.54203,1.54218,1.10,1.00
2016.06.01 15:00:16.160,1.54203,1.5422,2.25,1.00
2016.06.01 15:00:16.263,1.54207,1.54225,1.12,1.00
2016.06.01 15:00:16.365,1.54207,1.54223,2.62,1.00
2016.06.01 15:00:16.416,1.5421,1.54227,1.75,1.00
2016.06.01 15:00:16.722,1.54214,1.54225,1.12,1.00
2016.06.01 15:00:16.966,1.54209,1.54227,1.65,1.00
2016.06.01 15:00:17.069,1.54207,1.54225,1.75,1.00
2016.06.01 15:00:17.171,1.54206,1.54225,1.00,1.00
2016.06.01 15:00:17.274,1.54208,1.54227,2.25,1.00
2016.06.01 15:00:17.326,1.54208,1.54229,2.25,1.00
2016.06.01 15:00:17.852,1.54208,1.5423,3.37,1.00
2016.06.01 15:00:18.057,1.54207,1.54226,1.87,1.00
2016.06.01 15:00:18.159,1.54203,1.54224,1.57,1.12
2016.06.01 15:00:18.261,1.54207,1.54226,1.12,1.00
2016.06.01 15:00:18.567,1.54212,1.54227,1.00,1.00
2016.06.01 15:00:18.900,1.54216,1.54226,1.75,1.00
2016.06.01 15:00:18.951,1.54207,1.54226,2.62,1.00
2016.06.01 15:00:19.053,1.54206,1.54226,1.12,1.10
2016.06.01 15:00:19.563,1.54204,1.54225,3.00,1.10
2016.06.01 15:00:20.039,1.54205,1.54229,1.87,1.57
2016.06.01 15:00:20.295,1.54205,1.54225,1.57,1.00
2016.06.01 15:00:20.398,1.54204,1.54225,1.00,1.87
2016.06.01 15:00:20.603,1.54203,1.54221,1.75,1.00
2016.06.01 15:00:20.705,1.542,1.54219,1.50,1.00
2016.06.01 15:00:20.887,1.54199,1.54218,1.50,1.00
2016.06.01 15:00:21.093,1.54198,1.54216,1.75,1.00
2016.06.01 15:00:21.399,1.54196,1.5421,1.12,1.00
2016.06.01 15:00:22.010,1.54193,1.54211,1.75,1.00
2016.06.01 15:00:22.165,1.54193,1.54207,1.75,1.00
2016.06.01 15:00:22.575,1.54189,1.54204,1.75,1.00
2016.06.01 15:00:22.678,1.54189,1.54206,1.12,1.00
2016.06.01 15:00:23.068,1.54188,1.54204,1.12,1.00
2016.06.01 15:00:23.475,1.54188,1.54202,1.12,1.00
2016.06.01 15:00:24.011,1.54187,1.54205,1.12,1.00
2016.06.01 15:00:24.062,1.54187,1.54203,1.12,1.00
2016.06.01 15:00:24.165,1.54187,1.54207,1.12,1.10
2016.06.01 15:00:24.268,1.54188,1.54205,1.75,1.00
2016.06.01 15:00:24.473,1.54189,1.54207,1.12,1.00
2016.06.01 15:00:24.778,1.54189,1.54204,1.12,1.00
2016.06.01 15:00:25.013,1.54185,1.54201,1.75,1.00
2016.06.01 15:00:25.065,1.54185,1.54205,1.12,1.00
2016.06.01 15:00:25.523,1.54183,1.54206,1.57,1.12
2016.06.01 15:00:25.675,1.54182,1.542,1.50,1.00
2016.06.01 15:00:26.020,1.54175,1.5419,3.00,1.00
2016.06.01 15:00:26.072,1.54173,1.5419,1.00,1.10
2016.06.01 15:00:26.123,1.54171,1.54187,1.10,1.00
2016.06.01 15:00:26.430,1.54171,1.54186,1.87,1.00
2016.06.01 15:00:26.975,1.54171,1.54189,1.87,1.57
2016.06.01 15:00:27.028,1.54171,1.54186,1.00,1.00
2016.06.01 15:00:27.080,1.54168,1.54186,1.12,1.50
2016.06.01 15:00:27.132,1.54168,1.54175,1.12,1.00
2016.06.01 15:00:27.183,1.54168,1.54184,1.12,1.00
2016.06.01 15:00:27.235,1.54163,1.54175,1.87,1.00
2016.06.01 15:00:27.286,1.54157,1.54175,3.00,1.00
2016.06.01 15:00:27.337,1.5416,1.54171,1.87,1.00
2016.06.01 15:00:27.440,1.54155,1.54172,1.87,1.10
2016.06.01 15:00:27.491,1.54155,1.5417,1.87,1.00
2016.06.01 15:00:27.817,1.54149,1.54168,1.47,1.00
2016.06.01 15:00:28.123,1.54147,1.54169,2.25,1.50
2016.06.01 15:00:28.480,1.54146,1.54165,2.25,1.00
2016.06.01 15:00:28.778,1.54142,1.54165,1.12,1.69
2016.06.01 15:00:28.830,1.5414,1.54163,3.07,1.76
2016.06.01 15:00:29.137,1.5414,1.54158,1.87,1.10
2016.06.01 15:00:29.443,1.54146,1.5416,1.00,1.12
2016.06.01 15:00:29.494,1.54149,1.54165,1.00,3.56
2016.06.01 15:00:29.651,1.54149,1.54165,1.00,2.14
2016.06.01 15:00:30.060,1.54146,1.54165,1.00,1.75
2016.06.01 15:00:30.111,1.54146,1.54164,1.00,1.69
2016.06.01 15:00:30.163,1.54142,1.5416,1.10,1.00
2016.06.01 15:00:30.265,1.54142,1.5416,1.00,1.60
2016.06.01 15:00:30.367,1.54142,1.54161,1.50,1.00
2016.06.01 15:00:30.507,1.54142,1.54163,1.50,1.20
2016.06.01 15:00:30.558,1.54142,1.54163,1.50,1.39
2016.06.01 15:00:30.762,1.54142,1.54163,1.50,1.09
2016.06.01 15:00:30.865,1.54146,1.54164,1.00,1.84
2016.06.01 15:00:30.968,1.54146,1.54165,1.10,1.00
2016.06.01 15:00:31.122,1.54148,1.54164,1.00,2.25
2016.06.01 15:00:31.477,1.54148,1.54165,1.57,1.50
2016.06.01 15:00:31.634,1.54151,1.54168,1.00,1.57
2016.06.01 15:00:31.685,1.54151,1.5417,1.10,1.01
2016.06.01 15:00:31.788,1.54154,1.54172,1.10,1.57
2016.06.01 15:00:32.147,1.54151,1.54171,1.10,2.32
2016.06.01 15:00:32.249,1.54151,1.5417,1.57,1.00
2016.06.01 15:00:32.467,1.54149,1.54168,1.20,1.00
2016.06.01 15:00:32.519,1.54147,1.54164,1.75,1.00
2016.06.01 15:00:32.874,1.54145,1.54164,1.75,1.00
2016.06.01 15:00:33.028,1.54145,1.54162,1.75,1.00
2016.06.01 15:00:34.226,1.54146,1.54164,1.12,1.00
2016.06.01 15:00:34.834,1.54145,1.54168,2.25,1.18
2016.06.01 15:00:34.988,1.54148,1.54168,1.12,1.18
2016.06.01 15:00:35.294,1.54148,1.54166,1.12,1.13
2016.06.01 15:00:35.549,1.54146,1.54166,1.87,1.13
2016.06.01 15:00:36.521,1.54146,1.54168,1.50,1.63
2016.06.01 15:00:37.010,1.54149,1.54167,1.00,1.26
2016.06.01 15:00:37.539,1.54152,1.54167,1.00,1.26
2016.06.01 15:00:37.743,1.54152,1.5417,1.00,1.12
2016.06.01 15:00:38.074,1.54153,1.54174,1.00,1.71
2016.06.01 15:00:38.125,1.54156,1.54174,1.00,1.71
2016.06.01 15:00:38.633,1.54157,1.54175,1.00,2.01
2016.06.01 15:00:39.744,1.54155,1.54176,1.75,2.01
2016.06.01 15:00:39.846,1.54154,1.54176,1.10,1.51
2016.06.01 15:00:39.948,1.54152,1.54174,1.87,1.13
2016.06.01 15:00:40.714,1.54154,1.54176,1.87,1.37
2016.06.01 15:00:40.918,1.54154,1.54175,1.50,1.37
2016.06.01 15:00:41.072,1.54153,1.54172,1.75,1.37
2016.06.01 15:00:41.417,1.5416,1.54171,1.00,1.37
2016.06.01 15:00:41.468,1.54167,1.54177,1.00,1.00
2016.06.01 15:00:41.521,1.54161,1.54179,1.12,1.12
2016.06.01 15:00:41.573,1.54166,1.54179,1.12,1.00
2016.06.01 15:00:41.625,1.54166,1.54181,1.12,1.00
2016.06.01 15:00:41.677,1.54169,1.54183,1.12,1.00
2016.06.01 15:00:41.728,1.54169,1.54185,1.12,1.50
2016.06.01 15:00:42.034,1.54171,1.54185,1.12,1.00
2016.06.01 15:00:42.272,1.54169,1.54188,1.75,1.25
2016.06.01 15:00:42.323,1.54169,1.54186,1.75,1.00
2016.06.01 15:00:42.629,1.54173,1.54187,1.12,1.00
2016.06.01 15:00:43.139,1.54173,1.54187,1.12,1.00
2016.06.01 15:00:43.456,1.54172,1.54186,1.75,1.00
2016.06.01 15:00:43.661,1.54169,1.54187,1.12,1.00
2016.06.01 15:00:43.763,1.54175,1.5419,1.12,1.00
2016.06.01 15:00:44.464,1.54175,1.5419,1.12,1.19
2016.06.01 15:00:44.984,1.54173,1.5419,1.12,1.19
2016.06.01 15:00:45.239,1.54173,1.5419,1.12,1.00
2016.06.01 15:00:45.785,1.54173,1.54191,1.12,1.12
2016.06.01 15:00:46.294,1.54173,1.54192,1.12,1.12
2016.06.01 15:00:46.834,1.54173,1.54192,1.12,1.12
2016.06.01 15:00:47.089,1.54173,1.54194,1.00,1.50
2016.06.01 15:00:47.491,1.54173,1.54193,1.20,1.37
2016.06.01 15:00:47.798,1.54174,1.54193,1.12,1.87
2016.06.01 15:00:48.308,1.54173,1.54194,1.12,1.47
2016.06.01 15:00:48.582,1.54173,1.54195,1.12,3.07
2016.06.01 15:00:49.396,1.54173,1.54195,1.87,1.95
2016.06.01 15:00:49.886,1.54173,1.54195,1.50,1.87
2016.06.01 15:00:50.455,1.54172,1.54195,3.75,1.50
2016.06.01 15:00:50.631,1.54177,1.54195,1.00,1.12
2016.06.01 15:00:50.682,1.54178,1.54198,1.00,1.12
2016.06.01 15:00:50.785,1.54177,1.54196,1.00,1.37
2016.06.01 15:00:51.142,1.54178,1.54198,1.00,1.20
2016.06.01 15:00:51.674,1.54177,1.542,2.25,2.44
2016.06.01 15:00:51.725,1.54181,1.542,1.00,1.94
2016.06.01 15:00:51.878,1.5418,1.542,1.12,1.00
2016.06.01 15:00:51.930,1.54177,1.54198,1.75,1.12
2016.06.01 15:00:51.982,1.54176,1.54198,3.00,1.20
2016.06.01 15:00:52.135,1.54176,1.54196,1.00,1.12
2016.06.01 15:00:52.679,1.54177,1.54196,1.00,1.50
2016.06.01 15:00:52.988,1.54179,1.542,1.00,1.87
2016.06.01 15:00:53.669,1.54177,1.542,1.10,1.87
2016.06.01 15:00:54.700,1.54177,1.542,1.12,1.12
2016.06.01 15:00:54.945,1.54177,1.54197,1.12,1.00
2016.06.01 15:00:55.461,1.54175,1.54196,2.06,1.00
2016.06.01 15:00:55.889,1.54171,1.54188,1.50,1.00
2016.06.01 15:00:56.656,1.54171,1.54185,1.45,1.00
2016.06.01 15:00:57.036,1.54169,1.54183,1.12,1.00
2016.06.01 15:00:57.343,1.54165,1.54179,1.12,1.00
2016.06.01 15:00:57.497,1.54161,1.54177,1.50,1.00
2016.06.01 15:00:57.599,1.54161,1.5418,1.12,1.00
2016.06.01 15:00:57.803,1.54159,1.5418,1.75,1.00
2016.06.01 15:00:58.087,1.54159,1.54178,1.75,1.00
2016.06.01 15:00:58.396,1.54159,1.5418,1.75,1.50
2016.06.01 15:00:58.958,1.54159,1.54177,1.87,1.00
2016.06.01 15:00:59.264,1.54154,1.5417,1.10,1.00
2016.06.01 15:00:59.417,1.5415,1.5417,1.10,1.12
2016.06.01 15:00:59.940,1.54151,1.5417,1.10,1.00
2016.06.01 15:01:00.042,1.54151,1.5417,1.85,1.00
2016.06.01 15:01:00.093,1.54151,1.54174,1.87,1.57
2016.06.01 15:01:00.393,1.54152,1.54172,1.00,1.57
2016.06.01 15:01:00.905,1.54155,1.54173,1.00,1.12
2016.06.01 15:01:00.957,1.54155,1.54174,1.00,1.12
2016.06.01 15:01:01.013,1.54158,1.54175,1.00,1.12
2016.06.01 15:01:01.323,1.54164,1.5418,1.75,1.00
2016.06.01 15:01:01.680,1.54168,1.5418,1.00,1.00
2016.06.01 15:01:02.087,1.54166,1.5418,1.00,1.00
2016.06.01 15:01:02.409,1.54168,1.5418,1.00,1.00
2016.06.01 15:01:02.513,1.54165,1.54181,1.12,1.00
2016.06.01 15:01:02.769,1.54165,1.54179,1.12,1.00
2016.06.01 15:01:02.923,1.54163,1.54179,1.50,1.00
2016.06.01 15:01:03.451,1.54163,1.54179,1.12,1.00
2016.06.01 15:01:03.959,1.54165,1.54176,1.12,1.00
2016.06.01 15:01:04.062,1.54162,1.54176,1.87,1.00
2016.06.01 15:01:04.164,1.54162,1.54173,2.62,1.00
2016.06.01 15:01:04.411,1.54158,1.54171,1.00,1.00
2016.06.01 15:01:04.717,1.54157,1.54169,1.20,1.00
2016.06.01 15:01:05.124,1.54155,1.54162,1.12,1.00
2016.06.01 15:01:05.175,1.54155,1.54163,1.12,1.00
2016.06.01 15:01:05.227,1.5415,1.54166,1.75,1.00
2016.06.01 15:01:05.419,1.54149,1.54164,1.00,1.00
2016.06.01 15:01:05.624,1.54146,1.5416,1.00,1.00
2016.06.01 15:01:05.929,1.5414,1.54154,1.50,1.00
2016.06.01 15:01:06.185,1.5414,1.54157,1.50,1.00
2016.06.01 15:01:06.379,1.54141,1.54154,1.87,1.00
2016.06.01 15:01:06.533,1.5414,1.54157,1.12,1.00
2016.06.01 15:01:06.635,1.54139,1.54155,2.25,1.00
2016.06.01 15:01:06.943,1.54141,1.54155,1.12,1.50
2016.06.01 15:01:06.994,1.5414,1.54155,1.75,1.50
2016.06.01 15:01:07.046,1.54139,1.54153,1.12,1.00
2016.06.01 15:01:07.230,1.54138,1.54153,1.37,1.00
2016.06.01 15:01:07.282,1.54135,1.54154,1.50,1.50
2016.06.01 15:01:07.639,1.54135,1.5415,1.50,1.00
2016.06.01 15:01:07.945,1.54129,1.5414,1.12,1.00
2016.06.01 15:01:08.135,1.54126,1.54143,1.87,1.00
2016.06.01 15:01:08.188,1.54125,1.5414,1.37,1.00
2016.06.01 15:01:08.601,1.54127,1.54142,1.00,1.00
2016.06.01 15:01:08.652,1.54129,1.54146,1.12,1.00
2016.06.01 15:01:08.704,1.54132,1.54149,1.12,1.00
2016.06.01 15:01:08.755,1.54132,1.54145,1.12,1.50
2016.06.01 15:01:08.858,1.54132,1.54148,1.12,1.00
2016.06.01 15:01:08.909,1.54129,1.54147,1.07,1.00
2016.06.01 15:01:09.189,1.5413,1.54148,1.12,1.00
2016.06.01 15:01:09.496,1.54131,1.54143,1.12,1.00
2016.06.01 15:01:09.801,1.5413,1.5414,1.75,1.00
2016.06.01 15:01:10.006,1.5413,1.54142,1.75,1.50
2016.06.01 15:01:10.339,1.5413,1.54145,1.75,2.25
2016.06.01 15:01:10.441,1.5413,1.54148,1.75,1.00
2016.06.01 15:01:10.493,1.54131,1.54148,1.87,1.00
2016.06.01 15:01:10.545,1.5414,1.54156,1.00,1.47
2016.06.01 15:01:10.647,1.54144,1.54162,1.00,2.25
2016.06.01 15:01:10.698,1.54144,1.54162,1.00,1.00
2016.06.01 15:01:10.749,1.54144,1.54162,1.75,1.00
2016.06.01 15:01:10.800,1.54147,1.54168,1.75,1.00
2016.06.01 15:01:10.852,1.54146,1.54168,1.12,1.50
2016.06.01 15:01:10.904,1.54147,1.54168,1.10,1.57
2016.06.01 15:01:11.090,1.54148,1.5417,1.20,1.87
2016.06.01 15:01:11.400,1.54151,1.5417,1.12,1.00
2016.06.01 15:01:11.604,1.54152,1.54172,1.75,1.50
2016.06.01 15:01:11.859,1.54154,1.54172,1.12,1.50
2016.06.01 15:01:12.511,1.54154,1.54175,2.62,1.10
2016.06.01 15:01:12.563,1.54158,1.54177,1.12,1.00
2016.06.01 15:01:12.769,1.5416,1.54175,1.12,1.00
2016.06.01 15:01:13.126,1.5416,1.54177,1.12,1.50
2016.06.01 15:01:13.382,1.54158,1.54176,1.12,1.00
2016.06.01 15:01:13.893,1.54157,1.54176,1.12,1.00
2016.06.01 15:01:14.230,1.5416,1.5418,1.00,2.25
2016.06.01 15:01:14.333,1.54161,1.54174,1.00,1.00
2016.06.01 15:01:14.385,1.54161,1.54179,1.00,1.12
2016.06.01 15:01:14.691,1.54159,1.54177,1.65,1.00
2016.06.01 15:01:14.743,1.54158,1.54174,2.25,1.00
2016.06.01 15:01:15.286,1.54158,1.54174,3.00,1.12
2016.06.01 15:01:15.490,1.54155,1.54173,1.39,1.00
2016.06.01 15:01:15.541,1.54154,1.54171,1.31,1.00
2016.06.01 15:01:15.644,1.54153,1.54171,1.57,1.00
2016.06.01 15:01:15.933,1.54155,1.5417,1.12,1.00
2016.06.01 15:01:16.087,1.54149,1.54165,1.12,1.00
2016.06.01 15:01:16.138,1.54149,1.54165,1.12,1.00
2016.06.01 15:01:16.291,1.54153,1.54167,1.12,1.00
2016.06.01 15:01:16.904,1.54154,1.54167,1.12,1.00
2016.06.01 15:01:16.957,1.54157,1.5417,1.12,1.00
2016.06.01 15:01:17.521,1.54157,1.54173,1.75,1.00
2016.06.01 15:01:17.573,1.54158,1.54174,1.12,1.00
2016.06.01 15:01:17.913,1.54154,1.54169,1.12,1.00
2016.06.01 15:01:18.067,1.54151,1.54167,1.12,1.00
2016.06.01 15:01:18.171,1.54151,1.54164,1.12,1.00
2016.06.01 15:01:18.427,1.54149,1.54164,1.10,1.00
2016.06.01 15:01:18.478,1.54146,1.54164,1.45,1.00
2016.06.01 15:01:18.530,1.54145,1.54159,1.87,1.00
2016.06.01 15:01:18.582,1.54143,1.54159,1.20,1.00
2016.06.01 15:01:18.812,1.54142,1.54154,1.00,1.00
2016.06.01 15:01:19.117,1.54136,1.5414,1.00,1.00
2016.06.01 15:01:19.169,1.54129,1.54143,1.00,1.00
2016.06.01 15:01:19.426,1.54129,1.54148,1.50,1.85
2016.06.01 15:01:19.588,1.54131,1.54149,1.75,1.75
2016.06.01 15:01:19.673,1.54132,1.54149,1.12,1.50
2016.06.01 15:01:20.029,1.54132,1.54146,1.12,1.00
2016.06.01 15:01:20.183,1.54135,1.54152,1.12,1.00
2016.06.01 15:01:20.504,1.54136,1.54154,1.75,1.12
2016.06.01 15:01:20.762,1.54137,1.54155,1.12,1.87
2016.06.01 15:01:21.419,1.54141,1.54158,1.12,1.50
2016.06.01 15:01:21.928,1.5414,1.54156,1.12,1.00
2016.06.01 15:01:21.979,1.5414,1.54156,1.12,1.75
2016.06.01 15:01:22.132,1.54137,1.54155,1.75,1.87
2016.06.01 15:01:22.235,1.54134,1.54154,1.75,1.37
2016.06.01 15:01:23.172,1.54135,1.54155,1.12,2.62
2016.06.01 15:01:23.326,1.54137,1.54155,1.57,1.37
2016.06.01 15:01:23.952,1.54135,1.54153,1.75,1.00
2016.06.01 15:01:24.207,1.54134,1.54151,1.53,1.00
2016.06.01 15:01:24.589,1.54134,1.54154,1.53,1.00
2016.06.01 15:01:24.795,1.54134,1.54155,1.26,1.50
2016.06.01 15:01:25.354,1.54136,1.54155,1.12,1.50
2016.06.01 15:01:25.753,1.54136,1.54157,1.12,1.87
2016.06.01 15:01:26.011,1.54138,1.54156,1.12,1.00
2016.06.01 15:01:26.114,1.54138,1.54159,1.12,1.00
2016.06.01 15:01:26.217,1.54138,1.54157,1.12,1.00
2016.06.01 15:01:26.371,1.54137,1.54157,3.13,1.00
2016.06.01 15:01:26.915,1.54136,1.54157,1.26,1.00
2016.06.01 15:01:27.068,1.54136,1.54155,1.26,1.00
2016.06.01 15:01:27.221,1.54134,1.54155,1.88,1.10
2016.06.01 15:01:27.989,1.54135,1.54155,1.26,1.00
2016.06.01 15:01:28.092,1.54136,1.54152,1.26,1.00
2016.06.01 15:01:28.246,1.54134,1.54152,1.12,1.00
2016.06.01 15:01:28.298,1.54132,1.54152,1.63,1.00
2016.06.01 15:01:28.351,1.54132,1.5415,1.63,1.00
2016.06.01 15:01:28.756,1.5413,1.54146,1.10,1.00
2016.06.01 15:01:28.807,1.54126,1.54144,1.26,1.00
2016.06.01 15:01:28.910,1.54129,1.54144,1.20,1.00
2016.06.01 15:01:29.218,1.54129,1.54144,1.87,1.00
2016.06.01 15:01:29.749,1.54129,1.54147,1.87,1.00
2016.06.01 15:01:29.861,1.5413,1.54148,1.85,1.00
2016.06.01 15:01:29.964,1.54136,1.54154,1.00,2.62
2016.06.01 15:01:30.016,1.54131,1.54152,1.12,1.20
2016.06.01 15:01:30.119,1.5413,1.54152,1.50,1.87
2016.06.01 15:01:30.171,1.5413,1.54152,1.00,2.62
2016.06.01 15:01:30.223,1.5413,1.5415,1.00,1.20
2016.06.01 15:01:30.732,1.54129,1.5415,1.13,1.12
2016.06.01 15:01:31.191,1.54129,1.5415,1.00,1.69
2016.06.01 15:01:31.395,1.54129,1.5415,1.00,1.50
2016.06.01 15:01:31.727,1.54129,1.54147,1.10,1.47
2016.06.01 15:01:32.037,1.54131,1.5415,1.00,1.20
2016.06.01 15:01:32.395,1.54128,1.54148,1.12,1.45
2016.06.01 15:01:32.447,1.54126,1.54144,1.12,1.00
2016.06.01 15:01:32.498,1.54124,1.54144,1.87,1.10
2016.06.01 15:01:32.550,1.54124,1.54144,1.12,1.10
2016.06.01 15:01:32.795,1.54127,1.54146,1.00,1.20
2016.06.01 15:01:32.948,1.54127,1.54146,1.12,1.10
2016.06.01 15:01:33.051,1.54124,1.54138,1.57,1.00
2016.06.01 15:01:33.357,1.54123,1.54132,1.75,1.00
2016.06.01 15:01:33.414,1.54123,1.54136,1.12,1.37
2016.06.01 15:01:33.637,1.54115,1.54131,1.75,1.10
2016.06.01 15:01:33.689,1.54109,1.54128,1.26,1.00
2016.06.01 15:01:33.740,1.54108,1.54128,1.87,1.12
2016.06.01 15:01:34.252,1.54107,1.54128,1.12,1.95
2016.06.01 15:01:34.759,1.54107,1.54126,1.12,1.00
2016.06.01 15:01:35.268,1.54106,1.54126,1.12,1.00
2016.06.01 15:01:35.769,1.54104,1.54126,1.53,1.00
2016.06.01 15:01:36.241,1.54106,1.5413,2.83,1.87
2016.06.01 15:01:36.759,1.54108,1.54131,1.78,1.87
2016.06.01 15:01:37.510,1.54108,1.54131,1.78,1.25
2016.06.01 15:01:37.916,1.54115,1.54133,1.00,2.25
2016.06.01 15:01:38.221,1.54109,1.5413,1.00,1.12
2016.06.01 15:01:38.461,1.54108,1.54128,1.00,1.12
2016.06.01 15:01:38.512,1.54106,1.54126,1.00,1.12
2016.06.01 15:01:38.564,1.54104,1.54126,1.10,1.87
2016.06.01 15:01:38.615,1.54106,1.54126,1.00,1.12
2016.06.01 15:01:38.921,1.54106,1.54125,1.00,1.12
2016.06.01 15:01:39.124,1.54106,1.54126,1.00,1.12
2016.06.01 15:01:39.176,1.54111,1.54127,1.00,1.12
2016.06.01 15:01:40.118,1.54112,1.54129,1.00,1.87
2016.06.01 15:01:40.170,1.54107,1.54126,1.12,1.00
2016.06.01 15:01:40.221,1.54107,1.54124,1.12,1.00
2016.06.01 15:01:40.642,1.54111,1.54118,1.12,1.00
2016.06.01 15:01:40.693,1.54101,1.54119,1.00,1.00
2016.06.01 15:01:40.745,1.54104,1.54122,1.00,1.87
2016.06.01 15:01:40.797,1.54102,1.54122,1.00,1.20
2016.06.01 15:01:40.899,1.54099,1.5412,1.50,1.12
2016.06.01 15:01:41.156,1.54098,1.54119,1.00,1.65
2016.06.01 15:01:41.208,1.54098,1.54119,1.00,2.32
2016.06.01 15:01:41.514,1.541,1.54117,1.00,1.12
2016.06.01 15:01:41.820,1.541,1.54116,1.00,1.12
2016.06.01 15:01:41.872,1.541,1.54117,1.00,1.12
2016.06.01 15:01:42.178,1.54098,1.54118,1.10,1.12
2016.06.01 15:01:42.331,1.54101,1.54118,1.00,1.12
2016.06.01 15:01:42.626,1.54098,1.54118,1.10,1.12
2016.06.01 15:01:42.731,1.54098,1.54117,1.00,1.01
2016.06.01 15:01:43.037,1.54101,1.54112,1.00,1.12
2016.06.01 15:01:43.138,1.54101,1.54117,1.00,1.31
2016.06.01 15:01:43.291,1.54101,1.54119,1.00,2.44
2016.06.01 15:01:43.397,1.54101,1.54117,1.00,1.01
2016.06.01 15:01:43.575,1.54101,1.54119,1.00,2.44
2016.06.01 15:01:43.627,1.54099,1.54119,1.00,2.44
2016.06.01 15:01:43.729,1.54101,1.54119,1.00,2.44
2016.06.01 15:01:43.882,1.54099,1.54121,1.00,1.60
2016.06.01 15:01:44.035,1.54102,1.5412,1.00,1.20
2016.06.01 15:01:44.086,1.54098,1.5412,1.10,1.20
2016.06.01 15:01:44.239,1.54102,1.54121,1.00,1.97
2016.06.01 15:01:44.580,1.54101,1.54116,1.20,1.00
2016.06.01 15:01:44.683,1.54098,1.54114,1.20,1.00
2016.06.01 15:01:44.786,1.54097,1.54111,1.12,1.00
2016.06.01 15:01:44.888,1.54094,1.54111,1.20,1.00
2016.06.01 15:01:45.346,1.54094,1.54115,1.20,1.00
2016.06.01 15:01:45.398,1.54097,1.54116,1.10,1.00
2016.06.01 15:01:45.739,1.54102,1.54119,1.12,1.00
2016.06.01 15:01:46.262,1.54102,1.54117,1.12,1.00
2016.06.01 15:01:46.713,1.541,1.54117,1.12,1.00
2016.06.01 15:01:47.232,1.541,1.54117,1.85,1.00
2016.06.01 15:01:47.386,1.541,1.54117,1.12,1.00
2016.06.01 15:01:47.926,1.54099,1.54108,1.12,1.00
2016.06.01 15:01:48.079,1.5409,1.54108,1.00,1.12
2016.06.01 15:01:48.130,1.54088,1.54107,1.00,1.20
2016.06.01 15:01:48.182,1.54086,1.54101,1.00,1.37
2016.06.01 15:01:48.284,1.54077,1.54098,1.20,1.50
2016.06.01 15:01:48.387,1.54077,1.541,1.50,2.81
2016.06.01 15:01:48.534,1.54077,1.54099,2.25,1.01
2016.06.01 15:01:48.586,1.54079,1.54102,1.12,2.06
2016.06.01 15:01:48.637,1.54082,1.54102,1.00,1.20
2016.06.01 15:01:48.892,1.54088,1.54111,1.12,2.51
2016.06.01 15:01:48.994,1.54089,1.54111,1.75,1.19
2016.06.01 15:01:49.495,1.5409,1.54105,1.12,1.00
2016.06.01 15:01:49.547,1.54093,1.54112,1.50,1.69
2016.06.01 15:01:49.700,1.54093,1.54107,1.12,1.00
2016.06.01 15:01:49.852,1.54087,1.54107,1.12,1.37
2016.06.01 15:01:50.005,1.54091,1.54108,1.12,1.37
2016.06.01 15:01:50.057,1.54091,1.54109,1.12,1.69
2016.06.01 15:01:50.108,1.54093,1.54112,1.10,1.10
2016.06.01 15:01:50.210,1.54093,1.54114,1.50,1.65
2016.06.01 15:01:50.530,1.54098,1.54118,1.00,1.12
2016.06.01 15:01:50.836,1.54102,1.54122,1.00,2.25
2016.06.01 15:01:50.939,1.54106,1.54126,1.10,1.95
2016.06.01 15:01:50.990,1.54106,1.54126,1.50,1.39
2016.06.01 15:01:51.144,1.54106,1.54126,1.20,1.39
2016.06.01 15:01:51.333,1.54097,1.54119,1.12,2.25
2016.06.01 15:01:51.386,1.54098,1.54115,1.10,1.00
2016.06.01 15:01:51.437,1.54096,1.54115,1.10,1.00
2016.06.01 15:01:51.489,1.54099,1.54116,1.00,1.65
2016.06.01 15:01:51.542,1.54097,1.54115,1.00,1.00
2016.06.01 15:01:51.747,1.54098,1.54118,1.12,1.10
2016.06.01 15:01:52.235,1.54101,1.54118,1.00,1.10
2016.06.01 15:01:52.542,1.54108,1.54127,1.00,2.62
2016.06.01 15:01:52.900,1.54105,1.54127,1.10,3.75
2016.06.01 15:01:52.953,1.54103,1.54123,1.50,1.10
2016.06.01 15:01:53.293,1.54114,1.54131,1.00,1.50
2016.06.01 15:01:53.396,1.54112,1.54133,1.10,1.12
2016.06.01 15:01:53.756,1.54112,1.54132,1.00,1.12
2016.06.01 15:01:53.859,1.54109,1.54131,1.20,1.12
2016.06.01 15:01:53.910,1.54112,1.54131,1.00,1.12
2016.06.01 15:01:54.250,1.54113,1.54131,1.20,1.00
2016.06.01 15:01:54.658,1.54115,1.54133,1.00,1.10
2016.06.01 15:01:54.709,1.54115,1.54134,1.69,1.20
2016.06.01 15:01:55.215,1.54114,1.54133,3.71,1.00
2016.06.01 15:01:55.267,1.54114,1.54133,2.21,1.00
2016.06.01 15:01:55.319,1.54113,1.54133,1.50,1.00
2016.06.01 15:01:55.473,1.54113,1.54131,1.50,1.00
2016.06.01 15:01:56.169,1.54113,1.54132,1.76,1.00
2016.06.01 15:01:56.425,1.5412,1.54137,1.00,1.00
2016.06.01 15:01:56.628,1.54118,1.54133,1.00,1.00
2016.06.01 15:01:56.973,1.54118,1.54135,1.50,1.00
2016.06.01 15:01:57.024,1.54118,1.54137,1.50,1.00
2016.06.01 15:01:57.076,1.54118,1.54134,1.50,1.00
2016.06.01 15:01:57.280,1.54114,1.54133,1.25,1.00
2016.06.01 15:01:57.535,1.54112,1.54131,1.67,1.00
2016.06.01 15:01:57.637,1.54114,1.54133,1.05,1.10
2016.06.01 15:01:57.688,1.54113,1.54133,1.42,1.10
2016.06.01 15:01:57.740,1.54117,1.54135,1.12,1.20
2016.06.01 15:01:57.914,1.54117,1.54137,1.50,1.00
2016.06.01 15:01:57.965,1.54117,1.54136,1.01,1.00
2016.06.01 15:01:58.425,1.54117,1.54138,2.36,1.00
2016.06.01 15:01:58.929,1.54119,1.54138,1.12,1.00
2016.06.01 15:01:59.034,1.54119,1.54136,1.12,1.00
2016.06.01 15:01:59.595,1.54118,1.54138,1.50,1.50
2016.06.01 15:02:00.256,1.54119,1.54136,1.42,1.00
2016.06.01 15:02:00.410,1.54117,1.54137,1.01,1.00
2016.06.01 15:02:00.664,1.54118,1.54141,2.25,1.69
2016.06.01 15:02:00.767,1.54122,1.54142,1.37,1.75
2016.06.01 15:02:00.818,1.54122,1.54143,1.87,1.50
2016.06.01 15:02:01.125,1.54123,1.54146,1.50,1.20
2016.06.01 15:02:01.436,1.54124,1.54145,1.00,2.62
2016.06.01 15:02:01.743,1.54126,1.54145,1.00,1.95
2016.06.01 15:02:02.285,1.54127,1.54145,1.10,1.00
2016.06.01 15:02:02.490,1.54127,1.54148,1.10,1.76
2016.06.01 15:02:02.541,1.54128,1.54148,1.75,1.69
2016.06.01 15:02:02.796,1.54127,1.54146,1.20,1.00
2016.06.01 15:02:03.061,1.54129,1.54146,1.12,1.00
2016.06.01 15:02:03.234,1.54128,1.54151,1.12,4.20
2016.06.01 15:02:03.285,1.54133,1.5415,1.00,1.12
2016.06.01 15:02:03.593,1.54147,1.54155,1.00,1.50
2016.06.01 15:02:03.748,1.54151,1.54165,1.20,1.50
2016.06.01 15:02:03.800,1.54154,1.54165,1.00,1.50
2016.06.01 15:02:04.025,1.54155,1.54175,1.75,1.50
2016.06.01 15:02:04.077,1.54158,1.54175,1.57,1.50
2016.06.01 15:02:04.692,1.5416,1.54177,1.00,1.00
2016.06.01 15:02:05.238,1.5416,1.54176,1.00,1.00
2016.06.01 15:02:05.545,1.54158,1.54176,1.10,1.57
2016.06.01 15:02:05.596,1.54158,1.54174,1.10,1.00
2016.06.01 15:02:06.183,1.5416,1.54174,1.00,1.00
2016.06.01 15:02:06.234,1.5416,1.54176,1.00,1.00
2016.06.01 15:02:06.747,1.54159,1.54177,1.75,1.25
2016.06.01 15:02:07.280,1.54159,1.54179,1.87,2.06
2016.06.01 15:02:07.536,1.54156,1.54179,1.20,1.76
2016.06.01 15:02:07.588,1.54156,1.54177,1.20,1.19
2016.06.01 15:02:07.942,1.54153,1.5417,1.00,1.69
2016.06.01 15:02:08.453,1.54151,1.54167,1.12,1.00
2016.06.01 15:02:08.555,1.54144,1.54165,1.87,1.10
2016.06.01 15:02:08.607,1.54144,1.54163,1.87,1.00
2016.06.01 15:02:08.886,1.54144,1.54163,1.10,1.10
2016.06.01 15:02:09.398,1.54144,1.54165,1.50,1.19
2016.06.01 15:02:10.255,1.54145,1.54167,1.20,1.39
2016.06.01 15:02:10.357,1.54145,1.54167,1.87,1.10
2016.06.01 15:02:10.408,1.54147,1.54169,1.12,3.26
2016.06.01 15:02:10.817,1.54151,1.54169,1.00,2.14
2016.06.01 15:02:11.194,1.54154,1.5417,1.00,2.14
2016.06.01 15:02:11.297,1.54154,1.54173,1.00,2.06
2016.06.01 15:02:11.918,1.54155,1.54173,1.00,1.26
2016.06.01 15:02:12.121,1.54155,1.54174,1.00,1.47
2016.06.01 15:02:12.224,1.54159,1.54173,1.00,1.37
2016.06.01 15:02:12.275,1.54156,1.54174,1.00,1.12
2016.06.01 15:02:12.326,1.54159,1.54175,1.00,1.12
2016.06.01 15:02:12.429,1.54157,1.54176,1.00,1.75
2016.06.01 15:02:12.481,1.54153,1.54174,1.00,1.12
2016.06.01 15:02:12.583,1.54153,1.54172,1.00,1.12
2016.06.01 15:02:12.888,1.54156,1.54173,1.00,1.12
2016.06.01 15:02:13.241,1.54156,1.54175,1.00,1.87
2016.06.01 15:02:13.446,1.54156,1.54175,1.00,1.12
2016.06.01 15:02:13.599,1.54153,1.54173,1.10,1.12
2016.06.01 15:02:14.150,1.54154,1.54173,1.00,1.12
2016.06.01 15:02:14.457,1.54154,1.54172,1.00,1.12
2016.06.01 15:02:14.664,1.54152,1.54172,1.00,1.12
2016.06.01 15:02:15.278,1.5416,1.54172,1.00,1.12
2016.06.01 15:02:15.432,1.54158,1.54171,1.50,1.75
2016.06.01 15:02:15.636,1.54148,1.54169,1.39,1.10
2016.06.01 15:02:15.739,1.5415,1.54172,1.31,2.25
2016.06.01 15:02:16.231,1.54153,1.54173,1.00,1.12
2016.06.01 15:02:16.640,1.54152,1.54172,1.00,2.32
2016.06.01 15:02:17.098,1.54148,1.5417,1.01,1.95
2016.06.01 15:02:17.797,1.54148,1.54167,1.01,1.00
2016.06.01 15:02:18.397,1.54147,1.54166,2.14,1.00
2016.06.01 15:02:18.707,1.54145,1.54164,3.56,1.00
2016.06.01 15:02:19.114,1.54148,1.54166,1.25,1.00
2016.06.01 15:02:19.165,1.54149,1.54166,1.29,1.00
2016.06.01 15:02:19.267,1.54149,1.54168,2.44,1.00
2016.06.01 15:02:19.709,1.54149,1.54163,1.12,1.00
2016.06.01 15:02:19.863,1.54142,1.54162,1.00,1.00
2016.06.01 15:02:19.914,1.54142,1.54159,1.00,1.10
2016.06.01 15:02:19.966,1.54139,1.54159,1.25,1.10
2016.06.01 15:02:20.221,1.54141,1.54162,1.00,1.75
2016.06.01 15:02:20.736,1.54142,1.54162,1.00,1.75
2016.06.01 15:02:21.244,1.54141,1.54161,1.00,1.12
2016.06.01 15:02:21.742,1.54145,1.54163,1.00,1.12
2016.06.01 15:02:23.012,1.54146,1.54163,1.00,2.62
2016.06.01 15:02:23.218,1.54144,1.54162,1.00,1.75
2016.06.01 15:02:23.867,1.54144,1.54163,1.00,1.47
2016.06.01 15:02:24.020,1.54141,1.54163,1.00,1.47
2016.06.01 15:02:24.224,1.54144,1.54164,1.00,1.87
2016.06.01 15:02:24.945,1.54144,1.54163,1.00,1.12
2016.06.01 15:02:25.250,1.54146,1.54165,1.00,2.81
2016.06.01 15:02:25.556,1.54149,1.54165,1.00,2.06
2016.06.01 15:02:25.761,1.54146,1.54164,1.00,1.10
2016.06.01 15:02:26.308,1.54146,1.54163,1.00,1.00
2016.06.01 15:02:26.818,1.54146,1.54164,1.00,1.00
2016.06.01 15:02:26.920,1.54149,1.54164,1.00,1.00
2016.06.01 15:02:27.117,1.54147,1.54168,1.00,1.10
2016.06.01 15:02:27.169,1.54142,1.5416,2.62,1.00
2016.06.01 15:02:27.220,1.54142,1.5416,1.00,1.12
2016.06.01 15:02:27.271,1.54139,1.5416,1.10,1.12
2016.06.01 15:02:27.425,1.54139,1.5416,1.00,2.70
2016.06.01 15:02:27.732,1.5415,1.54167,1.00,1.75
2016.06.01 15:02:27.783,1.5415,1.54167,1.00,1.00
2016.06.01 15:02:27.835,1.5415,1.5417,1.00,1.87
2016.06.01 15:02:28.148,1.54144,1.54168,1.87,1.00
2016.06.01 15:02:28.200,1.54144,1.54162,1.00,1.00
2016.06.01 15:02:28.506,1.54145,1.54162,1.00,1.12
2016.06.01 15:02:28.557,1.54145,1.54163,1.00,1.75
2016.06.01 15:02:28.659,1.54147,1.54163,1.00,1.75
2016.06.01 15:02:28.812,1.54144,1.54163,1.00,1.75
2016.06.01 15:02:29.092,1.54144,1.54161,1.00,1.75
2016.06.01 15:02:29.448,1.54141,1.54157,1.50,1.00
2016.06.01 15:02:29.499,1.5414,1.54161,1.87,3.19
2016.06.01 15:02:29.601,1.54136,1.54158,1.75,2.25
2016.06.01 15:02:29.654,1.54134,1.54155,1.20,1.65
2016.06.01 15:02:29.974,1.54135,1.54155,1.00,1.12
2016.06.01 15:02:30.435,1.54137,1.54155,1.00,2.62
2016.06.01 15:02:30.588,1.54137,1.54156,1.00,2.32
2016.06.01 15:02:30.640,1.54137,1.54157,1.00,1.95
2016.06.01 15:02:30.793,1.54135,1.54156,1.10,1.57
2016.06.01 15:02:30.991,1.54137,1.54157,1.00,1.95
2016.06.01 15:02:31.665,1.54137,1.54155,1.00,1.50
2016.06.01 15:02:32.038,1.54142,1.54156,1.00,1.50
2016.06.01 15:02:32.140,1.54143,1.5416,1.00,1.12
2016.06.01 15:02:32.242,1.54143,1.54162,1.00,1.12
2016.06.01 15:02:32.345,1.54142,1.54158,1.00,1.00
2016.06.01 15:02:32.669,1.54144,1.54158,1.00,1.00
2016.06.01 15:02:33.201,1.54143,1.54158,1.00,1.00
2016.06.01 15:02:35.121,1.54143,1.54159,1.00,1.00
2016.06.01 15:02:35.432,1.54138,1.54155,2.32,1.00
2016.06.01 15:02:35.483,1.54138,1.54154,1.20,1.00
2016.06.01 15:02:36.025,1.54139,1.54154,1.12,1.00
2016.06.01 15:02:36.381,1.54139,1.54156,1.00,1.00
2016.06.01 15:02:36.541,1.54139,1.54155,1.75,1.00
2016.06.01 15:02:36.745,1.5414,1.54155,1.10,1.00
2016.06.01 15:02:37.102,1.54138,1.54158,1.10,1.00
2016.06.01 15:02:37.255,1.54141,1.54158,1.00,1.00
2016.06.01 15:02:37.592,1.54143,1.54155,1.00,1.00
2016.06.01 15:02:37.643,1.54137,1.54153,1.57,1.00
2016.06.01 15:02:37.695,1.54137,1.54151,1.20,1.00
2016.06.01 15:02:37.798,1.54133,1.54154,1.87,1.20
2016.06.01 15:02:37.849,1.54136,1.54154,1.00,1.85
2016.06.01 15:02:38.308,1.54135,1.54157,2.70,1.12
2016.06.01 15:02:38.497,1.54136,1.54159,1.00,1.87
2016.06.01 15:02:38.613,1.54137,1.54158,1.00,1.07
2016.06.01 15:02:38.664,1.54141,1.54158,1.00,1.00
2016.06.01 15:02:38.868,1.54135,1.54156,1.20,1.10
2016.06.01 15:02:39.224,1.54136,1.54154,1.10,1.00
2016.06.01 15:02:39.589,1.54136,1.54151,1.20,1.00
2016.06.01 15:02:39.844,1.54134,1.54151,1.20,1.00
2016.06.01 15:02:40.303,1.54135,1.54157,1.00,1.87
2016.06.01 15:02:40.420,1.54139,1.54159,1.00,1.95
2016.06.01 15:02:40.662,1.54138,1.54159,2.25,1.00
2016.06.01 15:02:40.713,1.5414,1.54156,1.12,1.00
2016.06.01 15:02:40.815,1.54137,1.54159,1.65,1.00
2016.06.01 15:02:40.968,1.54138,1.54159,1.07,1.12
2016.06.01 15:02:41.070,1.54138,1.54161,1.95,1.17
2016.06.01 15:02:41.325,1.5414,1.54162,3.07,1.07
2016.06.01 15:02:41.837,1.54141,1.54162,1.57,1.00
2016.06.01 15:02:43.017,1.54143,1.54165,1.95,1.10
2016.06.01 15:02:43.069,1.54145,1.54167,1.37,1.20
2016.06.01 15:02:43.274,1.54147,1.54169,1.95,1.20
2016.06.01 15:02:43.480,1.54152,1.5417,1.00,1.12
2016.06.01 15:02:43.715,1.54153,1.54175,1.00,1.57
2016.06.01 15:02:43.767,1.54157,1.54176,1.00,1.12
2016.06.01 15:02:43.818,1.54157,1.54177,2.25,1.75
2016.06.01 15:02:43.920,1.54158,1.54181,3.00,1.01
2016.06.01 15:02:44.023,1.54161,1.54181,1.00,1.60
2016.06.01 15:02:44.460,1.54159,1.54181,1.00,1.31
2016.06.01 15:02:44.663,1.54159,1.54182,1.27,1.34
2016.06.01 15:02:45.658,1.5416,1.54183,1.50,1.69
2016.06.01 15:02:45.977,1.54161,1.54185,3.75,1.85
2016.06.01 15:02:46.131,1.5417,1.5419,1.00,2.70
2016.06.01 15:02:46.642,1.5417,1.5419,1.00,2.32
2016.06.01 15:02:47.574,1.5417,1.54189,1.00,1.12
2016.06.01 15:02:47.778,1.54172,1.54188,1.00,1.12
2016.06.01 15:02:48.317,1.54171,1.54189,1.00,1.87
2016.06.01 15:02:48.368,1.54169,1.54188,1.00,1.75
2016.06.01 15:02:48.521,1.54168,1.54186,1.00,1.12
2016.06.01 15:02:48.623,1.54165,1.54186,1.00,1.87
2016.06.01 15:02:48.674,1.54167,1.54185,1.00,1.75
2016.06.01 15:02:48.982,1.54165,1.54184,1.00,1.12
2016.06.01 15:02:49.084,1.54164,1.54185,1.50,1.12
2016.06.01 15:02:49.253,1.54164,1.54181,1.50,1.50
2016.06.01 15:02:49.509,1.54163,1.54183,1.00,1.29
2016.06.01 15:02:49.715,1.5416,1.5418,1.00,1.01
2016.06.01 15:02:49.767,1.5416,1.54176,1.00,1.00
2016.06.01 15:02:50.073,1.54162,1.54176,1.00,1.00
2016.06.01 15:02:50.220,1.5416,1.54176,1.00,1.00
2016.06.01 15:02:50.682,1.54163,1.54176,1.00,1.00
2016.06.01 15:02:51.039,1.5416,1.54176,1.00,1.00
2016.06.01 15:02:51.349,1.54163,1.54176,1.00,1.10
2016.06.01 15:02:52.475,1.5416,1.54176,1.00,1.00
2016.06.01 15:02:52.526,1.54164,1.54176,1.00,1.00
2016.06.01 15:02:52.628,1.54161,1.54177,1.50,1.00
2016.06.01 15:02:52.730,1.54161,1.54177,1.37,1.50
2016.06.01 15:02:52.884,1.5416,1.54177,1.00,1.87
2016.06.01 15:02:53.530,1.54162,1.54178,1.00,2.14
2016.06.01 15:02:53.632,1.5417,1.54189,1.00,1.12
2016.06.01 15:02:53.684,1.5417,1.54188,1.00,1.19
2016.06.01 15:02:54.345,1.5417,1.54187,1.00,1.20
2016.06.01 15:02:54.396,1.54166,1.54187,1.00,1.20
2016.06.01 15:02:54.544,1.54166,1.54178,1.00,1.87
2016.06.01 15:02:54.595,1.54163,1.54178,1.00,2.81
2016.06.01 15:02:54.698,1.54163,1.54179,1.00,1.36
2016.06.01 15:02:55.634,1.54165,1.5418,1.00,1.31
2016.06.01 15:02:56.149,1.54164,1.54182,1.00,1.12
2016.06.01 15:02:58.969,1.54167,1.54181,1.00,1.12
2016.06.01 15:02:59.122,1.54164,1.54183,1.00,2.25
2016.06.01 15:02:59.266,1.54159,1.54174,1.75,1.75
2016.06.01 15:02:59.317,1.54156,1.54168,1.00,1.12
2016.06.01 15:02:59.369,1.54154,1.5417,1.00,1.85
2016.06.01 15:02:59.421,1.54153,1.5417,1.00,1.17
2016.06.01 15:02:59.942,1.54154,1.5417,1.00,1.00
2016.06.01 15:03:00.044,1.54157,1.54174,1.00,1.87
2016.06.01 15:03:00.318,1.54158,1.54176,1.00,1.20
2016.06.01 15:03:00.371,1.54165,1.54176,1.00,1.12
2016.06.01 15:03:00.525,1.54164,1.54181,1.00,1.12
2016.06.01 15:03:01.034,1.54165,1.54182,1.00,1.20
2016.06.01 15:03:01.273,1.54163,1.54181,1.00,1.50
2016.06.01 15:03:01.329,1.54161,1.5418,1.00,1.12
2016.06.01 15:03:01.534,1.54158,1.54178,1.00,1.07
2016.06.01 15:03:01.636,1.54156,1.54178,1.10,2.70
2016.06.01 15:03:01.688,1.54156,1.54175,1.10,1.75
2016.06.01 15:03:02.145,1.54158,1.54173,1.00,1.12
2016.06.01 15:03:02.382,1.54165,1.54181,1.00,1.00
2016.06.01 15:03:02.637,1.54165,1.54183,1.00,4.12
2016.06.01 15:03:02.893,1.54158,1.54176,1.07,1.00
2016.06.01 15:03:03.249,1.54156,1.54176,1.15,1.00
2016.06.01 15:03:03.465,1.54156,1.54173,1.15,1.00
2016.06.01 15:03:03.821,1.54154,1.54173,1.65,1.00
2016.06.01 15:03:03.923,1.54157,1.54176,1.00,1.17
2016.06.01 15:03:04.229,1.54163,1.54184,1.85,1.00
2016.06.01 15:03:04.451,1.54166,1.54188,2.62,2.32
2016.06.01 15:03:04.677,1.54166,1.54182,3.00,1.00
2016.06.01 15:03:04.883,1.54167,1.54185,1.75,1.00
2016.06.01 15:03:04.936,1.54168,1.54189,1.10,1.57
2016.06.01 15:03:05.038,1.54169,1.54189,1.17,1.50
2016.06.01 15:03:05.371,1.54168,1.54189,2.62,1.50
2016.06.01 15:03:05.880,1.5417,1.54189,1.57,1.00
2016.06.01 15:03:06.185,1.54169,1.54186,1.20,1.00
2016.06.01 15:03:06.456,1.54162,1.54179,1.00,1.00
2016.06.01 15:03:06.878,1.54166,1.5418,1.00,1.00
2016.06.01 15:03:06.981,1.54164,1.5418,1.00,1.00
2016.06.01 15:03:07.184,1.54167,1.54182,1.50,1.10
2016.06.01 15:03:07.518,1.54167,1.54181,1.12,1.00
2016.06.01 15:03:07.671,1.54165,1.54181,1.10,1.00
2016.06.01 15:03:08.095,1.54165,1.54186,2.25,1.87
2016.06.01 15:03:08.489,1.54166,1.54186,1.00,1.07
2016.06.01 15:03:08.711,1.54163,1.54184,1.12,1.07
2016.06.01 15:03:08.763,1.54163,1.54185,1.50,1.12
2016.06.01 15:03:08.865,1.54163,1.54187,1.65,1.50
2016.06.01 15:03:08.917,1.54165,1.54187,1.00,1.50
2016.06.01 15:03:09.222,1.5417,1.5419,1.00,1.50
2016.06.01 15:03:09.549,1.54172,1.54189,1.00,1.00
2016.06.01 15:03:09.856,1.54175,1.54189,1.00,1.00
2016.06.01 15:03:10.163,1.54173,1.5419,1.57,1.50
2016.06.01 15:03:10.548,1.54175,1.5419,1.00,1.00
2016.06.01 15:03:10.701,1.54174,1.54196,1.50,1.57
2016.06.01 15:03:10.803,1.54176,1.54196,1.00,1.57
2016.06.01 15:03:10.957,1.54174,1.54196,1.00,1.57
2016.06.01 15:03:11.415,1.54176,1.54196,1.00,1.57
2016.06.01 15:03:11.756,1.54179,1.54197,1.00,1.87
2016.06.01 15:03:11.858,1.54179,1.54197,1.00,1.20
2016.06.01 15:03:12.372,1.5418,1.54198,1.00,1.12
2016.06.01 15:03:12.865,1.5418,1.54201,1.00,1.12
2016.06.01 15:03:13.018,1.5418,1.54198,1.00,1.82
2016.06.01 15:03:13.562,1.54181,1.54197,1.00,1.75
2016.06.01 15:03:13.901,1.54178,1.54195,1.00,1.87
2016.06.01 15:03:14.156,1.54178,1.54196,1.50,1.20
2016.06.01 15:03:14.716,1.54176,1.54196,1.00,1.20
2016.06.01 15:03:14.933,1.54175,1.54195,1.00,1.87
2016.06.01 15:03:15.390,1.54173,1.54191,1.00,1.00
2016.06.01 15:03:15.492,1.54173,1.54191,1.00,1.57
2016.06.01 15:03:15.544,1.54171,1.54191,1.00,2.25
2016.06.01 15:03:15.696,1.54171,1.54189,1.00,1.12
2016.06.01 15:03:16.856,1.54172,1.54188,1.00,1.12
2016.06.01 15:03:17.105,1.54167,1.54182,1.00,1.00
2016.06.01 15:03:17.462,1.54167,1.54184,1.00,1.10
2016.06.01 15:03:17.822,1.54164,1.54184,1.65,1.00
2016.06.01 15:03:18.059,1.54164,1.54184,2.32,1.00
2016.06.01 15:03:18.567,1.54164,1.54184,1.17,1.00
2016.06.01 15:03:18.618,1.54164,1.54181,1.17,1.00
2016.06.01 15:03:19.141,1.54168,1.54181,1.10,1.00
2016.06.01 15:03:19.193,1.54168,1.54186,1.10,1.00
2016.06.01 15:03:21.034,1.54167,1.54188,1.15,1.00
2016.06.01 15:03:21.187,1.5417,1.54189,1.10,1.00
2016.06.01 15:03:21.492,1.54172,1.54186,1.00,1.00
2016.06.01 15:03:21.645,1.5417,1.54189,1.17,1.00
2016.06.01 15:03:21.697,1.54174,1.5419,2.25,1.00
2016.06.01 15:03:22.002,1.54176,1.5419,1.00,1.00
2016.06.01 15:03:22.560,1.54172,1.54189,1.25,1.00
2016.06.01 15:03:22.814,1.54171,1.54186,1.19,1.00
2016.06.01 15:03:22.968,1.54167,1.54184,1.57,1.00
2016.06.01 15:03:23.070,1.54167,1.54182,1.00,1.00
2016.06.01 15:03:23.122,1.54163,1.54182,1.12,1.00
2016.06.01 15:03:23.173,1.54163,1.54182,1.10,1.00
2016.06.01 15:03:23.224,1.54163,1.5418,1.10,1.00
2016.06.01 15:03:23.522,1.54163,1.54183,1.00,1.00
2016.06.01 15:03:24.193,1.54161,1.5418,1.20,1.00
2016.06.01 15:03:24.570,1.5416,1.5418,1.20,1.00
2016.06.01 15:03:25.252,1.5416,1.5418,1.20,1.00
2016.06.01 15:03:25.771,1.5416,1.5418,1.00,1.00
2016.06.01 15:03:26.754,1.54158,1.54179,1.15,1.00
2016.06.01 15:03:27.023,1.54158,1.54177,1.10,1.00
2016.06.01 15:03:27.533,1.54157,1.54175,1.20,1.00
2016.06.01 15:03:27.788,1.54149,1.5417,1.27,1.00
2016.06.01 15:03:28.010,1.54151,1.54174,3.45,1.10
2016.06.01 15:03:28.112,1.54154,1.54174,2.32,1.00
2016.06.01 15:03:28.621,1.54154,1.54172,1.57,1.00
2016.06.01 15:03:29.159,1.54154,1.54172,1.17,1.00
2016.06.01 15:03:29.466,1.54143,1.54161,1.65,1.00
2016.06.01 15:03:29.924,1.54141,1.54161,1.65,1.00
2016.06.01 15:03:31.250,1.54142,1.54165,1.00,1.87
2016.06.01 15:03:33.771,1.54145,1.54165,1.00,1.45
2016.06.01 15:03:34.108,1.54146,1.54168,1.25,1.12
2016.06.01 15:03:34.210,1.54144,1.54168,3.75,1.87
2016.06.01 15:03:34.466,1.54144,1.54167,1.00,1.12
2016.06.01 15:03:34.974,1.54144,1.54165,1.00,1.12
2016.06.01 15:03:35.521,1.54145,1.54163,1.00,1.12
2016.06.01 15:03:36.030,1.54144,1.54163,1.00,1.12
2016.06.01 15:03:36.841,1.54142,1.54163,1.00,1.12
2016.06.01 15:03:37.350,1.54141,1.54163,1.50,1.75
2016.06.01 15:03:37.752,1.54145,1.54164,1.00,1.12
2016.06.01 15:03:38.261,1.54145,1.54165,1.00,1.12
2016.06.01 15:03:39.125,1.54145,1.54165,1.00,1.75
2016.06.01 15:03:41.104,1.54146,1.54165,1.00,1.75
2016.06.01 15:03:41.451,1.54137,1.5415,1.00,1.20
2016.06.01 15:03:41.503,1.54134,1.5415,1.00,1.31
2016.06.01 15:03:41.554,1.54133,1.54148,1.00,1.12
2016.06.01 15:03:42.153,1.54133,1.5415,1.00,2.00
2016.06.01 15:03:42.357,1.54139,1.5415,1.00,2.00
2016.06.01 15:03:42.563,1.54142,1.54158,1.00,1.69
2016.06.01 15:03:42.615,1.54144,1.54158,1.00,1.19
2016.06.01 15:03:42.768,1.54144,1.54162,1.00,1.01
2016.06.01 15:03:42.819,1.5414,1.54159,1.20,1.00
2016.06.01 15:03:42.871,1.5414,1.54158,1.20,1.19
2016.06.01 15:03:42.974,1.5414,1.54157,1.00,1.32
2016.06.01 15:03:43.169,1.54138,1.54157,1.00,1.76
2016.06.01 15:03:43.221,1.5414,1.54157,1.00,1.76
2016.06.01 15:03:43.530,1.5414,1.54157,1.00,1.76
2016.06.01 15:03:45.058,1.5414,1.54157,1.00,1.01
2016.06.01 15:03:46.274,1.54139,1.54157,1.00,1.29
2016.06.01 15:03:46.803,1.5414,1.54155,1.00,1.19
2016.06.01 15:03:46.854,1.54137,1.54155,1.00,1.19
2016.06.01 15:03:46.906,1.54139,1.54154,1.00,1.19
2016.06.01 15:03:48.449,1.54139,1.54156,1.00,1.26
2016.06.01 15:03:50.131,1.54139,1.54157,1.00,1.39
2016.06.01 15:03:50.233,1.54132,1.54155,2.70,1.10
2016.06.01 15:03:50.335,1.54134,1.54155,2.25,1.00
2016.06.01 15:03:50.684,1.54136,1.54154,1.87,1.00
2016.06.01 15:03:50.992,1.54129,1.54147,2.25,1.00
2016.06.01 15:03:51.145,1.54125,1.54147,4.12,1.00
2016.06.01 15:03:51.482,1.54128,1.54151,2.32,1.69
2016.06.01 15:03:51.584,1.54134,1.54152,1.00,1.00
2016.06.01 15:03:51.636,1.54134,1.54157,2.62,1.12
2016.06.01 15:03:51.891,1.54135,1.54154,1.12,1.00
2016.06.01 15:03:52.145,1.54137,1.54154,1.12,1.00
2016.06.01 15:03:52.298,1.54138,1.54156,1.75,1.00
2016.06.01 15:03:52.846,1.54137,1.54156,2.25,1.00
2016.06.01 15:03:54.632,1.54137,1.54157,3.37,1.00
2016.06.01 15:03:54.683,1.54139,1.54157,1.01,1.00
2016.06.01 15:03:54.735,1.5414,1.54159,1.12,1.00
2016.06.01 15:03:55.149,1.54143,1.54162,1.20,1.19
2016.06.01 15:03:55.456,1.54145,1.54162,1.12,1.19
2016.06.01 15:03:55.524,1.54144,1.54162,1.87,1.19
2016.06.01 15:03:56.407,1.54144,1.54157,1.87,1.19
2016.06.01 15:03:56.891,1.54142,1.54157,1.12,1.19
2016.06.01 15:03:57.552,1.54142,1.54157,1.76,1.19
2016.06.01 15:03:58.530,1.54142,1.54157,1.82,1.19
2016.06.01 15:03:58.582,1.54143,1.54161,1.52,1.19
2016.06.01 15:03:58.736,1.54143,1.54163,2.25,1.19
2016.06.01 15:03:59.044,1.54147,1.54164,1.50,1.19
2016.06.01 15:03:59.720,1.54147,1.54165,1.12,1.19
2016.06.01 15:04:00.025,1.5415,1.54165,1.12,1.19
2016.06.01 15:04:00.128,1.5415,1.54169,1.12,1.00
2016.06.01 15:04:00.355,1.54151,1.54171,1.20,1.00
2016.06.01 15:04:00.864,1.54155,1.54174,1.37,1.76
2016.06.01 15:04:00.916,1.54155,1.54174,1.47,1.25
2016.06.01 15:04:01.277,1.54154,1.54172,1.40,1.00
2016.06.01 15:04:01.789,1.54153,1.54172,1.89,1.00
2016.06.01 15:04:02.382,1.54153,1.5417,1.20,1.00
2016.06.01 15:04:02.739,1.54153,1.54173,1.12,1.00
2016.06.01 15:04:03.148,1.54158,1.54173,1.37,1.25
2016.06.01 15:04:03.434,1.54158,1.54176,2.25,1.25
2016.06.01 15:04:04.513,1.54158,1.54179,1.52,1.69
2016.06.01 15:04:05.025,1.54158,1.5418,1.37,1.15
2016.06.01 15:04:05.179,1.54156,1.5418,2.02,1.15
2016.06.01 15:04:05.710,1.54156,1.54178,2.32,1.00
2016.06.01 15:04:06.117,1.54154,1.54175,1.95,1.50
2016.06.01 15:04:06.169,1.54153,1.54175,2.62,1.50
2016.06.01 15:04:06.646,1.54154,1.54175,2.70,1.00
2016.06.01 15:04:07.784,1.54155,1.54175,3.00,1.00
2016.06.01 15:04:08.602,1.54155,1.54175,3.00,1.00
2016.06.01 15:04:08.929,1.54154,1.54173,1.87,1.00
2016.06.01 15:04:09.856,1.54155,1.54173,1.17,1.00
2016.06.01 15:04:10.457,1.5416,1.54173,1.00,1.00
2016.06.01 15:04:10.831,1.5416,1.54176,1.00,1.07
2016.06.01 15:04:11.170,1.54169,1.54183,1.00,1.20
2016.06.01 15:04:11.221,1.54166,1.54183,1.00,1.20
2016.06.01 15:04:11.272,1.54165,1.54185,1.00,1.87
2016.06.01 15:04:11.374,1.54165,1.54182,1.00,1.20
2016.06.01 15:04:11.832,1.54163,1.54183,1.00,1.50
2016.06.01 15:04:12.018,1.54165,1.54181,1.00,1.57
2016.06.01 15:04:12.323,1.54171,1.54182,1.00,1.12
2016.06.01 15:04:12.476,1.5417,1.54186,1.00,1.75
2016.06.01 15:04:12.579,1.5417,1.54188,1.00,1.12
2016.06.01 15:04:13.086,1.54169,1.54187,1.00,1.75
2016.06.01 15:04:14.278,1.5417,1.54187,1.00,1.75
2016.06.01 15:04:14.329,1.54167,1.54186,1.50,1.12
2016.06.01 15:04:14.483,1.54168,1.54183,1.00,1.01
2016.06.01 15:04:14.790,1.5417,1.54185,1.00,2.06
2016.06.01 15:04:15.045,1.54167,1.54185,1.00,1.12
2016.06.01 15:04:15.484,1.54171,1.54185,1.00,1.12
2016.06.01 15:04:15.638,1.54172,1.5419,1.00,1.20
2016.06.01 15:04:15.690,1.54172,1.5419,1.00,1.87
2016.06.01 15:04:15.894,1.54168,1.54188,2.25,1.12
2016.06.01 15:04:15.997,1.54168,1.54185,1.00,1.57
2016.06.01 15:04:16.399,1.54169,1.54183,1.00,1.87
2016.06.01 15:04:16.451,1.54166,1.54183,1.00,1.57
2016.06.01 15:04:16.502,1.54169,1.54184,1.00,1.12
2016.06.01 15:04:16.655,1.54169,1.54187,1.00,1.87
2016.06.01 15:04:16.757,1.54171,1.54187,1.00,1.12
2016.06.01 15:04:16.963,1.54171,1.5419,1.00,1.95
2016.06.01 15:04:17.713,1.54174,1.5419,1.00,1.95
2016.06.01 15:04:17.765,1.54174,1.5419,1.00,1.27
2016.06.01 15:04:18.071,1.54172,1.5419,1.00,1.65
2016.06.01 15:04:18.332,1.54174,1.5419,1.00,1.57
2016.06.01 15:04:18.842,1.54175,1.5419,1.00,1.20
2016.06.01 15:04:19.630,1.54176,1.5419,1.00,1.20
2016.06.01 15:04:20.139,1.54175,1.5419,1.00,1.07
2016.06.01 15:04:20.534,1.54177,1.54189,1.00,1.10
2016.06.01 15:04:20.636,1.54173,1.54189,1.00,1.10
2016.06.01 15:04:21.145,1.54172,1.54189,1.00,1.00
2016.06.01 15:04:21.654,1.54172,1.5419,1.00,1.50
2016.06.01 15:04:22.164,1.54171,1.5419,1.00,1.00
2016.06.01 15:04:23.051,1.54171,1.54189,1.50,1.00
2016.06.01 15:04:23.575,1.54171,1.5419,1.50,1.50
2016.06.01 15:04:24.024,1.5417,1.54188,1.00,1.00
2016.06.01 15:04:24.076,1.54165,1.54187,1.75,1.00
2016.06.01 15:04:24.178,1.54165,1.54185,1.75,1.00
2016.06.01 15:04:24.229,1.54165,1.54188,1.00,1.20
2016.06.01 15:04:24.281,1.54166,1.54189,1.50,1.12
2016.06.01 15:04:24.587,1.54166,1.54189,1.00,1.95
2016.06.01 15:04:25.122,1.54164,1.54189,1.20,1.87
2016.06.01 15:04:25.531,1.54168,1.54189,1.00,1.87
2016.06.01 15:04:25.684,1.54168,1.54189,1.20,1.00
2016.06.01 15:04:26.233,1.54167,1.54189,1.10,1.95
2016.06.01 15:04:26.743,1.54164,1.54189,1.15,3.56
2016.06.01 15:04:26.795,1.54164,1.54189,1.07,3.19
2016.06.01 15:04:27.224,1.54166,1.54187,2.62,1.00
2016.06.01 15:04:27.276,1.54168,1.54189,1.15,1.00
2016.06.01 15:04:27.734,1.54166,1.54186,1.50,1.00
2016.06.01 15:04:27.990,1.54158,1.5418,1.20,1.10
2016.06.01 15:04:28.208,1.54158,1.5418,1.00,1.20
2016.06.01 15:04:28.513,1.54156,1.54178,1.10,1.20
2016.06.01 15:04:29.021,1.54158,1.5418,1.00,1.87
2016.06.01 15:04:29.215,1.54158,1.5418,1.00,1.20
2016.06.01 15:04:29.724,1.54158,1.5418,1.00,1.15
2016.06.01 15:04:30.283,1.54155,1.54178,1.50,1.00
2016.06.01 15:04:30.335,1.54154,1.54176,2.62,1.00
2016.06.01 15:04:30.529,1.54154,1.54176,1.10,1.20
2016.06.01 15:04:30.783,1.54154,1.54176,1.20,1.20
2016.06.01 15:04:31.291,1.54154,1.54176,1.17,1.17
2016.06.01 15:04:31.914,1.54157,1.54178,1.00,1.01
2016.06.01 15:04:32.423,1.54157,1.54179,1.00,2.14
2016.06.01 15:04:32.890,1.54154,1.54179,1.15,2.06
2016.06.01 15:04:33.043,1.54154,1.54177,1.17,1.01
2016.06.01 15:04:33.634,1.54154,1.54176,1.10,1.39
2016.06.01 15:04:33.838,1.54155,1.54178,1.00,1.39
2016.06.01 15:04:34.144,1.54153,1.54174,1.12,1.00
2016.06.01 15:04:34.647,1.54157,1.54178,1.00,2.14
2016.06.01 15:04:34.701,1.54152,1.54172,1.12,1.00
2016.06.01 15:04:35.160,1.54152,1.54172,1.20,1.00
2016.06.01 15:04:35.617,1.54151,1.54169,2.25,1.00
2016.06.01 15:04:35.795,1.54151,1.54169,1.27,1.00
2016.06.01 15:04:36.303,1.54149,1.54168,1.75,1.00
2016.06.01 15:04:37.001,1.54148,1.54167,1.50,1.00
2016.06.01 15:04:37.360,1.54147,1.54167,1.50,1.00
2016.06.01 15:04:37.616,1.54148,1.54165,1.00,1.00
2016.06.01 15:04:37.718,1.54147,1.54167,1.00,1.01
2016.06.01 15:04:37.946,1.54149,1.54167,1.00,1.10
2016.06.01 15:04:38.353,1.54152,1.54167,1.00,1.00
2016.06.01 15:04:38.995,1.54152,1.54166,1.00,1.00
2016.06.01 15:04:39.048,1.54147,1.54168,1.12,1.00
2016.06.01 15:04:39.099,1.54146,1.54164,1.57,1.00
2016.06.01 15:04:39.303,1.54147,1.54168,1.12,1.00
2016.06.01 15:04:39.761,1.54147,1.54165,1.12,1.00
2016.06.01 15:04:40.148,1.54147,1.54165,1.10,1.00
2016.06.01 15:04:40.403,1.54147,1.54168,1.10,1.00
2016.06.01 15:04:40.762,1.54147,1.5417,1.57,1.10
2016.06.01 15:04:41.108,1.54145,1.54168,2.70,1.00
2016.06.01 15:04:41.413,1.54145,1.54164,1.95,1.00
2016.06.01 15:04:41.465,1.54145,1.54166,1.95,1.00
2016.06.01 15:04:41.516,1.54145,1.54164,1.17,1.00
2016.06.01 15:04:42.751,1.54143,1.54166,2.25,1.00
2016.06.01 15:04:42.853,1.54147,1.54166,1.12,1.00
2016.06.01 15:04:42.955,1.54147,1.54166,1.45,1.00
2016.06.01 15:04:43.342,1.54147,1.54171,1.07,1.95
2016.06.01 15:04:43.852,1.54147,1.54171,1.50,1.47
2016.06.01 15:04:44.355,1.54147,1.54171,1.50,2.25
2016.06.01 15:04:44.510,1.54148,1.54169,1.12,1.00
2016.06.01 15:04:44.768,1.5414,1.54162,1.00,1.57
2016.06.01 15:04:45.025,1.54146,1.54164,1.00,1.12
2016.06.01 15:04:45.223,1.5415,1.54173,1.10,2.32
2016.06.01 15:04:45.377,1.5415,1.54173,1.00,2.62
2016.06.01 15:04:45.682,1.54146,1.5417,1.07,1.01
2016.06.01 15:04:46.228,1.54149,1.54171,1.00,2.81
2016.06.01 15:04:46.737,1.54146,1.54171,1.20,3.26
2016.06.01 15:04:47.052,1.54152,1.54171,1.00,2.51
2016.06.01 15:04:47.421,1.54155,1.5417,1.00,1.00
2016.06.01 15:04:47.477,1.5415,1.5417,1.00,1.74
2016.06.01 15:04:47.530,1.54148,1.5417,1.00,1.74
2016.06.01 15:04:47.937,1.54143,1.54168,2.25,1.44
2016.06.01 15:04:48.549,1.54146,1.5417,1.75,2.70
2016.06.01 15:04:48.907,1.54143,1.54167,1.12,1.87
2016.06.01 15:04:49.264,1.54141,1.54164,1.50,1.00
2016.06.01 15:04:49.417,1.54143,1.54166,1.20,1.09
2016.06.01 15:04:49.761,1.54141,1.54165,1.20,1.95
2016.06.01 15:04:50.016,1.54142,1.54165,1.95,1.10
2016.06.01 15:04:50.119,1.54142,1.54165,1.95,1.87
2016.06.01 15:04:50.511,1.54149,1.54169,1.10,1.00
2016.06.01 15:04:50.578,1.54149,1.54172,1.10,2.32
2016.06.01 15:04:50.630,1.54149,1.54172,1.12,1.10
2016.06.01 15:04:50.936,1.54147,1.54169,3.00,1.00
2016.06.01 15:04:51.089,1.54148,1.54171,1.82,1.00
2016.06.01 15:04:51.628,1.54148,1.54171,1.15,1.10
2016.06.01 15:04:51.983,1.54147,1.54169,1.20,1.00
2016.06.01 15:04:53.041,1.54147,1.54169,1.95,1.00
2016.06.01 15:04:53.347,1.54154,1.54177,1.10,1.20
2016.06.01 15:04:53.398,1.54154,1.54178,1.12,1.65
2016.06.01 15:04:53.930,1.54154,1.54178,1.20,1.50
2016.06.01 15:04:54.693,1.54155,1.54178,1.85,1.00
2016.06.01 15:04:55.122,1.54154,1.54178,2.25,1.00
2016.06.01 15:04:55.378,1.54159,1.54178,1.10,1.00
2016.06.01 15:04:55.888,1.54159,1.5418,1.10,1.07
2016.06.01 15:04:56.425,1.54159,1.5418,1.17,1.00
2016.06.01 15:04:56.935,1.5416,1.5418,1.15,1.00
2016.06.01 15:04:57.380,1.54159,1.5418,3.00,1.00
2016.06.01 15:04:57.686,1.54163,1.54184,1.17,1.00
2016.06.01 15:04:57.942,1.54161,1.54178,1.87,1.00
2016.06.01 15:04:58.147,1.54151,1.54173,1.00,1.12
2016.06.01 15:04:58.296,1.54151,1.54174,1.57,1.00
2016.06.01 15:04:58.399,1.54159,1.54183,1.45,1.00
2016.06.01 15:04:58.453,1.54161,1.54184,1.57,1.00
2016.06.01 15:04:58.555,1.54163,1.54186,1.95,1.00
2016.06.01 15:04:59.066,1.54163,1.54185,1.20,1.00
2016.06.01 15:04:59.303,1.54161,1.54185,1.20,1.20
2016.06.01 15:04:59.609,1.54166,1.54186,1.12,1.00
2016.06.01 15:04:59.660,1.54164,1.54185,1.12,1.00
2016.06.01 15:04:59.712,1.54163,1.54185,2.25,1.00
2016.06.01 15:04:59.763,1.54163,1.54185,1.50,1.12
2016.06.01 15:04:59.814,1.54163,1.54185,1.00,1.50
2016.06.01 15:04:59.866,1.54163,1.54185,1.00,1.87
2016.06.01 15:04:59.917,1.5416,1.54183,1.00,1.50
2016.06.01 15:05:00.201,1.54158,1.54183,1.15,2.62
2016.06.01 15:05:00.303,1.54156,1.54182,1.17,1.57
2016.06.01 15:05:00.609,1.54159,1.54181,1.00,1.12
2016.06.01 15:05:00.942,1.54157,1.54178,1.00,2.25
2016.06.01 15:05:01.045,1.54151,1.54174,1.10,1.87
2016.06.01 15:05:01.096,1.54151,1.54174,1.00,2.25
2016.06.01 15:05:01.502,1.54149,1.54169,1.00,1.15
2016.06.01 15:05:01.892,1.54149,1.54168,1.00,1.12
2016.06.01 15:05:02.046,1.54146,1.54167,1.00,1.12
2016.06.01 15:05:02.200,1.54146,1.54166,1.00,1.87
2016.06.01 15:05:02.456,1.54148,1.54166,1.00,1.15
2016.06.01 15:05:03.006,1.54148,1.54166,1.00,1.20
2016.06.01 15:05:04.521,1.54143,1.54164,1.20,1.00
2016.06.01 15:05:05.043,1.54145,1.54165,1.12,1.00
2016.06.01 15:05:05.393,1.54145,1.54168,2.32,1.00
2016.06.01 15:05:05.496,1.54147,1.54171,1.75,1.57
2016.06.01 15:05:05.803,1.5415,1.54171,1.87,1.00
2016.06.01 15:05:06.222,1.5415,1.54169,2.25,1.00
2016.06.01 15:05:06.528,1.5415,1.54167,1.50,1.00
2016.06.01 15:05:06.836,1.54151,1.54155,1.00,1.00
2016.06.01 15:05:07.265,1.54112,1.54116,1.00,1.00
2016.06.01 15:05:07.317,1.54102,1.54116,1.00,1.00
2016.06.01 15:05:07.369,1.54104,1.5412,1.00,1.20
2016.06.01 15:05:07.421,1.54111,1.54122,1.00,2.02
2016.06.01 15:05:07.473,1.54111,1.54125,1.00,1.12
2016.06.01 15:05:07.577,1.54111,1.5413,1.10,1.75
2016.06.01 15:05:07.629,1.54116,1.54132,1.00,1.00
2016.06.01 15:05:07.680,1.54116,1.54136,1.10,1.95
2016.06.01 15:05:07.731,1.54116,1.54136,1.10,1.10
2016.06.01 15:05:07.934,1.54114,1.54136,1.10,1.00
2016.06.01 15:05:08.186,1.54118,1.54136,1.00,1.50
2016.06.01 15:05:08.647,1.54112,1.54135,1.12,1.00
2016.06.01 15:05:08.698,1.54112,1.54134,1.07,1.47
2016.06.01 15:05:09.004,1.54112,1.54129,1.00,1.10
2016.06.01 15:05:09.615,1.54112,1.54132,1.00,1.17
2016.06.01 15:05:10.023,1.54115,1.54135,1.00,1.50
2016.06.01 15:05:10.338,1.54131,1.54148,1.00,1.20
2016.06.01 15:05:10.441,1.54131,1.54148,1.00,1.00
2016.06.01 15:05:10.594,1.54129,1.54148,1.00,1.20
2016.06.01 15:05:10.646,1.54125,1.54148,1.20,1.20
2016.06.01 15:05:10.749,1.54122,1.54144,2.06,1.00
2016.06.01 15:05:11.013,1.54115,1.54138,1.00,1.57
2016.06.01 15:05:11.300,1.54124,1.54137,1.00,1.07
2016.06.01 15:05:11.453,1.54126,1.54143,1.00,1.00
2016.06.01 15:05:11.505,1.54123,1.54143,1.00,1.00
2016.06.01 15:05:11.556,1.54121,1.54145,1.10,1.45
2016.06.01 15:05:11.608,1.54117,1.5414,1.94,1.07
2016.06.01 15:05:11.660,1.54116,1.54138,1.36,1.10
2016.06.01 15:05:11.712,1.54115,1.54137,1.31,1.12
2016.06.01 15:05:11.763,1.54114,1.54136,1.00,2.25
2016.06.01 15:05:11.865,1.54108,1.54133,1.34,1.15
2016.06.01 15:05:11.917,1.54108,1.54128,1.26,1.00
2016.06.01 15:05:12.341,1.54115,1.54136,1.10,1.85
2016.06.01 15:05:12.392,1.54119,1.54136,1.00,1.10
2016.06.01 15:05:12.444,1.54121,1.54136,1.00,1.00
2016.06.01 15:05:12.546,1.54121,1.54139,1.00,1.47
2016.06.01 15:05:12.700,1.54119,1.54139,1.00,1.47
2016.06.01 15:05:13.005,1.5412,1.54142,1.00,1.27
2016.06.01 15:05:13.209,1.54122,1.54142,1.00,1.95
2016.06.01 15:05:13.522,1.54124,1.54145,1.00,1.82
2016.06.01 15:05:13.574,1.54125,1.54146,1.00,1.12
2016.06.01 15:05:13.626,1.54125,1.54146,1.00,1.10
2016.06.01 15:05:13.729,1.54125,1.54146,1.00,1.20
2016.06.01 15:05:13.833,1.54125,1.54147,1.00,2.02
2016.06.01 15:05:14.344,1.54125,1.54147,1.07,1.20
2016.06.01 15:05:14.600,1.54123,1.54145,1.00,1.10
2016.06.01 15:05:14.748,1.54123,1.54145,1.00,1.12
2016.06.01 15:05:15.172,1.54124,1.54145,1.00,1.20
2016.06.01 15:05:15.680,1.54122,1.54144,1.20,1.00
2016.06.01 15:05:16.206,1.54122,1.54144,1.15,1.00
2016.06.01 15:05:16.750,1.54122,1.54143,1.17,1.00
2016.06.01 15:05:17.396,1.54121,1.54142,1.15,1.00
2016.06.01 15:05:18.370,1.54119,1.54141,1.75,1.00
2016.06.01 15:05:18.529,1.54118,1.54139,1.87,1.00
2016.06.01 15:05:18.775,1.54118,1.54139,1.17,1.00
2016.06.01 15:05:18.928,1.54121,1.54139,1.10,1.00
2016.06.01 15:05:18.980,1.54121,1.54141,1.10,1.50
2016.06.01 15:05:19.032,1.54122,1.54144,1.00,2.02
2016.06.01 15:05:19.134,1.54121,1.54144,1.12,1.00
2016.06.01 15:05:19.440,1.54121,1.54139,1.87,1.00
2016.06.01 15:05:19.984,1.54125,1.54145,1.10,1.00
2016.06.01 15:05:20.239,1.54127,1.54149,1.00,1.57
2016.06.01 15:05:20.341,1.54127,1.54149,1.15,1.00
2016.06.01 15:05:20.748,1.5413,1.54152,1.00,1.87
2016.06.01 15:05:21.274,1.5413,1.54152,1.10,1.17
2016.06.01 15:05:21.585,1.5413,1.54151,1.00,1.87
2016.06.01 15:05:21.790,1.54132,1.54155,1.10,2.32
2016.06.01 15:05:21.841,1.54134,1.54156,1.00,1.12
2016.06.01 15:05:21.894,1.54134,1.54157,1.00,3.00
2016.06.01 15:05:21.996,1.54134,1.54157,1.15,1.50
2016.06.01 15:05:22.261,1.5414,1.54157,1.00,1.50
2016.06.01 15:05:22.617,1.54134,1.54157,1.57,1.00
2016.06.01 15:05:22.822,1.54136,1.5416,1.07,1.27
2016.06.01 15:05:22.978,1.54136,1.54161,1.87,1.10
2016.06.01 15:05:23.283,1.5414,1.54157,1.00,1.00
2016.06.01 15:05:23.624,1.5414,1.54155,1.00,1.00
2016.06.01 15:05:23.944,1.54136,1.54151,1.15,1.00
2016.06.01 15:05:24.199,1.54127,1.54145,1.00,1.00
2016.06.01 15:05:24.352,1.54124,1.54143,1.39,1.00
2016.06.01 15:05:24.529,1.54122,1.54143,1.55,1.00
2016.06.01 15:05:25.049,1.54122,1.54144,1.10,1.10
2016.06.01 15:05:25.202,1.54124,1.54147,1.10,1.85
2016.06.01 15:05:25.305,1.54124,1.54145,1.20,1.00
2016.06.01 15:05:25.356,1.54125,1.54143,1.07,1.00
2016.06.01 15:05:25.724,1.5412,1.54142,1.20,1.10
2016.06.01 15:05:26.250,1.5412,1.54142,1.87,1.00
2016.06.01 15:05:26.506,1.5412,1.54141,1.15,1.00
2016.06.01 15:05:26.737,1.54119,1.54142,1.10,1.10
2016.06.01 15:05:26.788,1.54118,1.54141,1.17,1.57
2016.06.01 15:05:27.095,1.54113,1.54133,1.50,1.00
2016.06.01 15:05:27.146,1.54113,1.54131,1.10,1.00
2016.06.01 15:05:27.455,1.54113,1.54128,1.00,1.00
2016.06.01 15:05:27.950,1.5411,1.54126,1.20,1.00
2016.06.01 15:05:28.154,1.54108,1.54128,1.12,1.00
2016.06.01 15:05:28.257,1.54107,1.54128,1.57,1.00
2016.06.01 15:05:28.768,1.54108,1.54128,1.20,1.00
2016.06.01 15:05:28.819,1.54108,1.5413,1.20,1.00
2016.06.01 15:05:29.100,1.5411,1.54131,1.10,1.00
2016.06.01 15:05:29.512,1.5411,1.54134,2.40,1.65
2016.06.01 15:05:30.536,1.54113,1.54138,1.95,2.32
2016.06.01 15:05:30.598,1.54115,1.54138,1.57,1.10
2016.06.01 15:05:32.259,1.5412,1.5414,1.00,1.17
2016.06.01 15:05:32.463,1.5412,1.54144,1.37,1.17
2016.06.01 15:05:32.565,1.54126,1.54144,1.00,1.20
2016.06.01 15:05:33.149,1.54127,1.54145,1.00,1.00
2016.06.01 15:05:33.659,1.54118,1.54141,4.46,1.00
2016.06.01 15:05:33.710,1.54118,1.54141,3.64,1.00
2016.06.01 15:05:33.762,1.54118,1.54137,2.70,1.00
2016.06.01 15:05:33.865,1.54114,1.54135,1.52,1.00
2016.06.01 15:05:34.069,1.54117,1.54139,1.00,1.17
2016.06.01 15:05:34.300,1.54115,1.54138,1.27,1.22
2016.06.01 15:05:34.351,1.54115,1.54138,1.20,1.87
2016.06.01 15:05:34.656,1.54115,1.54135,1.12,1.12
2016.06.01 15:05:34.862,1.54112,1.54135,1.00,1.12
2016.06.01 15:05:34.965,1.54112,1.54134,1.00,1.12
2016.06.01 15:05:35.322,1.54113,1.54136,1.00,2.62
2016.06.01 15:05:35.374,1.54116,1.54136,1.00,1.12
2016.06.01 15:05:35.567,1.54118,1.54139,1.00,1.87
2016.06.01 15:05:36.096,1.54118,1.5414,1.00,1.75
2016.06.01 15:05:36.738,1.54118,1.54139,1.50,1.57
2016.06.01 15:05:36.790,1.54115,1.54139,1.31,1.57
2016.06.01 15:05:36.892,1.54115,1.54138,1.69,1.87
2016.06.01 15:05:37.276,1.54117,1.54136,1.00,1.78
2016.06.01 15:05:37.378,1.54117,1.54138,1.00,2.27
2016.06.01 15:05:37.429,1.54115,1.54138,1.00,3.77
2016.06.01 15:05:37.960,1.54115,1.54137,1.00,1.01
2016.06.01 15:05:38.478,1.54114,1.54137,1.00,1.01
2016.06.01 15:05:39.284,1.54114,1.54137,1.00,1.01
2016.06.01 15:05:39.610,1.54114,1.54134,1.00,1.37
2016.06.01 15:05:41.339,1.54116,1.54134,1.00,1.37
2016.06.01 15:05:41.645,1.54118,1.54134,1.20,1.37
2016.06.01 15:05:42.610,1.5412,1.54134,1.00,1.37
2016.06.01 15:05:42.763,1.5412,1.54137,1.00,1.37
2016.06.01 15:05:43.446,1.5412,1.54138,1.10,1.12
2016.06.01 15:05:43.852,1.54121,1.54141,1.00,1.10
2016.06.01 15:05:44.363,1.54122,1.54142,1.20,1.12
2016.06.01 15:05:44.567,1.54122,1.54142,1.20,1.12
2016.06.01 15:05:44.879,1.54114,1.54136,1.00,1.45
2016.06.01 15:05:45.035,1.54121,1.54137,1.00,1.12
2016.06.01 15:05:45.087,1.54121,1.54139,1.00,1.20
2016.06.01 15:05:45.139,1.54123,1.54141,1.00,1.12
2016.06.01 15:05:45.191,1.54123,1.54145,1.00,2.14
2016.06.01 15:05:45.242,1.54125,1.54145,1.00,2.14
2016.06.01 15:05:45.830,1.54125,1.54145,1.00,1.00
2016.06.01 15:05:46.085,1.54123,1.54147,1.10,2.14
2016.06.01 15:05:46.444,1.54122,1.54145,1.00,3.26
2016.06.01 15:05:46.758,1.5412,1.54144,1.10,1.91
2016.06.01 15:05:46.810,1.5412,1.54144,1.10,2.59
2016.06.01 15:05:47.116,1.5412,1.54144,1.57,1.91
2016.06.01 15:05:47.168,1.5412,1.54144,1.20,1.91
2016.06.01 15:05:47.271,1.5412,1.54144,1.20,2.59
2016.06.01 15:05:48.053,1.54122,1.54144,1.17,1.00
2016.06.01 15:05:48.736,1.54128,1.54148,1.00,3.64
2016.06.01 15:05:48.838,1.54128,1.54148,1.10,1.00
2016.06.01 15:05:49.502,1.54125,1.54148,1.15,1.20
2016.06.01 15:05:50.044,1.54125,1.54147,1.15,1.00
2016.06.01 15:05:50.502,1.54123,1.54145,1.57,1.00
2016.06.01 15:05:50.605,1.54121,1.54145,1.07,1.57
2016.06.01 15:05:50.707,1.54121,1.54145,1.10,2.25
2016.06.01 15:05:52.328,1.54122,1.54144,1.00,1.46
2016.06.01 15:05:53.097,1.54118,1.5414,2.25,1.00
2016.06.01 15:05:53.504,1.54118,1.54137,1.20,1.00
2016.06.01 15:05:53.745,1.54115,1.54136,2.32,1.00
2016.06.01 15:05:54.255,1.54115,1.54136,2.25,1.00
2016.06.01 15:05:54.561,1.54115,1.54134,1.87,1.00
2016.06.01 15:05:54.753,1.54115,1.5414,2.62,1.00
2016.06.01 15:05:54.907,1.54118,1.54142,1.20,1.07
2016.06.01 15:05:55.216,1.54133,1.54157,1.87,1.50
2016.06.01 15:05:55.522,1.54135,1.54159,3.00,1.00
2016.06.01 15:05:56.372,1.54135,1.54157,2.62,1.00
2016.06.01 15:05:56.677,1.54137,1.54157,1.12,1.00
2016.06.01 15:05:57.050,1.54137,1.54159,1.12,1.00
2016.06.01 15:05:57.562,1.54137,1.54158,1.87,1.00
2016.06.01 15:05:58.750,1.54136,1.54158,1.87,1.00
2016.06.01 15:05:59.867,1.54137,1.54158,1.12,1.00
2016.06.01 15:06:00.172,1.54142,1.54162,1.12,1.00
2016.06.01 15:06:00.224,1.5414,1.54164,1.12,1.00
2016.06.01 15:06:00.427,1.5414,1.54161,1.12,1.00
2016.06.01 15:06:00.824,1.5414,1.54164,1.12,1.57
2016.06.01 15:06:01.081,1.54147,1.54165,1.75,1.07
2016.06.01 15:06:01.285,1.54157,1.5418,1.87,1.00
2016.06.01 15:06:01.387,1.54159,1.54178,1.12,1.50
2016.06.01 15:06:01.489,1.54155,1.54178,1.12,1.50
2016.06.01 15:06:01.782,1.54156,1.54176,1.20,1.00
2016.06.01 15:06:02.140,1.54155,1.54174,1.12,1.00
2016.06.01 15:06:02.242,1.54153,1.54174,1.20,1.00
2016.06.01 15:06:02.345,1.5415,1.54173,1.12,1.00
2016.06.01 15:06:02.550,1.54149,1.54171,1.12,1.00
2016.06.01 15:06:02.864,1.54145,1.54168,1.50,1.00
2016.06.01 15:06:03.376,1.54145,1.54166,1.12,1.00
2016.06.01 15:06:03.915,1.54143,1.54166,1.12,1.00
2016.06.01 15:06:04.118,1.54143,1.54166,1.20,1.00
2016.06.01 15:06:04.424,1.54143,1.54164,1.12,1.00
2016.06.01 15:06:04.579,1.54136,1.54157,1.00,1.20
2016.06.01 15:06:04.631,1.54136,1.54157,1.00,1.20
2016.06.01 15:06:04.935,1.54136,1.54156,1.00,1.12
2016.06.01 15:06:05.462,1.54135,1.54156,1.00,1.12
2016.06.01 15:06:06.124,1.54138,1.54156,1.00,1.12
2016.06.01 15:06:06.430,1.54143,1.54156,1.00,1.12
2016.06.01 15:06:06.533,1.54145,1.5416,1.00,1.20
2016.06.01 15:06:06.635,1.54144,1.54165,1.15,1.00
2016.06.01 15:06:07.191,1.54152,1.54165,1.00,1.00
2016.06.01 15:06:07.249,1.54145,1.54165,1.00,1.10
2016.06.01 15:06:07.300,1.54147,1.54165,1.00,1.17
2016.06.01 15:06:07.403,1.54149,1.5417,1.00,1.50
2016.06.01 15:06:07.556,1.54149,1.54167,1.00,1.07
2016.06.01 15:06:07.812,1.54149,1.5417,1.00,1.50
2016.06.01 15:06:08.353,1.54148,1.5417,1.00,1.50
2016.06.01 15:06:09.015,1.54148,1.54169,1.00,1.12
2016.06.01 15:06:09.066,1.54148,1.54168,1.00,1.12
2016.06.01 15:06:09.417,1.54152,1.54169,1.00,1.12
2016.06.01 15:06:09.620,1.54152,1.54171,1.00,1.50
2016.06.01 15:06:10.382,1.54154,1.54171,1.00,1.12
2016.06.01 15:06:10.611,1.54153,1.54173,1.00,1.12
2016.06.01 15:06:10.662,1.54153,1.54172,1.00,1.12
2016.06.01 15:06:10.967,1.54155,1.5417,1.00,1.12
2016.06.01 15:06:11.171,1.54153,1.5417,1.00,1.12
2016.06.01 15:06:11.223,1.5415,1.5417,1.00,1.12
2016.06.01 15:06:11.376,1.54153,1.54169,1.00,1.75
2016.06.01 15:06:11.562,1.54153,1.54173,1.00,3.37
2016.06.01 15:06:12.073,1.54153,1.54171,1.00,1.50
2016.06.01 15:06:12.176,1.54151,1.5417,1.00,1.50
2016.06.01 15:06:13.115,1.54153,1.5417,1.00,1.50
2016.06.01 15:06:13.473,1.54154,1.54173,1.00,1.87
2016.06.01 15:06:13.677,1.54156,1.54175,1.00,1.45
2016.06.01 15:06:13.779,1.54153,1.54175,1.00,1.45
2016.06.01 15:06:14.417,1.54152,1.54174,1.00,1.50
2016.06.01 15:06:14.944,1.54157,1.54174,1.00,1.50
2016.06.01 15:06:15.046,1.54153,1.54173,1.00,1.50
2016.06.01 15:06:15.552,1.54152,1.54172,1.00,1.12
2016.06.01 15:06:16.197,1.54152,1.54171,1.00,1.12
2016.06.01 15:06:16.249,1.5415,1.54171,1.00,1.12
2016.06.01 15:06:18.126,1.54153,1.54172,1.00,1.50
2016.06.01 15:06:19.126,1.54151,1.54172,1.00,1.12
2016.06.01 15:06:19.672,1.54148,1.54173,1.57,3.82
2016.06.01 15:06:20.181,1.5415,1.5417,1.00,1.50
2016.06.01 15:06:20.689,1.54151,1.54172,1.00,1.20
2016.06.01 15:06:21.439,1.54151,1.54171,1.00,1.17
2016.06.01 15:06:22.396,1.54151,1.54172,1.00,1.20
2016.06.01 15:06:22.498,1.5415,1.54172,1.00,1.57
2016.06.01 15:06:22.549,1.5415,1.5417,1.00,1.20
2016.06.01 15:06:23.058,1.54149,1.54169,1.00,1.12
2016.06.01 15:06:23.367,1.54152,1.5417,1.00,1.50
2016.06.01 15:06:23.580,1.54152,1.54172,1.00,2.25
2016.06.01 15:06:24.088,1.54152,1.54171,1.00,1.27
2016.06.01 15:06:24.263,1.5415,1.54171,1.00,2.40
2016.06.01 15:06:24.824,1.54148,1.54171,1.65,1.65
2016.06.01 15:06:25.131,1.54149,1.54168,1.00,1.57
2016.06.01 15:06:25.596,1.54148,1.54166,1.00,1.87
2016.06.01 15:06:25.647,1.54145,1.54166,1.07,1.87
2016.06.01 15:06:25.956,1.54154,1.5417,1.00,4.01
2016.06.01 15:06:26.007,1.54154,1.5417,1.00,1.50
2016.06.01 15:06:26.110,1.54154,1.54173,1.17,2.25
2016.06.01 15:06:26.212,1.54157,1.54175,1.00,1.37
2016.06.01 15:06:26.366,1.54159,1.54176,1.00,1.50
2016.06.01 15:06:26.912,1.54157,1.54175,1.50,1.37
2016.06.01 15:06:27.219,1.54153,1.54172,1.20,1.37
2016.06.01 15:06:27.797,1.54156,1.54172,1.00,1.37
2016.06.01 15:06:28.314,1.54155,1.54172,1.10,1.37
2016.06.01 15:06:28.417,1.54155,1.54174,1.10,1.87
2016.06.01 15:06:28.469,1.54155,1.54174,1.10,2.25
2016.06.01 15:06:28.571,1.54156,1.54171,1.00,1.00
2016.06.01 15:06:28.622,1.54156,1.54176,1.00,1.76
2016.06.01 15:06:28.724,1.54158,1.54176,1.00,1.01
2016.06.01 15:06:29.471,1.5416,1.54176,1.00,1.25
2016.06.01 15:06:30.008,1.5416,1.54177,1.10,1.12
2016.06.01 15:06:30.418,1.54157,1.54177,1.10,1.20
2016.06.01 15:06:31.626,1.54157,1.5418,1.20,1.46
2016.06.01 15:06:32.183,1.54157,1.54177,1.20,1.00
2016.06.01 15:06:32.493,1.54157,1.54174,1.00,1.00
2016.06.01 15:06:32.545,1.54155,1.54174,1.00,1.00
2016.06.01 15:06:33.509,1.54155,1.54173,1.00,1.00
2016.06.01 15:06:36.017,1.54155,1.54173,1.20,1.00
2016.06.01 15:06:36.069,1.54156,1.54176,1.07,1.37
2016.06.01 15:06:36.374,1.54157,1.54178,1.10,1.10
2016.06.01 15:06:37.326,1.54154,1.54172,1.12,1.00
2016.06.01 15:06:37.632,1.54152,1.54169,1.82,1.00
2016.06.01 15:06:37.683,1.54152,1.54169,1.15,1.00
2016.06.01 15:06:38.091,1.54149,1.54169,1.50,1.00
2016.06.01 15:06:38.944,1.54149,1.54165,1.20,1.00
2016.06.01 15:06:39.098,1.54144,1.54165,2.62,1.00
2016.06.01 15:06:39.487,1.54145,1.54165,1.12,1.00
2016.06.01 15:06:42.999,1.54145,1.54163,1.12,1.00
2016.06.01 15:06:43.051,1.54145,1.54168,1.87,1.00
2016.06.01 15:06:43.154,1.54147,1.54165,1.12,1.00
2016.06.01 15:06:43.257,1.54146,1.54169,1.65,1.15
2016.06.01 15:06:43.510,1.54149,1.54168,1.00,1.20
2016.06.01 15:06:43.732,1.54141,1.54165,2.62,1.17
2016.06.01 15:06:43.834,1.54142,1.54165,1.12,1.00
2016.06.01 15:06:44.139,1.54142,1.54163,1.12,1.00
2016.06.01 15:06:44.292,1.54142,1.54166,1.12,1.10
2016.06.01 15:06:45.359,1.54142,1.54164,1.12,1.00
2016.06.01 15:06:45.563,1.54141,1.54165,1.95,1.17
2016.06.01 15:06:45.615,1.54148,1.54167,3.00,1.50
2016.06.01 15:06:45.853,1.54153,1.54175,1.12,1.00
2016.06.01 15:06:45.905,1.54153,1.54173,1.12,1.00
2016.06.01 15:06:46.008,1.54152,1.54173,1.20,1.00
2016.06.01 15:06:46.621,1.54154,1.54175,1.10,1.17
2016.06.01 15:06:46.672,1.54157,1.54177,1.00,1.07
2016.06.01 15:06:47.024,1.54163,1.54181,1.00,2.62
2016.06.01 15:06:47.552,1.54164,1.54183,1.00,1.87
2016.06.01 15:06:48.069,1.54163,1.54183,1.00,1.50
2016.06.01 15:06:48.222,1.54163,1.54182,1.00,1.12
2016.06.01 15:06:48.735,1.54162,1.54182,1.00,1.12
2016.06.01 15:06:49.271,1.54163,1.54182,1.00,1.12
2016.06.01 15:06:49.686,1.54163,1.54184,1.00,2.25
2016.06.01 15:06:50.183,1.54166,1.54184,1.00,1.57
2016.06.01 15:06:50.490,1.54168,1.54184,1.00,1.20
2016.06.01 15:06:50.643,1.54168,1.54187,1.00,1.57
2016.06.01 15:06:51.238,1.54169,1.54187,1.00,1.20
2016.06.01 15:06:52.161,1.54166,1.54189,1.00,1.87
2016.06.01 15:06:52.345,1.54169,1.54189,1.00,1.87
2016.06.01 15:06:52.397,1.54166,1.54183,1.00,1.00
2016.06.01 15:06:52.913,1.54167,1.54186,1.00,1.12
2016.06.01 15:06:53.015,1.54169,1.54186,1.00,1.12
2016.06.01 15:06:53.067,1.54169,1.54187,1.00,1.07
2016.06.01 15:06:53.169,1.54172,1.54188,1.00,1.17
2016.06.01 15:06:53.271,1.54172,1.5419,1.00,1.07
2016.06.01 15:06:53.323,1.54168,1.54184,1.07,1.87
2016.06.01 15:06:53.553,1.54162,1.54184,1.00,1.12
2016.06.01 15:06:53.605,1.54162,1.5418,1.00,1.12
2016.06.01 15:06:54.152,1.54161,1.54181,1.00,1.50
2016.06.01 15:06:54.609,1.54163,1.54181,1.00,1.12
2016.06.01 15:06:55.834,1.54167,1.54183,1.00,1.12
2016.06.01 15:06:55.936,1.54167,1.54189,1.10,2.25
2016.06.01 15:06:56.038,1.54167,1.54189,1.10,1.95
2016.06.01 15:06:56.343,1.54164,1.54187,1.07,1.57
2016.06.01 15:06:56.848,1.54166,1.54186,1.00,1.27
2016.06.01 15:06:57.408,1.54166,1.54183,1.00,1.00
2016.06.01 15:06:58.001,1.54166,1.54183,1.00,1.17
2016.06.01 15:06:58.817,1.54163,1.54183,1.00,1.17
2016.06.01 15:06:58.869,1.54159,1.54181,1.57,1.00
2016.06.01 15:06:58.972,1.54159,1.54177,1.07,1.10
2016.06.01 15:06:59.521,1.54161,1.5418,1.00,1.45
2016.06.01 15:07:00.031,1.5416,1.5418,1.00,1.20
2016.06.01 15:07:00.262,1.54157,1.54178,1.12,1.07
2016.06.01 15:07:00.773,1.54157,1.54179,1.00,1.95
2016.06.01 15:07:01.080,1.54161,1.54177,1.00,1.20
2016.06.01 15:07:01.592,1.5416,1.54177,1.00,1.12
2016.06.01 15:07:01.695,1.54158,1.54177,1.00,1.12
2016.06.01 15:07:01.747,1.54158,1.54177,1.00,1.50
2016.06.01 15:07:03.270,1.54156,1.54178,1.12,1.75
2016.06.01 15:07:03.321,1.54156,1.54178,1.87,1.75
2016.06.01 15:07:03.851,1.54159,1.54178,1.00,1.87
2016.06.01 15:07:04.158,1.54158,1.54181,1.00,1.50
2016.06.01 15:07:04.311,1.54158,1.54182,1.17,1.55
2016.06.01 15:07:04.649,1.54157,1.5418,1.27,1.20
2016.06.01 15:07:05.005,1.54156,1.54171,1.20,1.50
2016.06.01 15:07:05.211,1.54149,1.54167,1.10,1.00
2016.06.01 15:07:05.709,1.54152,1.54171,1.12,1.12
2016.06.01 15:07:05.760,1.54152,1.54176,2.62,1.20
2016.06.01 15:07:05.862,1.54154,1.54178,1.50,1.00
2016.06.01 15:07:06.320,1.54157,1.54181,1.17,1.92
2016.06.01 15:07:06.671,1.54151,1.54174,1.12,1.00
2016.06.01 15:07:06.723,1.54152,1.54174,1.45,1.00
2016.06.01 15:07:06.826,1.5415,1.54174,2.70,1.07
2016.06.01 15:07:07.131,1.54151,1.5417,1.12,1.00
2016.06.01 15:07:07.183,1.54148,1.54172,2.25,1.00
2016.06.01 15:07:07.747,1.5415,1.54173,1.55,1.10
2016.06.01 15:07:07.798,1.54153,1.54176,1.00,2.25
2016.06.01 15:07:08.105,1.54163,1.54186,1.45,1.57
2016.06.01 15:07:08.258,1.54162,1.54186,1.55,1.65
2016.06.01 15:07:08.791,1.54166,1.54186,1.37,1.10
2016.06.01 15:07:09.296,1.54166,1.54188,1.45,1.07
2016.06.01 15:07:09.705,1.54162,1.54186,1.87,1.20
2016.06.01 15:07:09.985,1.54162,1.54186,1.50,1.57
2016.06.01 15:07:10.512,1.54162,1.54186,1.37,2.25
2016.06.01 15:07:11.055,1.54162,1.54183,1.00,1.20
2016.06.01 15:07:13.713,1.54159,1.54185,3.75,1.87
2016.06.01 15:07:15.273,1.5416,1.54171,1.15,1.00
2016.06.01 15:07:15.578,1.54159,1.5417,1.87,1.50
2016.06.01 15:07:15.884,1.54159,1.54173,1.37,1.12
2016.06.01 15:07:15.986,1.54158,1.54177,2.32,1.00
2016.06.01 15:07:16.038,1.54159,1.54179,1.55,1.00
2016.06.01 15:07:16.350,1.54158,1.54179,1.20,1.00
2016.06.01 15:07:16.814,1.54158,1.54177,1.20,1.00
2016.06.01 15:07:17.762,1.54158,1.54177,1.20,1.00
2016.06.01 15:07:17.970,1.54157,1.5418,4.69,1.10
2016.06.01 15:07:18.073,1.54159,1.54175,1.17,1.00
2016.06.01 15:07:18.502,1.54159,1.54175,1.37,1.00
2016.06.01 15:07:18.742,1.54155,1.54175,1.12,1.00
2016.06.01 15:07:18.946,1.54155,1.54175,1.15,1.00
2016.06.01 15:07:19.048,1.54155,1.54178,4.87,1.00
2016.06.01 15:07:19.202,1.54158,1.54181,1.57,1.20
2016.06.01 15:07:19.253,1.54159,1.54181,1.50,1.12
2016.06.01 15:07:19.786,1.54161,1.54183,1.57,1.37
2016.06.01 15:07:21.209,1.54162,1.54185,1.57,1.45
2016.06.01 15:07:21.671,1.54165,1.54182,1.20,1.50
2016.06.01 15:07:21.774,1.54166,1.54183,1.25,1.00
2016.06.01 15:07:22.300,1.54163,1.54183,1.69,1.00
2016.06.01 15:07:22.870,1.54163,1.54182,1.20,1.00
2016.06.01 15:07:23.226,1.5416,1.54182,1.76,1.00
2016.06.01 15:07:23.582,1.54165,1.54185,1.00,1.07
2016.06.01 15:07:23.978,1.54169,1.54187,1.29,1.00
2016.06.01 15:07:24.438,1.54168,1.54191,1.19,1.15
2016.06.01 15:07:25.030,1.54169,1.54189,1.40,1.00
2016.06.01 15:07:25.084,1.54168,1.54187,1.36,1.00
2016.06.01 15:07:25.675,1.54166,1.54186,1.12,1.50
2016.06.01 15:07:25.777,1.54164,1.54185,1.95,1.00
2016.06.01 15:07:25.930,1.54169,1.54185,1.00,1.10
2016.06.01 15:07:26.364,1.54169,1.54186,1.00,1.45
2016.06.01 15:07:26.891,1.54168,1.54186,1.00,1.57
2016.06.01 15:07:27.307,1.5417,1.54186,1.00,2.32
2016.06.01 15:07:27.532,1.54168,1.54186,1.00,2.32
2016.06.01 15:07:27.635,1.54168,1.54188,1.00,1.57
2016.06.01 15:07:28.169,1.54169,1.54189,1.00,1.12
2016.06.01 15:07:28.707,1.54169,1.5419,1.00,1.87
2016.06.01 15:07:29.494,1.54172,1.5419,1.00,1.20
2016.06.01 15:07:30.018,1.54169,1.54191,1.00,1.12
2016.06.01 15:07:30.527,1.54169,1.5419,1.00,2.62
2016.06.01 15:07:31.728,1.54168,1.5419,1.00,2.62
2016.06.01 15:07:31.831,1.54166,1.54188,1.00,1.17
2016.06.01 15:07:31.933,1.54166,1.54188,1.00,1.87
2016.06.01 15:07:33.084,1.54168,1.54188,1.00,1.12
2016.06.01 15:07:36.372,1.54166,1.54188,1.00,1.87
2016.06.01 15:07:37.906,1.54168,1.54188,1.00,2.25
2016.06.01 15:07:38.058,1.54168,1.5419,1.00,3.00
2016.06.01 15:07:38.110,1.5417,1.5419,1.00,3.00
2016.06.01 15:07:39.020,1.54171,1.5419,1.00,1.12
2016.06.01 15:07:39.547,1.54171,1.54191,1.00,3.00
2016.06.01 15:07:39.930,1.54175,1.54194,1.00,2.70
2016.06.01 15:07:39.982,1.54173,1.54194,1.00,1.95
2016.06.01 15:07:40.084,1.54175,1.54194,1.00,1.95
2016.06.01 15:07:40.597,1.54175,1.54194,1.00,1.17
2016.06.01 15:07:41.122,1.54176,1.54196,1.00,1.50
2016.06.01 15:07:41.695,1.54175,1.54195,1.00,1.87
2016.06.01 15:07:42.153,1.54175,1.54195,1.10,1.10
2016.06.01 15:07:42.695,1.54176,1.54196,1.00,1.17
2016.06.01 15:07:43.070,1.54178,1.54196,1.00,1.17
2016.06.01 15:07:43.375,1.54181,1.54199,1.00,1.57
2016.06.01 15:07:43.607,1.54179,1.54198,1.00,1.45
2016.06.01 15:07:44.309,1.54178,1.54197,1.00,1.15
2016.06.01 15:07:44.901,1.54178,1.54197,1.00,1.20
2016.06.01 15:07:45.156,1.54176,1.54197,1.00,1.57
2016.06.01 15:07:45.309,1.54176,1.54196,1.00,1.82
2016.06.01 15:07:45.830,1.54175,1.54195,1.00,1.50
2016.06.01 15:07:46.187,1.54172,1.54195,1.57,1.50
2016.06.01 15:07:46.696,1.54172,1.54193,1.57,1.57
2016.06.01 15:07:46.747,1.54172,1.54192,1.50,1.50
2016.06.01 15:07:47.063,1.5417,1.54188,1.00,1.57
2016.06.01 15:07:47.369,1.54173,1.54191,1.00,1.57
2016.06.01 15:07:47.956,1.54173,1.54191,1.00,1.50
2016.06.01 15:07:48.571,1.54176,1.54191,1.00,1.12
2016.06.01 15:07:48.727,1.5418,1.54197,1.00,1.50
2016.06.01 15:07:49.231,1.5418,1.54197,1.00,1.12
2016.06.01 15:07:49.743,1.5418,1.54199,1.00,2.25
2016.06.01 15:07:50.278,1.54181,1.54199,1.00,1.87
2016.06.01 15:07:50.786,1.54179,1.54199,1.37,1.50
2016.06.01 15:07:50.989,1.54178,1.54199,1.00,1.12
2016.06.01 15:07:51.142,1.54177,1.54196,1.00,1.47
2016.06.01 15:07:51.310,1.54177,1.54198,1.00,1.50
2016.06.01 15:07:51.362,1.54177,1.54196,1.00,1.45
2016.06.01 15:07:51.894,1.54177,1.54195,1.00,1.12
2016.06.01 15:07:52.537,1.54175,1.54193,1.00,1.17
2016.06.01 15:07:52.740,1.54175,1.54193,1.00,1.12
2016.06.01 15:07:52.945,1.54172,1.54193,1.00,1.12
2016.06.01 15:07:53.353,1.54175,1.54192,1.00,1.87
2016.06.01 15:07:53.641,1.54173,1.54194,1.00,1.12
2016.06.01 15:07:53.692,1.54173,1.54193,1.00,1.12
2016.06.01 15:07:54.049,1.54169,1.54193,1.07,1.12
2016.06.01 15:07:54.253,1.54169,1.54191,1.00,1.12
2016.06.01 15:07:54.694,1.54171,1.54191,1.00,1.12
2016.06.01 15:07:55.162,1.54169,1.54189,1.00,1.20
2016.06.01 15:07:55.366,1.54169,1.54188,1.00,1.12
2016.06.01 15:07:57.066,1.54166,1.54188,1.00,1.12
2016.06.01 15:07:57.240,1.54168,1.54187,1.00,1.12
2016.06.01 15:07:57.444,1.54168,1.54188,1.00,1.17
2016.06.01 15:07:57.546,1.5417,1.54188,1.00,1.17
2016.06.01 15:07:57.752,1.5417,1.54191,1.00,2.32
2016.06.01 15:07:57.854,1.54168,1.54191,1.20,2.62
2016.06.01 15:07:57.956,1.54169,1.54191,1.00,3.00
2016.06.01 15:07:58.300,1.54169,1.54186,1.00,1.57
2016.06.01 15:07:58.402,1.54166,1.54186,1.00,1.50
2016.06.01 15:07:58.656,1.54169,1.54186,1.00,1.45
2016.06.01 15:07:58.962,1.54171,1.54186,1.00,1.45
2016.06.01 15:07:59.014,1.54169,1.54186,1.00,1.45
2016.06.01 15:07:59.450,1.54167,1.54185,1.00,1.45
2016.06.01 15:07:59.501,1.54165,1.54185,1.00,1.50
2016.06.01 15:07:59.654,1.54167,1.54185,1.00,1.50
2016.06.01 15:07:59.807,1.54165,1.54186,1.00,1.50
2016.06.01 15:08:00.316,1.54165,1.54186,1.00,1.12
2016.06.01 15:08:01.071,1.54165,1.54186,1.00,1.50
2016.06.01 15:08:01.857,1.54164,1.54185,1.00,1.57
2016.06.01 15:08:01.908,1.54162,1.54185,1.10,2.32
2016.06.01 15:08:02.422,1.54161,1.54181,1.00,1.95
2016.06.01 15:08:02.576,1.54159,1.54181,1.10,1.20
2016.06.01 15:08:03.101,1.5416,1.54181,1.00,1.95
2016.06.01 15:08:04.365,1.54168,1.54182,1.00,2.25
2016.06.01 15:08:04.416,1.54166,1.54182,1.00,1.50
2016.06.01 15:08:04.468,1.54164,1.54182,1.00,1.50
2016.06.01 15:08:04.570,1.54164,1.54183,1.00,1.85
2016.06.01 15:08:05.209,1.54163,1.54184,1.00,1.47
2016.06.01 15:08:05.667,1.54163,1.54182,1.00,1.45
2016.06.01 15:08:07.948,1.54161,1.54183,1.00,1.75
2016.06.01 15:08:08.203,1.5416,1.5418,1.00,1.20
2016.06.01 15:08:08.508,1.54159,1.5418,1.00,1.87
2016.06.01 15:08:09.412,1.54166,1.54179,1.00,1.45
2016.06.01 15:08:09.565,1.54165,1.54186,1.00,2.70
2016.06.01 15:08:09.667,1.54162,1.54184,1.17,1.55
2016.06.01 15:08:10.601,1.54162,1.54183,1.07,1.20
2016.06.01 15:08:11.133,1.54162,1.54181,1.00,1.55
2016.06.01 15:08:11.441,1.54167,1.5418,1.00,1.00
2016.06.01 15:08:11.494,1.54168,1.54189,1.00,1.10
2016.06.01 15:08:11.596,1.54168,1.5419,1.00,2.62
2016.06.01 15:08:11.904,1.54168,1.54184,1.07,1.10
2016.06.01 15:08:12.058,1.54168,1.54189,1.20,1.20
2016.06.01 15:08:12.601,1.54168,1.54189,1.15,1.00
2016.06.01 15:08:13.148,1.5417,1.54189,1.00,1.00
2016.06.01 15:08:13.660,1.54168,1.5419,1.07,1.20
2016.06.01 15:08:14.211,1.54168,1.5419,1.95,1.07
2016.06.01 15:08:14.719,1.54171,1.5419,1.00,1.07
2016.06.01 15:08:15.482,1.54172,1.5419,1.00,1.10
2016.06.01 15:08:15.651,1.54174,1.54192,1.00,1.17
2016.06.01 15:08:15.754,1.54179,1.54199,1.00,2.81
2016.06.01 15:08:16.110,1.5418,1.54197,1.00,1.37
2016.06.01 15:08:16.212,1.54182,1.54201,1.00,1.87
2016.06.01 15:08:16.263,1.54183,1.54201,1.00,1.12
2016.06.01 15:08:16.366,1.54186,1.54204,1.00,1.57
2016.06.01 15:08:16.709,1.54181,1.54204,1.00,1.95
2016.06.01 15:08:16.812,1.54183,1.54202,1.00,1.20
2016.06.01 15:08:17.118,1.54181,1.54202,1.00,2.25
2016.06.01 15:08:17.323,1.54179,1.54202,1.10,2.25
2016.06.01 15:08:17.853,1.54179,1.542,1.00,1.12
2016.06.01 15:08:18.006,1.5418,1.54198,1.00,1.12
2016.06.01 15:08:18.159,1.54178,1.54198,1.50,1.12
2016.06.01 15:08:18.668,1.54178,1.54199,1.50,1.12
2016.06.01 15:08:18.720,1.54182,1.54199,1.00,1.12
2016.06.01 15:08:19.093,1.54182,1.54202,1.50,1.87
2016.06.01 15:08:19.195,1.54186,1.54203,1.00,1.12
2016.06.01 15:08:19.712,1.54185,1.54203,1.00,1.12
2016.06.01 15:08:20.263,1.54186,1.54203,1.00,1.12
2016.06.01 15:08:20.316,1.54186,1.54206,1.00,1.12
2016.06.01 15:08:20.418,1.54186,1.54207,1.00,1.50
2016.06.01 15:08:20.825,1.54194,1.54207,1.00,1.45
2016.06.01 15:08:21.115,1.54197,1.54214,1.00,1.00
2016.06.01 15:08:21.269,1.54197,1.54217,1.00,1.55
2016.06.01 15:08:21.777,1.54197,1.54217,1.00,1.95
2016.06.01 15:08:22.406,1.54197,1.54219,1.00,3.37
2016.06.01 15:08:22.914,1.542,1.54219,1.00,2.40
2016.06.01 15:08:23.220,1.542,1.54219,1.00,1.52
2016.06.01 15:08:23.507,1.54202,1.54221,1.00,1.20
2016.06.01 15:08:24.450,1.54202,1.54221,1.00,1.07
2016.06.01 15:08:26.093,1.54201,1.54222,1.00,1.95
2016.06.01 15:08:26.400,1.54196,1.54211,1.12,1.00
2016.06.01 15:08:26.452,1.54193,1.54211,1.00,1.00
2016.06.01 15:08:26.503,1.54191,1.54212,1.00,1.12
2016.06.01 15:08:26.606,1.54189,1.54209,1.00,1.12
2016.06.01 15:08:26.658,1.54189,1.5421,1.00,1.87
2016.06.01 15:08:26.867,1.54194,1.54211,1.00,1.75
2016.06.01 15:08:26.944,1.54197,1.54216,1.00,1.12
2016.06.01 15:08:27.046,1.54197,1.54216,1.00,1.12
2016.06.01 15:08:27.871,1.54197,1.54214,1.00,1.12
2016.06.01 15:08:28.384,1.54197,1.54213,1.00,1.12
2016.06.01 15:08:28.726,1.542,1.54214,1.00,1.12
2016.06.01 15:08:29.242,1.542,1.54215,1.00,1.12
2016.06.01 15:08:29.446,1.54198,1.54216,1.00,1.12
2016.06.01 15:08:29.700,1.54201,1.54216,1.00,1.12
2016.06.01 15:08:29.956,1.54201,1.54218,1.00,1.12
2016.06.01 15:08:30.199,1.54199,1.54219,1.00,1.50
2016.06.01 15:08:30.251,1.54199,1.54218,1.00,1.20
2016.06.01 15:08:30.302,1.54197,1.54217,1.00,1.45
2016.06.01 15:08:30.355,1.54195,1.54215,1.00,1.12
2016.06.01 15:08:30.459,1.54194,1.54212,1.00,1.75
2016.06.01 15:08:30.512,1.54197,1.54212,1.00,1.12
2016.06.01 15:08:30.616,1.54198,1.54215,1.00,2.25
2016.06.01 15:08:31.136,1.54197,1.54215,1.00,1.55
2016.06.01 15:08:31.341,1.54195,1.54214,1.00,1.20
2016.06.01 15:08:32.649,1.54195,1.54214,1.00,1.57
2016.06.01 15:08:33.542,1.54197,1.54215,1.00,1.12
2016.06.01 15:08:33.949,1.542,1.54215,1.00,1.12
2016.06.01 15:08:34.102,1.54197,1.54215,1.00,1.12
2016.06.01 15:08:34.357,1.54197,1.54216,1.50,1.07
2016.06.01 15:08:34.682,1.54199,1.54216,1.00,1.07
2016.06.01 15:08:34.988,1.54201,1.54216,1.00,1.07
2016.06.01 15:08:35.090,1.54201,1.54218,1.00,1.12
2016.06.01 15:08:35.731,1.54201,1.54218,1.00,1.12
2016.06.01 15:08:36.655,1.54199,1.54218,1.00,1.12
2016.06.01 15:08:37.173,1.54199,1.54216,1.00,1.12
2016.06.01 15:08:37.463,1.54201,1.54216,1.00,1.12
2016.06.01 15:08:38.611,1.54199,1.54216,1.00,1.12
2016.06.01 15:08:38.713,1.54203,1.54217,1.00,1.87
2016.06.01 15:08:38.764,1.54201,1.54217,1.00,1.12
2016.06.01 15:08:38.867,1.54203,1.54219,1.00,1.12
2016.06.01 15:08:39.223,1.54203,1.54221,1.00,1.75
2016.06.01 15:08:39.926,1.54201,1.54221,1.00,1.75
2016.06.01 15:08:40.130,1.54201,1.5422,1.00,1.12
2016.06.01 15:08:42.331,1.54204,1.54219,1.00,1.75
2016.06.01 15:08:42.485,1.54202,1.54219,1.00,1.12
2016.06.01 15:08:42.993,1.54202,1.5422,1.00,1.75
2016.06.01 15:08:43.512,1.54201,1.5422,1.00,1.75
2016.06.01 15:08:43.734,1.54204,1.5422,1.00,1.75
2016.06.01 15:08:43.836,1.54202,1.5422,1.00,1.75
2016.06.01 15:08:44.386,1.54202,1.54219,1.00,1.75
2016.06.01 15:08:44.840,1.54202,1.54221,1.50,1.75
2016.06.01 15:08:44.993,1.54202,1.5422,1.00,1.12
2016.06.01 15:08:45.146,1.542,1.54219,1.00,1.12
2016.06.01 15:08:45.402,1.54203,1.54219,1.00,1.12
2016.06.01 15:08:45.941,1.54202,1.54219,1.00,1.12
2016.06.01 15:08:47.149,1.54199,1.54218,1.87,1.12
2016.06.01 15:08:47.403,1.54199,1.54218,1.87,1.12
2016.06.01 15:08:47.455,1.54196,1.54214,1.00,1.12
2016.06.01 15:08:47.557,1.54194,1.54213,1.87,1.12
2016.06.01 15:08:47.996,1.54191,1.54206,1.00,1.75
2016.06.01 15:08:48.098,1.54193,1.5421,1.00,1.17
2016.06.01 15:08:48.201,1.54191,1.54212,1.12,1.12
2016.06.01 15:08:49.135,1.54187,1.54209,1.95,1.85
2016.06.01 15:08:49.442,1.54187,1.54204,1.12,1.12
2016.06.01 15:08:49.956,1.54188,1.54204,1.00,1.12
2016.06.01 15:08:50.506,1.54188,1.54204,1.00,1.12
2016.06.01 15:08:50.914,1.5419,1.54204,1.00,1.12
2016.06.01 15:08:51.096,1.54188,1.54205,1.00,1.12
2016.06.01 15:08:51.608,1.54189,1.54205,1.00,1.12
2016.06.01 15:08:51.661,1.54187,1.54205,1.12,1.12
2016.06.01 15:08:52.200,1.54189,1.54205,1.00,1.12
2016.06.01 15:08:52.251,1.54188,1.54206,1.00,1.12
2016.06.01 15:08:52.403,1.5419,1.54207,1.00,2.25
2016.06.01 15:08:52.912,1.5419,1.54208,1.00,1.75
2016.06.01 15:08:53.398,1.54192,1.54208,1.00,1.75
2016.06.01 15:08:53.906,1.54193,1.54209,1.00,1.45
2016.06.01 15:08:54.449,1.54192,1.54211,1.00,2.25
2016.06.01 15:08:54.602,1.54194,1.54211,1.00,1.87
2016.06.01 15:08:55.468,1.54195,1.54211,1.00,1.12
2016.06.01 15:08:55.622,1.54195,1.54214,1.00,1.75
2016.06.01 15:08:56.649,1.54195,1.54215,1.00,2.62
2016.06.01 15:08:56.752,1.54197,1.54215,1.00,2.62
2016.06.01 15:08:57.058,1.542,1.54215,1.00,1.50
2016.06.01 15:08:57.262,1.54204,1.54219,1.00,1.20
2016.06.01 15:08:57.313,1.54205,1.54222,1.00,1.12
2016.06.01 15:08:57.830,1.54206,1.54224,1.00,2.62
2016.06.01 15:08:57.882,1.54202,1.54222,1.00,1.20
2016.06.01 15:08:57.933,1.54202,1.54222,1.00,1.85
2016.06.01 15:08:57.984,1.54199,1.54215,1.10,1.07
2016.06.01 15:08:58.086,1.54194,1.54215,1.00,1.75
2016.06.01 15:08:58.443,1.54194,1.54216,1.00,1.75
2016.06.01 15:08:58.697,1.54194,1.54214,1.00,1.12
2016.06.01 15:09:00.946,1.54196,1.54212,1.00,1.75
2016.06.01 15:09:01.538,1.54196,1.54214,1.00,1.12
2016.06.01 15:09:01.844,1.54199,1.54215,1.00,1.12
2016.06.01 15:09:02.100,1.54197,1.54215,1.00,1.12
2016.06.01 15:09:02.438,1.54197,1.54215,1.00,1.12
2016.06.01 15:09:02.948,1.54197,1.54215,1.00,1.12
2016.06.01 15:09:03.101,1.54198,1.54216,1.00,1.75
2016.06.01 15:09:03.570,1.54195,1.54215,1.50,1.12
2016.06.01 15:09:04.281,1.54196,1.54216,1.00,1.75
2016.06.01 15:09:04.333,1.54199,1.54215,1.00,1.12
2016.06.01 15:09:04.487,1.54205,1.54222,1.00,1.12
2016.06.01 15:09:04.664,1.54205,1.54224,1.00,2.62
2016.06.01 15:09:04.972,1.54207,1.54224,1.00,1.50
2016.06.01 15:09:05.176,1.54208,1.54228,1.00,2.25
2016.06.01 15:09:05.688,1.54206,1.54227,1.37,1.45
2016.06.01 15:09:05.739,1.54206,1.54227,1.37,1.50
2016.06.01 15:09:06.299,1.54206,1.54227,1.37,1.50
2016.06.01 15:09:06.646,1.54212,1.54233,1.00,1.87
2016.06.01 15:09:07.156,1.54212,1.54233,1.00,1.12
2016.06.01 15:09:07.695,1.54213,1.54233,1.00,1.12
2016.06.01 15:09:07.746,1.54216,1.54233,1.00,1.12
2016.06.01 15:09:07.899,1.54216,1.54236,1.00,1.12
2016.06.01 15:09:08.410,1.54216,1.54236,1.00,1.75
2016.06.01 15:09:08.646,1.54219,1.54236,1.00,1.12
2016.06.01 15:09:08.800,1.54219,1.54238,1.00,1.50
2016.06.01 15:09:09.394,1.54218,1.54238,1.00,1.12
2016.06.01 15:09:09.607,1.54208,1.54229,1.10,1.12
2016.06.01 15:09:09.811,1.54208,1.54228,1.00,1.12
2016.06.01 15:09:10.066,1.54208,1.54227,1.00,1.75
2016.06.01 15:09:10.772,1.54212,1.54227,1.00,1.75
2016.06.01 15:09:10.875,1.54212,1.5423,1.00,1.87
2016.06.01 15:09:10.977,1.5421,1.5423,1.00,1.87
2016.06.01 15:09:11.028,1.5421,1.5423,1.00,1.87
2016.06.01 15:09:11.770,1.54213,1.54229,1.00,1.12
2016.06.01 15:09:11.923,1.54212,1.5423,1.00,1.50
2016.06.01 15:09:11.974,1.54212,1.54233,1.00,1.12
2016.06.01 15:09:12.128,1.54214,1.54233,1.00,1.12
2016.06.01 15:09:12.332,1.54212,1.54232,1.00,1.12
2016.06.01 15:09:12.791,1.54211,1.5423,1.00,1.12
2016.06.01 15:09:14.400,1.54213,1.54229,1.00,1.12
2016.06.01 15:09:14.502,1.54215,1.54232,1.00,1.45
2016.06.01 15:09:14.961,1.54213,1.54233,1.00,1.75
2016.06.01 15:09:15.107,1.5421,1.54229,1.00,1.12
2016.06.01 15:09:15.620,1.54209,1.54227,1.50,1.45
2016.06.01 15:09:15.774,1.54207,1.54227,1.50,1.45
2016.06.01 15:09:15.877,1.54207,1.54227,1.00,1.20
2016.06.01 15:09:16.225,1.54207,1.54223,1.00,1.75
2016.06.01 15:09:16.389,1.54207,1.54226,1.00,1.12
2016.06.01 15:09:16.440,1.54205,1.54226,1.00,1.12
2016.06.01 15:09:16.746,1.54205,1.54221,1.00,1.12
2016.06.01 15:09:17.094,1.54206,1.54227,1.12,1.12
2016.06.01 15:09:17.146,1.54206,1.54228,1.12,1.12
2016.06.01 15:09:17.197,1.54206,1.54228,1.12,1.12
2016.06.01 15:09:17.504,1.54209,1.54228,1.00,1.12
2016.06.01 15:09:17.938,1.54211,1.54228,1.00,1.12
2016.06.01 15:09:19.008,1.54214,1.54228,1.00,1.12
2016.06.01 15:09:19.183,1.54217,1.54234,1.00,1.87
2016.06.01 15:09:19.287,1.54217,1.54235,1.00,1.12
2016.06.01 15:09:19.748,1.54213,1.54236,1.47,1.50
2016.06.01 15:09:19.850,1.54211,1.54235,1.07,1.01
2016.06.01 15:09:20.175,1.54212,1.54234,1.50,1.75
2016.06.01 15:09:20.278,1.54212,1.54233,1.50,1.09
2016.06.01 15:09:20.382,1.54207,1.54228,1.12,1.39
2016.06.01 15:09:21.153,1.5421,1.54227,1.00,1.12
2016.06.01 15:09:21.256,1.54212,1.54229,1.00,1.12
2016.06.01 15:09:21.919,1.5421,1.5423,1.00,1.12
2016.06.01 15:09:22.269,1.54215,1.54232,1.00,1.12
2016.06.01 15:09:22.780,1.54214,1.54232,1.00,1.12
2016.06.01 15:09:23.221,1.54217,1.54235,1.00,1.75
2016.06.01 15:09:23.526,1.54214,1.54234,1.50,1.12
2016.06.01 15:09:23.578,1.54214,1.54234,1.50,1.12
2016.06.01 15:09:23.884,1.54214,1.5423,1.00,1.12
2016.06.01 15:09:24.379,1.54212,1.5423,1.00,1.12
2016.06.01 15:09:24.481,1.5421,1.54229,1.00,1.75
2016.06.01 15:09:24.889,1.54211,1.54231,1.00,1.75
2016.06.01 15:09:25.144,1.54209,1.5423,1.00,1.12
2016.06.01 15:09:25.246,1.54207,1.54226,1.50,1.12
2016.06.01 15:09:25.539,1.54205,1.54225,1.00,1.12
2016.06.01 15:09:25.950,1.54203,1.54222,1.00,1.12
2016.06.01 15:09:26.001,1.54203,1.54222,1.50,1.12
2016.06.01 15:09:26.104,1.54203,1.5422,1.00,1.12
2016.06.01 15:09:26.560,1.54203,1.54223,1.00,1.76
2016.06.01 15:09:26.613,1.54201,1.54223,1.00,1.76
2016.06.01 15:09:26.664,1.54201,1.54222,1.00,1.84
2016.06.01 15:09:26.818,1.54198,1.54215,1.00,1.75
2016.06.01 15:09:26.971,1.542,1.54217,1.00,1.12
2016.06.01 15:09:27.074,1.542,1.54219,1.00,1.12
2016.06.01 15:09:27.579,1.54201,1.5422,2.25,1.12
2016.06.01 15:09:27.631,1.54197,1.54219,1.50,1.50
2016.06.01 15:09:28.139,1.54196,1.54218,1.50,1.09
2016.06.01 15:09:28.446,1.54194,1.54218,1.17,1.20
2016.06.01 15:09:29.432,1.54194,1.54216,1.00,1.07
2016.06.01 15:09:29.738,1.54191,1.54215,1.65,1.70
2016.06.01 15:09:30.172,1.54193,1.54215,1.00,1.39
2016.06.01 15:09:30.604,1.54191,1.54211,1.00,1.09
2016.06.01 15:09:30.909,1.54189,1.5421,1.00,1.12
2016.06.01 15:09:31.061,1.54185,1.54192,1.50,2.40
2016.06.01 15:09:31.113,1.54176,1.5419,1.00,1.12
2016.06.01 15:09:31.215,1.54174,1.54184,1.00,1.12
2016.06.01 15:09:31.266,1.54172,1.54187,1.00,1.75
2016.06.01 15:09:31.470,1.54172,1.5419,1.00,1.50
2016.06.01 15:09:31.572,1.54172,1.54192,1.00,1.12
2016.06.01 15:09:31.725,1.54172,1.54192,1.00,1.82
2016.06.01 15:09:33.449,1.54169,1.54191,1.50,1.12
2016.06.01 15:09:34.161,1.54172,1.5419,1.00,1.75
2016.06.01 15:09:34.621,1.54175,1.54194,1.00,1.87
2016.06.01 15:09:34.876,1.54175,1.54196,1.00,1.12
2016.06.01 15:09:35.338,1.54175,1.54194,1.00,1.12
2016.06.01 15:09:35.883,1.54178,1.54195,1.00,1.12
2016.06.01 15:09:36.038,1.54178,1.54196,1.00,1.12
2016.06.01 15:09:36.140,1.54178,1.54198,1.00,1.12
2016.06.01 15:09:36.243,1.54177,1.54198,1.00,1.12
2016.06.01 15:09:36.884,1.54174,1.54196,1.00,1.12
2016.06.01 15:09:37.393,1.54175,1.54194,1.00,1.12
2016.06.01 15:09:37.977,1.54175,1.54195,1.00,1.12
2016.06.01 15:09:38.335,1.54179,1.54195,1.00,1.50
2016.06.01 15:09:38.437,1.54179,1.54196,1.00,1.12
2016.06.01 15:09:39.035,1.54177,1.54197,1.00,1.50
2016.06.01 15:09:39.087,1.54179,1.54197,1.00,1.12
2016.06.01 15:09:39.292,1.5418,1.54201,1.00,2.06
2016.06.01 15:09:39.446,1.54178,1.54199,1.00,1.57
2016.06.01 15:09:40.217,1.54176,1.54199,1.00,2.00
2016.06.01 15:09:40.372,1.54179,1.54199,1.00,2.00
2016.06.01 15:09:40.576,1.54177,1.54196,1.00,1.20
2016.06.01 15:09:40.628,1.54175,1.54196,1.10,1.46
2016.06.01 15:09:40.730,1.54174,1.54196,1.00,2.07
2016.06.01 15:09:41.269,1.54175,1.54194,1.00,1.87
2016.06.01 15:09:41.320,1.54172,1.54193,1.10,1.39
2016.06.01 15:09:41.473,1.54169,1.54189,1.00,1.00
2016.06.01 15:09:41.525,1.54169,1.54189,1.00,1.50
2016.06.01 15:09:41.729,1.54167,1.54189,1.00,2.25
2016.06.01 15:09:42.361,1.54168,1.54189,1.00,2.25
2016.06.01 15:09:42.514,1.54172,1.54189,1.00,2.25
2016.06.01 15:09:42.668,1.54172,1.54192,1.00,3.00
2016.06.01 15:09:42.821,1.54174,1.54194,1.00,2.25
2016.06.01 15:09:44.323,1.54176,1.54194,1.00,1.75
2016.06.01 15:09:45.273,1.54176,1.54193,1.00,1.12
2016.06.01 15:09:45.859,1.54174,1.54193,1.00,1.12
2016.06.01 15:09:46.271,1.54172,1.54192,1.00,1.12
2016.06.01 15:09:46.780,1.54175,1.54192,1.00,1.12
2016.06.01 15:09:47.217,1.54173,1.54192,1.00,1.12
2016.06.01 15:09:47.320,1.5417,1.54192,1.50,1.69
2016.06.01 15:09:47.474,1.54171,1.5419,1.00,1.85
2016.06.01 15:09:47.577,1.54168,1.54188,1.00,1.75
2016.06.01 15:09:48.371,1.54172,1.54188,1.00,1.12
2016.06.01 15:09:48.524,1.54172,1.5419,1.00,1.50
2016.06.01 15:09:49.103,1.54172,1.5419,1.00,1.50
2016.06.01 15:09:49.154,1.54169,1.54188,1.00,1.12
2016.06.01 15:09:49.408,1.54168,1.5419,1.50,1.75
2016.06.01 15:09:49.867,1.54166,1.54186,1.00,1.31
2016.06.01 15:09:50.383,1.54165,1.54184,1.12,1.12
2016.06.01 15:09:51.943,1.54165,1.54184,1.00,1.12
2016.06.01 15:09:52.401,1.54165,1.54184,1.00,1.75
2016.06.01 15:09:52.908,1.54166,1.54185,1.00,1.50
2016.06.01 15:09:53.754,1.5417,1.54185,1.00,1.12
2016.06.01 15:09:53.908,1.54174,1.54189,1.00,1.12
2016.06.01 15:09:54.011,1.54175,1.54192,1.00,1.75
2016.06.01 15:09:54.062,1.54173,1.54192,1.00,1.12
2016.06.01 15:09:54.265,1.54169,1.54191,1.37,1.12
2016.06.01 15:09:54.949,1.54167,1.54186,1.87,1.26
2016.06.01 15:09:55.051,1.54162,1.54184,1.47,2.51
2016.06.01 15:09:55.153,1.54163,1.54181,1.00,1.20
2016.06.01 15:09:55.503,1.54164,1.54185,1.00,1.50
2016.06.01 15:09:55.613,1.54164,1.54185,1.00,1.12
2016.06.01 15:09:56.250,1.54164,1.54183,1.00,1.75
2016.06.01 15:09:56.555,1.54164,1.54185,1.37,1.75
2016.06.01 15:09:56.852,1.54167,1.54185,1.00,1.75
2016.06.01 15:09:57.055,1.54164,1.54185,1.37,1.75
2016.06.01 15:09:57.106,1.54163,1.54185,1.37,1.12
2016.06.01 15:09:57.311,1.54148,1.54168,1.00,1.87
2016.06.01 15:09:57.363,1.54145,1.54168,1.50,3.37
2016.06.01 15:09:57.566,1.54147,1.54167,1.00,1.12
2016.06.01 15:09:57.955,1.5415,1.54169,1.00,1.50
2016.06.01 15:09:58.463,1.5415,1.5417,1.00,1.20
2016.06.01 15:09:58.617,1.54148,1.5417,1.10,1.20
2016.06.01 15:09:58.668,1.54146,1.54169,1.10,1.75
2016.06.01 15:09:59.143,1.54146,1.54164,1.00,1.12
2016.06.01 15:10:00.661,1.54148,1.54164,1.00,1.12
2016.06.01 15:10:00.814,1.54146,1.54167,1.00,1.12
2016.06.01 15:10:00.865,1.54146,1.54167,1.00,1.12
2016.06.01 15:10:02.165,1.54146,1.54165,1.00,1.12
2016.06.01 15:10:02.267,1.54144,1.54164,1.00,1.12
2016.06.01 15:10:02.420,1.54144,1.54162,1.00,1.12
2016.06.01 15:10:02.929,1.54144,1.54163,1.00,1.12
2016.06.01 15:10:03.614,1.54144,1.54164,1.00,1.75
2016.06.01 15:10:04.042,1.54144,1.54163,1.00,1.12
2016.06.01 15:10:05.391,1.54143,1.54162,1.00,1.57
2016.06.01 15:10:05.898,1.54143,1.54161,1.00,1.12
2016.06.01 15:10:07.345,1.54143,1.54161,1.00,1.12
2016.06.01 15:10:07.701,1.5414,1.54159,1.00,1.12
2016.06.01 15:10:07.753,1.54137,1.54159,1.00,1.50
2016.06.01 15:10:07.804,1.54137,1.54157,1.00,1.16
2016.06.01 15:10:08.123,1.54137,1.54155,1.00,1.57
2016.06.01 15:10:08.429,1.54139,1.54157,1.00,2.02
2016.06.01 15:10:11.045,1.54142,1.54157,1.00,1.27
2016.06.01 15:10:11.097,1.54142,1.54158,1.00,1.12
2016.06.01 15:10:11.198,1.54142,1.5416,1.00,1.75
2016.06.01 15:10:11.712,1.54143,1.5416,1.00,1.12
2016.06.01 15:10:12.457,1.54156,1.54163,1.00,1.50
2016.06.01 15:10:12.508,1.54156,1.54176,1.00,1.87
2016.06.01 15:10:12.559,1.54156,1.54176,1.00,1.50
2016.06.01 15:10:12.611,1.54155,1.54176,1.09,1.50
2016.06.01 15:10:12.763,1.54154,1.54177,2.51,1.00
2016.06.01 15:10:12.815,1.54154,1.54171,1.01,1.00
2016.06.01 15:10:12.917,1.54144,1.54168,1.57,1.17
2016.06.01 15:10:12.968,1.54145,1.54168,1.10,1.85
2016.06.01 15:10:13.222,1.54141,1.54165,1.27,1.20
2016.06.01 15:10:14.179,1.54142,1.54165,1.00,1.20
2016.06.01 15:10:14.710,1.54142,1.54166,1.17,1.87
2016.06.01 15:10:15.260,1.54142,1.54162,1.20,1.00
2016.06.01 15:10:15.311,1.54142,1.5416,1.20,1.00
2016.06.01 15:10:15.464,1.54139,1.5416,2.14,1.00
2016.06.01 15:10:15.983,1.54139,1.5416,1.39,1.00
2016.06.01 15:10:16.086,1.54141,1.54162,1.20,1.00
2016.06.01 15:10:16.137,1.54141,1.54163,1.75,1.00
2016.06.01 15:10:16.462,1.54146,1.54166,1.09,1.00
2016.06.01 15:10:16.513,1.5415,1.54169,1.00,1.95
2016.06.01 15:10:17.073,1.54152,1.54171,1.00,2.44
2016.06.01 15:10:18.933,1.5415,1.54171,1.00,1.75
2016.06.01 15:10:19.450,1.54149,1.54168,1.00,1.00
2016.06.01 15:10:20.840,1.54149,1.54169,1.00,1.00
2016.06.01 15:10:20.891,1.54151,1.54169,1.00,1.00
2016.06.01 15:10:21.501,1.54152,1.54169,1.00,1.00
2016.06.01 15:10:21.806,1.54155,1.54172,1.00,1.12
2016.06.01 15:10:22.325,1.54156,1.54173,1.00,1.12
2016.06.01 15:10:22.732,1.54156,1.54174,1.00,1.75
2016.06.01 15:10:24.014,1.54145,1.54158,1.37,1.65
2016.06.01 15:10:24.065,1.54142,1.54158,2.25,2.40
2016.06.01 15:10:24.370,1.54138,1.54153,1.00,1.12
2016.06.01 15:10:24.421,1.5414,1.54154,1.00,1.12
2016.06.01 15:10:24.523,1.54141,1.54157,1.00,1.12
2016.06.01 15:10:24.574,1.54147,1.54158,1.00,1.12
2016.06.01 15:10:24.676,1.54148,1.54163,1.00,1.20
2016.06.01 15:10:25.169,1.54149,1.54167,1.00,1.50
2016.06.01 15:10:25.677,1.54149,1.54168,1.00,1.12
2016.06.01 15:10:25.779,1.54147,1.54169,1.10,1.57
2016.06.01 15:10:25.830,1.54147,1.54168,1.00,1.85
2016.06.01 15:10:26.364,1.54148,1.54167,1.00,1.50
2016.06.01 15:10:26.670,1.5415,1.54167,1.00,1.50
2016.06.01 15:10:26.822,1.54148,1.54167,1.00,1.50
2016.06.01 15:10:27.329,1.54148,1.54166,1.00,1.45
2016.06.01 15:10:27.859,1.54147,1.54166,1.00,1.45
2016.06.01 15:10:28.317,1.54144,1.54166,1.00,1.45
2016.06.01 15:10:28.368,1.54144,1.54163,1.00,1.87
