2008.06.18 21:00:25.140,1.6398,1.6409,3.70,4.60
2008.06.18 21:00:26.981,1.6397,1.6408,4.80,5.10
2008.06.18 21:00:28.483,1.6398,1.6409,3.30,4.40
2008.06.18 21:00:31.203,1.6399,1.641,3.30,3.30
2008.06.18 21:00:39.499,1.6398,1.6409,4.50,3.30
2008.06.18 21:00:44.989,1.6397,1.6408,4.80,5.40
2008.06.18 21:01:40.100,1.6398,1.6409,3.00,4.90
2008.06.18 21:01:41.244,1.6397,1.6408,5.50,4.00
2008.06.18 21:02:03.945,1.6396,1.6407,4.50,4.60
2008.06.18 21:03:17.266,1.6397,1.6408,2.10,4.30
2008.06.18 21:03:17.821,1.6397,1.6411,1.80,3.00
2008.06.18 21:03:17.928,1.64,1.6411,1.00,4.00
2008.06.18 21:03:18.218,1.6403,1.6411,1.00,3.20
2008.06.18 21:03:18.794,1.6403,1.641,1.00,3.90
2008.06.18 21:03:20.822,1.6403,1.6411,1.00,2.80
2008.06.18 21:03:23.278,1.64,1.6411,3.40,3.60
2008.06.18 21:03:23.336,1.64,1.6411,1.00,5.10
2008.06.18 21:03:24.359,1.64,1.6409,1.00,5.50
2008.06.18 21:03:25.340,1.64,1.6408,1.00,3.30
2008.06.18 21:03:34.407,1.64,1.6407,1.00,4.50
2008.06.18 21:03:34.493,1.6399,1.6407,1.00,3.60
2008.06.18 21:04:04.167,1.64,1.6408,1.00,4.50
2008.06.18 21:04:04.437,1.6399,1.6408,1.00,3.10
2008.06.18 21:04:04.676,1.6399,1.6407,1.00,5.60
2008.06.18 21:04:15.810,1.6399,1.6406,1.00,4.30
2008.06.18 21:04:17.410,1.6399,1.6405,1.00,3.80
2008.06.18 21:04:18.048,1.6397,1.6405,1.00,4.60
2008.06.18 21:04:18.388,1.6397,1.6404,1.00,3.70
2008.06.18 21:04:22.002,1.6399,1.6404,1.00,4.30
2008.06.18 21:04:22.122,1.6399,1.6405,1.00,5.00
2008.06.18 21:04:23.095,1.6396,1.6405,1.00,4.80
2008.06.18 21:04:23.555,1.6396,1.6406,1.00,4.90
2008.06.18 21:04:23.952,1.6396,1.6405,1.00,4.40
2008.06.18 21:04:25.964,1.6396,1.6406,1.00,3.60
2008.06.18 21:04:26.918,1.6396,1.6405,1.00,3.20
2008.06.18 21:04:35.892,1.6396,1.6404,1.00,3.30
2008.06.18 21:04:36.962,1.6396,1.6405,1.00,4.60
2008.06.18 21:04:39.092,1.6396,1.6406,1.00,3.10
2008.06.18 21:04:40.077,1.6397,1.6406,1.00,3.80
2008.06.18 21:04:41.021,1.6397,1.6407,1.00,3.10
2008.06.18 21:04:42.103,1.6399,1.6407,1.00,3.40
2008.06.18 21:04:42.421,1.6399,1.6408,1.00,3.40
2008.06.18 21:04:52.578,1.6399,1.6407,1.00,4.90
2008.06.18 21:04:56.257,1.6399,1.6408,1.00,5.10
2008.06.18 21:05:02.569,1.6399,1.6403,1.40,1.30
2008.06.18 21:05:03.903,1.6399,1.6403,1.40,1.30
2008.06.18 21:05:04.066,1.64,1.6403,1.00,1.30
2008.06.18 21:05:04.203,1.64,1.6404,1.00,1.30
2008.06.18 21:05:14.137,1.6399,1.6403,1.40,1.30
2008.06.18 21:05:20.180,1.6399,1.6402,1.00,1.30
2008.06.18 21:05:34.804,1.6399,1.6403,1.40,1.30
2008.06.18 21:05:38.944,1.64,1.6404,1.00,1.30
2008.06.18 21:05:39.213,1.64,1.6404,1.40,1.30
2008.06.18 21:05:56.152,1.64,1.641,1.00,2.50
2008.06.18 21:06:07.898,1.6406,1.641,1.00,1.30
2008.06.18 21:06:12.286,1.64,1.6404,1.00,1.30
2008.06.18 21:06:12.366,1.64,1.6404,1.40,1.30
2008.06.18 21:06:52.405,1.6399,1.641,5.10,3.10
2008.06.18 21:06:59.437,1.6401,1.6405,1.00,1.30
2008.06.18 21:06:59.725,1.6402,1.6405,1.00,1.30
2008.06.18 21:07:00.803,1.6402,1.6405,1.00,1.30
2008.06.18 21:07:05.730,1.6403,1.6407,1.00,1.30
2008.06.18 21:07:08.972,1.6402,1.6406,1.40,1.30
2008.06.18 21:07:25.857,1.6399,1.641,4.20,4.00
2008.06.18 21:07:25.969,1.6401,1.6405,1.00,1.30
2008.06.18 21:07:26.471,1.6402,1.6406,1.00,1.30
2008.06.18 21:07:32.805,1.6401,1.6406,1.00,1.30
2008.06.18 21:07:33.000,1.6401,1.6405,1.00,1.30
2008.06.18 21:07:33.449,1.6402,1.6405,1.00,1.30
2008.06.18 21:08:01.630,1.6403,1.6412,1.00,3.80
2008.06.18 21:08:01.800,1.6404,1.6406,1.00,1.30
2008.06.18 21:08:01.970,1.6404,1.6408,1.00,1.30
2008.06.18 21:08:05.403,1.6403,1.6407,1.40,1.30
2008.06.18 21:08:29.155,1.6403,1.6406,1.00,1.30
2008.06.18 21:08:29.452,1.6402,1.6406,1.40,1.30
2008.06.18 21:08:36.983,1.6404,1.6407,1.00,1.30
2008.06.18 21:08:37.083,1.6404,1.6408,1.00,1.30
2008.06.18 21:08:40.562,1.6402,1.6406,1.40,1.30
2008.06.18 21:08:42.621,1.6402,1.6406,1.40,1.30
2008.06.18 21:08:43.924,1.6403,1.6407,1.00,1.30
2008.06.18 21:08:44.081,1.6403,1.6407,1.40,1.30
2008.06.18 21:08:47.541,1.6403,1.6407,1.00,1.30
2008.06.18 21:08:47.603,1.6403,1.6406,1.00,1.30
2008.06.18 21:08:48.093,1.6402,1.6406,1.40,1.30
2008.06.18 21:08:50.408,1.6403,1.6406,1.00,1.30
2008.06.18 21:08:50.609,1.6403,1.6407,1.40,1.30
2008.06.18 21:08:53.612,1.6404,1.6408,1.00,1.30
2008.06.18 21:09:18.670,1.6402,1.6409,4.90,1.90
2008.06.18 21:09:27.473,1.6401,1.6409,6.70,1.90
2008.06.18 21:09:27.682,1.6403,1.6407,1.00,1.30
2008.06.18 21:10:03.104,1.6402,1.6408,1.90,1.90
2008.06.18 21:10:19.436,1.6402,1.6408,1.90,1.90
2008.06.18 21:10:32.352,1.6401,1.6408,2.60,1.90
2008.06.18 21:10:33.033,1.6402,1.6408,1.00,1.90
2008.06.18 21:10:33.585,1.6402,1.6409,2.80,1.90
2008.06.18 21:10:34.774,1.6402,1.6408,2.80,1.90
2008.06.18 21:10:34.926,1.6402,1.6406,3.30,1.30
2008.06.18 21:10:34.958,1.6402,1.6406,1.40,1.30
2008.06.18 21:10:35.030,1.6403,1.6406,1.00,1.30
2008.06.18 21:10:35.239,1.6403,1.6407,1.00,1.30
2008.06.18 21:11:35.804,1.6402,1.6408,2.80,1.90
2008.06.18 21:11:36.790,1.6402,1.6408,1.00,1.90
2008.06.18 21:11:36.920,1.6402,1.6409,2.80,1.90
2008.06.18 21:11:39.294,1.6402,1.6409,3.40,3.10
2008.06.18 21:11:39.402,1.6402,1.6408,2.80,1.90
2008.06.18 21:11:48.742,1.6402,1.6408,1.90,1.90
2008.06.18 21:11:48.855,1.6402,1.6407,2.40,1.30
2008.06.18 21:11:48.902,1.6402,1.6407,1.00,1.30
2008.06.18 21:11:48.961,1.6402,1.6406,1.00,1.30
2008.06.18 21:11:49.733,1.6402,1.6406,1.40,1.30
2008.06.18 21:11:50.032,1.6403,1.6407,1.00,1.30
2008.06.18 21:11:52.901,1.6402,1.6406,3.30,1.30
2008.06.18 21:11:55.229,1.6403,1.6406,1.00,1.30
2008.06.18 21:11:55.335,1.6403,1.6407,1.00,1.30
2008.06.18 21:11:57.811,1.6404,1.6407,1.00,1.30
2008.06.18 21:11:57.939,1.6404,1.6408,1.00,3.20
2008.06.18 21:11:58.106,1.6404,1.6408,1.00,1.30
2008.06.18 21:12:49.792,1.6405,1.6407,1.00,1.30
2008.06.18 21:12:49.848,1.6405,1.6408,1.00,1.30
2008.06.18 21:12:52.983,1.6404,1.6408,1.00,1.30
2008.06.18 21:13:26.816,1.6402,1.6409,7.20,1.90
2008.06.18 21:13:44.513,1.6403,1.6408,1.00,1.30
2008.06.18 21:13:44.640,1.6403,1.6408,1.00,3.20
2008.06.18 21:13:44.665,1.6403,1.6407,1.00,1.30
2008.06.18 21:13:46.859,1.6404,1.6408,1.00,3.20
2008.06.18 21:13:46.970,1.6404,1.6408,1.00,1.30
2008.06.18 21:13:51.141,1.6405,1.6408,1.00,1.30
2008.06.18 21:13:54.022,1.6404,1.6408,1.00,1.30
2008.06.18 21:14:02.612,1.6403,1.6407,1.40,1.30
2008.06.18 21:14:04.131,1.6404,1.6408,1.00,1.30
2008.06.18 21:14:04.267,1.6405,1.6408,1.00,1.30
2008.06.18 21:14:04.760,1.6404,1.6408,1.00,1.30
2008.06.18 21:14:05.101,1.6403,1.6408,1.40,1.30
2008.06.18 21:14:05.210,1.6403,1.6407,1.40,1.30
2008.06.18 21:14:11.589,1.6403,1.6407,3.30,1.30
2008.06.18 21:14:11.725,1.6404,1.6408,1.00,3.20
2008.06.18 21:14:11.918,1.6404,1.6408,1.00,1.30
2008.06.18 21:14:18.372,1.6404,1.6408,1.00,1.30
2008.06.18 21:14:51.767,1.6402,1.6409,6.70,1.90
2008.06.18 21:14:51.994,1.6403,1.641,1.90,3.60
2008.06.18 21:14:52.329,1.6405,1.641,1.00,1.90
2008.06.18 21:14:57.486,1.6403,1.641,2.80,3.10
2008.06.18 21:14:57.616,1.6403,1.641,2.80,3.80
2008.06.18 21:14:57.835,1.6403,1.6409,1.00,1.90
2008.06.18 21:14:57.966,1.6403,1.6407,1.40,1.30
2008.06.18 21:15:07.693,1.6404,1.6408,1.00,1.30
2008.06.18 21:15:07.895,1.6403,1.6407,1.40,1.30
2008.06.18 21:15:11.156,1.6404,1.6408,1.00,1.30
2008.06.18 21:15:52.858,1.6403,1.6407,1.00,1.30
2008.06.18 21:15:58.154,1.6403,1.6407,1.00,1.30
2008.06.18 21:16:47.961,1.6402,1.6406,1.40,1.30
2008.06.18 21:16:52.205,1.6402,1.6406,1.00,1.30
2008.06.18 21:16:52.329,1.6401,1.6405,1.40,1.30
2008.06.18 21:17:08.799,1.6401,1.6405,1.00,1.30
2008.06.18 21:17:08.924,1.6399,1.6403,2.40,1.30
2008.06.18 21:17:09.044,1.6399,1.6403,1.00,1.30
2008.06.18 21:17:09.795,1.6399,1.6403,6.90,1.30
2008.06.18 21:17:09.914,1.6401,1.6405,1.00,1.30
2008.06.18 21:17:10.283,1.6401,1.6405,1.40,1.30
2008.06.18 21:17:22.109,1.6401,1.6404,1.00,1.30
2008.06.18 21:17:22.493,1.64,1.6404,1.40,1.30
2008.06.18 21:17:25.552,1.64,1.6404,1.00,1.30
2008.06.18 21:17:25.802,1.6399,1.6403,1.40,1.30
2008.06.18 21:17:26.334,1.64,1.6404,1.00,3.20
2008.06.18 21:17:26.519,1.64,1.6404,1.00,1.30
2008.06.18 21:17:28.977,1.64,1.6404,1.40,1.30
2008.06.18 21:17:29.064,1.6401,1.6405,1.00,3.20
2008.06.18 21:17:29.247,1.6401,1.6405,1.00,1.30
2008.06.18 21:17:29.524,1.6401,1.6405,1.40,1.30
2008.06.18 21:17:31.275,1.6401,1.6405,1.00,1.30
2008.06.18 21:17:31.590,1.6401,1.6405,1.00,3.20
2008.06.18 21:17:31.754,1.64,1.6403,1.00,1.30
2008.06.18 21:17:31.927,1.64,1.6404,1.40,1.30
2008.06.18 21:17:32.785,1.6401,1.6405,1.00,1.30
2008.06.18 21:17:33.266,1.6401,1.6405,1.40,1.30
2008.06.18 21:17:39.188,1.6401,1.6405,1.00,1.30
2008.06.18 21:17:39.319,1.64,1.6405,1.40,1.30
2008.06.18 21:17:39.429,1.64,1.6404,1.40,1.30
2008.06.18 21:17:39.923,1.64,1.6404,1.40,1.30
2008.06.18 21:17:40.833,1.6401,1.6405,1.00,1.30
2008.06.18 21:17:41.284,1.6401,1.6405,1.40,1.30
2008.06.18 21:17:43.366,1.6401,1.6405,1.00,1.30
2008.06.18 21:17:43.475,1.64,1.6404,1.40,1.30
2008.06.18 21:17:46.536,1.64,1.6404,3.30,1.30
2008.06.18 21:17:46.674,1.6401,1.6405,1.00,1.30
2008.06.18 21:17:46.887,1.6402,1.6406,1.00,1.30
2008.06.18 21:17:55.353,1.6401,1.6406,2.40,1.30
2008.06.18 21:17:55.450,1.6401,1.6406,1.00,1.30
2008.06.18 21:17:55.537,1.6401,1.6405,1.00,1.30
2008.06.18 21:18:17.548,1.64,1.6403,1.90,1.30
2008.06.18 21:18:17.995,1.6399,1.6403,3.30,1.30
2008.06.18 21:18:25.226,1.64,1.6403,1.00,1.30
2008.06.18 21:18:25.446,1.64,1.6404,1.00,1.30
2008.06.18 21:18:26.282,1.64,1.6404,1.40,1.30
2008.06.18 21:18:30.458,1.64,1.6404,1.00,1.30
2008.06.18 21:18:32.373,1.64,1.6404,1.00,3.20
2008.06.18 21:18:32.482,1.6399,1.6403,3.30,1.30
2008.06.18 21:18:33.898,1.64,1.6403,1.00,1.30
2008.06.18 21:18:34.059,1.64,1.6404,1.00,1.30
2008.06.18 21:18:34.207,1.6399,1.6403,3.30,1.30
2008.06.18 21:18:34.253,1.6399,1.6403,1.40,1.30
2008.06.18 21:18:43.055,1.64,1.6404,1.00,3.20
2008.06.18 21:18:43.239,1.64,1.6404,1.40,3.20
2008.06.18 21:18:43.328,1.64,1.6404,1.40,1.30
2008.06.18 21:18:48.777,1.64,1.6404,1.00,1.30
2008.06.18 21:18:49.414,1.6399,1.6403,1.40,1.30
2008.06.18 21:19:00.133,1.6401,1.6405,1.00,3.20
2008.06.18 21:19:00.407,1.6401,1.6405,1.00,1.30
2008.06.18 21:19:05.075,1.6399,1.6405,4.90,1.30
2008.06.18 21:19:05.129,1.6399,1.6405,1.40,1.30
2008.06.18 21:19:05.179,1.6399,1.6403,1.40,1.30
2008.06.18 21:19:21.793,1.64,1.6404,1.00,3.20
2008.06.18 21:19:22.102,1.64,1.6404,1.00,1.30
2008.06.18 21:19:24.783,1.6399,1.6403,1.40,1.30
2008.06.18 21:19:27.550,1.6399,1.6403,1.00,1.30
2008.06.18 21:19:28.718,1.6399,1.6403,1.00,1.30
2008.06.18 21:19:30.594,1.6398,1.6402,1.40,1.30
2008.06.18 21:19:39.610,1.6398,1.6402,1.00,1.30
2008.06.18 21:19:39.894,1.6397,1.6401,3.30,1.30
2008.06.18 21:19:40.408,1.6397,1.6401,1.40,1.30
2008.06.18 21:19:47.191,1.6398,1.6401,1.00,1.30
2008.06.18 21:19:47.306,1.6398,1.6402,1.00,1.30
2008.06.18 21:19:47.764,1.6399,1.6402,1.00,1.30
2008.06.18 21:19:53.251,1.6398,1.6402,1.40,1.30
2008.06.18 21:19:54.313,1.6399,1.6403,1.00,1.30
2008.06.18 21:19:59.921,1.64,1.6404,1.00,1.30
2008.06.18 21:20:00.283,1.64,1.6404,1.40,1.30
2008.06.18 21:20:08.353,1.64,1.6403,1.00,1.30
2008.06.18 21:20:11.135,1.64,1.6402,1.00,1.30
2008.06.18 21:20:14.263,1.64,1.6402,2.80,1.30
2008.06.18 21:20:14.327,1.64,1.6402,3.30,1.30
2008.06.18 21:20:14.403,1.64,1.6404,3.30,3.20
2008.06.18 21:20:14.608,1.64,1.6404,3.30,1.30
2008.06.18 21:20:16.827,1.64,1.6404,1.40,1.30
2008.06.18 21:20:17.128,1.6399,1.6403,1.00,1.30
2008.06.18 21:20:17.418,1.6401,1.6405,1.00,3.20
2008.06.18 21:20:17.521,1.6401,1.6405,1.00,1.30
2008.06.18 21:20:23.979,1.6402,1.6406,1.00,1.30
2008.06.18 21:20:24.754,1.6402,1.6406,1.40,1.30
2008.06.18 21:20:34.074,1.6404,1.6408,1.00,1.30
2008.06.18 21:20:47.875,1.6403,1.6407,1.00,1.30
2008.06.18 21:20:58.619,1.6402,1.6406,1.00,1.30
2008.06.18 21:21:03.379,1.6401,1.6404,1.00,1.30
2008.06.18 21:21:08.403,1.6404,1.6406,1.00,1.60
2008.06.18 21:21:08.572,1.6404,1.6406,1.40,1.60
2008.06.18 21:21:08.656,1.6404,1.6406,1.40,1.90
2008.06.18 21:21:08.746,1.6404,1.6408,1.40,1.30
2008.06.18 21:21:08.889,1.6404,1.6408,1.00,1.30
2008.06.18 21:21:08.976,1.6402,1.6408,2.40,1.30
2008.06.18 21:21:09.065,1.6402,1.6406,1.00,1.30
2008.06.18 21:21:09.333,1.6404,1.6408,1.00,1.30
2008.06.18 21:21:09.995,1.6402,1.6406,2.40,1.30
2008.06.18 21:21:10.225,1.6402,1.6406,1.00,1.30
2008.06.18 21:21:12.035,1.6401,1.6405,1.40,1.30
2008.06.18 21:21:18.184,1.6402,1.6405,1.00,1.30
2008.06.18 21:21:18.294,1.6402,1.6406,1.40,1.30
2008.06.18 21:21:18.640,1.6402,1.6406,1.00,1.30
2008.06.18 21:21:29.138,1.6401,1.6405,1.40,1.30
2008.06.18 21:21:33.586,1.6402,1.6405,1.00,1.30
2008.06.18 21:21:33.643,1.6402,1.6406,1.40,1.30
2008.06.18 21:21:34.488,1.6402,1.6406,1.00,1.30
2008.06.18 21:21:34.557,1.6401,1.6406,1.40,1.30
2008.06.18 21:21:34.707,1.6401,1.6405,1.40,1.30
2008.06.18 21:21:41.598,1.6401,1.6405,1.00,1.30
2008.06.18 21:21:44.146,1.64,1.6404,1.40,1.30
2008.06.18 21:21:51.136,1.6401,1.6405,1.00,1.30
2008.06.18 21:22:11.592,1.6401,1.6405,1.40,1.30
2008.06.18 21:22:18.079,1.6401,1.6404,1.00,1.30
2008.06.18 21:22:26.309,1.64,1.6404,1.40,1.30
2008.06.18 21:22:29.498,1.64,1.6404,1.00,1.30
2008.06.18 21:22:29.686,1.6399,1.6403,1.40,1.30
2008.06.18 21:22:29.932,1.6399,1.6403,1.00,1.30
2008.06.18 21:22:32.884,1.6398,1.6402,1.40,1.30
2008.06.18 21:22:35.313,1.6399,1.6402,1.00,1.30
2008.06.18 21:22:35.412,1.6399,1.6403,1.00,1.30
2008.06.18 21:22:45.088,1.6399,1.6403,1.40,1.30
2008.06.18 21:22:45.387,1.64,1.6404,1.00,1.30
2008.06.18 21:22:45.891,1.64,1.6404,1.40,1.30
2008.06.18 21:22:47.970,1.64,1.6404,1.00,1.30
2008.06.18 21:22:48.091,1.6399,1.6403,1.40,1.30
2008.06.18 21:22:50.428,1.64,1.6404,1.00,1.30
2008.06.18 21:22:50.851,1.64,1.6404,1.40,1.30
2008.06.18 21:22:52.447,1.64,1.6404,1.40,1.30
2008.06.18 21:22:53.139,1.64,1.6403,1.00,1.30
2008.06.18 21:23:10.380,1.64,1.6404,1.40,1.30
2008.06.18 21:24:10.248,1.6398,1.6406,3.30,1.90
2008.06.18 21:24:13.177,1.6398,1.6405,2.20,1.90
2008.06.18 21:24:13.309,1.6399,1.6403,1.00,1.30
2008.06.18 21:24:16.664,1.6399,1.6403,1.40,1.30
2008.06.18 21:24:17.823,1.6399,1.6402,1.00,1.30
2008.06.18 21:24:22.443,1.6399,1.6403,1.40,1.30
2008.06.18 21:24:31.492,1.6401,1.6403,1.00,1.30
2008.06.18 21:24:31.751,1.6401,1.6404,1.00,1.30
2008.06.18 21:24:31.794,1.6401,1.6404,1.00,1.30
2008.06.18 21:24:41.040,1.6401,1.6405,1.40,1.30
2008.06.18 21:24:42.294,1.6402,1.6405,1.00,1.30
2008.06.18 21:24:42.824,1.6403,1.6407,1.00,1.30
2008.06.18 21:24:43.094,1.6402,1.6406,1.00,1.30
2008.06.18 21:24:44.817,1.6401,1.6406,1.40,1.30
2008.06.18 21:24:44.923,1.6401,1.6405,1.40,1.30
2008.06.18 21:25:06.583,1.6401,1.6404,1.00,1.30
2008.06.18 21:25:14.364,1.6401,1.6405,1.40,1.30
2008.06.18 21:25:39.874,1.64,1.6405,1.00,1.30
2008.06.18 21:25:39.950,1.64,1.6404,2.40,1.30
2008.06.18 21:25:40.266,1.64,1.6404,3.30,1.30
2008.06.18 21:25:40.344,1.64,1.6404,1.40,1.30
2008.06.18 21:25:40.700,1.64,1.6404,1.00,1.30
2008.06.18 21:25:40.850,1.6399,1.6403,1.40,1.30
2008.06.18 21:26:08.438,1.6399,1.6403,1.00,1.30
2008.06.18 21:26:08.668,1.6398,1.6402,1.40,1.30
2008.06.18 21:26:12.623,1.6399,1.6403,1.00,1.30
2008.06.18 21:26:13.057,1.6399,1.6403,1.40,1.30
2008.06.18 21:26:16.675,1.64,1.6403,1.00,1.30
2008.06.18 21:26:16.840,1.64,1.6404,1.40,1.30
2008.06.18 21:26:17.665,1.64,1.6404,1.00,1.30
2008.06.18 21:26:17.903,1.6399,1.6402,2.80,1.30
2008.06.18 21:26:18.133,1.6399,1.6402,1.00,1.30
2008.06.18 21:26:37.998,1.6399,1.6402,1.40,1.30
2008.06.18 21:26:38.110,1.6399,1.6403,1.40,1.30
2008.06.18 21:27:19.384,1.64,1.6404,1.00,1.30
2008.06.18 21:27:44.325,1.64,1.6404,1.00,1.30
2008.06.18 21:27:56.054,1.6398,1.6406,1.00,1.90
2008.06.18 21:27:58.818,1.6397,1.6406,3.40,1.90
2008.06.18 21:27:58.926,1.6399,1.6403,1.00,1.30
2008.06.18 21:28:22.359,1.64,1.6404,1.00,1.30
2008.06.18 21:28:23.867,1.6399,1.6403,1.00,1.30
2008.06.18 21:28:50.721,1.6397,1.6405,3.10,1.90
2008.06.18 21:28:52.978,1.6398,1.6405,1.90,1.90
2008.06.18 21:28:55.748,1.6398,1.6405,2.40,1.90
2008.06.18 21:28:55.855,1.64,1.6404,1.00,1.30
2008.06.18 21:28:57.787,1.6399,1.6404,1.00,1.30
2008.06.18 21:28:57.933,1.6399,1.6403,1.00,1.30
2008.06.18 21:29:20.060,1.64,1.6404,1.00,1.30
2008.06.18 21:29:23.954,1.6399,1.6403,1.00,1.30
2008.06.18 21:29:26.977,1.64,1.6403,1.00,1.30
2008.06.18 21:29:27.145,1.64,1.6404,1.40,1.30
2008.06.18 21:29:36.866,1.64,1.6404,1.00,1.30
2008.06.18 21:29:43.248,1.64,1.6404,1.00,1.30
2008.06.18 21:29:50.787,1.6399,1.6403,1.40,1.30
2008.06.18 21:30:03.392,1.6399,1.6404,1.40,1.30
2008.06.18 21:30:09.387,1.6399,1.6405,1.00,1.90
2008.06.18 21:30:12.692,1.6399,1.6406,1.00,1.90
2008.06.18 21:30:18.497,1.6399,1.6406,1.00,6.20
2008.06.18 21:30:18.623,1.6399,1.6405,1.00,1.90
2008.06.18 21:30:19.044,1.6401,1.6405,1.00,1.90
2008.06.18 21:30:19.163,1.6401,1.6407,1.00,1.90
2008.06.18 21:30:22.861,1.64,1.6407,1.00,1.90
2008.06.18 21:30:22.992,1.6399,1.6407,2.80,3.20
2008.06.18 21:30:23.124,1.6399,1.6406,1.00,1.90
2008.06.18 21:30:49.522,1.6399,1.6406,1.00,2.40
2008.06.18 21:31:18.006,1.6399,1.6406,1.00,2.40
2008.06.18 21:31:25.067,1.6398,1.6405,1.00,1.00
2008.06.18 21:31:55.143,1.6398,1.6406,1.00,2.40
2008.06.18 21:32:05.629,1.6397,1.6406,3.70,2.40
2008.06.18 21:32:05.740,1.6398,1.6406,1.00,2.40
2008.06.18 21:32:44.625,1.6398,1.6406,1.00,3.10
2008.06.18 21:32:44.742,1.6398,1.6405,1.00,1.00
2008.06.18 21:32:44.954,1.6398,1.6405,1.00,2.40
2008.06.18 21:32:45.186,1.6398,1.6405,1.00,1.90
2008.06.18 21:32:45.436,1.6398,1.6406,1.00,2.40
2008.06.18 21:32:46.141,1.6398,1.6406,1.00,2.40
2008.06.18 21:32:52.231,1.6398,1.6405,1.00,1.00
2008.06.18 21:32:52.575,1.6398,1.6405,1.00,2.40
2008.06.18 21:32:52.774,1.6399,1.6405,1.00,2.40
2008.06.18 21:33:08.707,1.6398,1.6405,1.00,2.40
2008.06.18 21:33:15.946,1.6398,1.6405,1.00,2.40
2008.06.18 21:33:23.302,1.6398,1.6405,1.00,1.90
2008.06.18 21:33:23.459,1.6398,1.6405,2.80,1.90
2008.06.18 21:33:23.848,1.64,1.6405,1.00,1.90
2008.06.18 21:33:27.047,1.6399,1.6405,1.00,1.90
2008.06.18 21:33:27.194,1.6399,1.6405,1.00,2.40
2008.06.18 21:33:30.434,1.6399,1.6405,1.00,1.90
2008.06.18 21:33:31.005,1.64,1.6405,1.00,1.90
2008.06.18 21:33:33.425,1.6399,1.6405,1.00,1.90
2008.06.18 21:33:33.590,1.6399,1.6405,1.00,4.00
2008.06.18 21:33:33.698,1.6399,1.6404,1.00,1.90
2008.06.18 21:33:45.890,1.6399,1.6404,2.80,1.90
2008.06.18 21:33:57.147,1.6399,1.6404,1.00,1.90
2008.06.18 21:34:08.762,1.64,1.6404,1.00,1.90
2008.06.18 21:34:09.009,1.64,1.6405,1.00,1.90
2008.06.18 21:34:21.480,1.64,1.6406,1.00,1.90
2008.06.18 21:34:21.622,1.64,1.6407,1.00,2.40
2008.06.18 21:34:21.835,1.64,1.6406,1.00,1.00
2008.06.18 21:34:22.136,1.64,1.6407,1.00,2.40
2008.06.18 21:34:22.891,1.64,1.6407,1.00,1.90
2008.06.18 21:34:23.115,1.6401,1.6407,1.00,1.90
2008.06.18 21:34:24.361,1.6401,1.6407,1.00,2.40
2008.06.18 21:34:25.684,1.6401,1.6406,1.00,1.90
2008.06.18 21:34:30.878,1.6401,1.6407,1.00,1.90
2008.06.18 21:34:31.320,1.6401,1.6407,1.00,2.40
2008.06.18 21:34:31.863,1.6401,1.6407,1.00,1.90
2008.06.18 21:34:32.605,1.6402,1.6407,1.00,1.90
2008.06.18 21:34:37.239,1.6402,1.6408,1.00,1.90
2008.06.18 21:34:37.349,1.6403,1.6408,1.00,1.90
2008.06.18 21:34:37.470,1.6403,1.6409,1.00,1.90
2008.06.18 21:34:38.004,1.6403,1.6409,1.90,1.90
2008.06.18 21:34:38.239,1.6403,1.641,1.90,2.40
2008.06.18 21:34:41.347,1.6403,1.641,1.00,1.90
2008.06.18 21:34:41.805,1.6403,1.6409,1.00,1.90
2008.06.18 21:34:43.133,1.6403,1.6409,1.90,1.90
2008.06.18 21:34:44.007,1.6403,1.6409,1.00,1.90
2008.06.18 21:34:46.904,1.6403,1.6409,1.90,1.90
2008.06.18 21:34:47.427,1.6403,1.6409,1.00,1.90
2008.06.18 21:34:49.313,1.6403,1.6409,1.90,1.90
2008.06.18 21:34:50.396,1.6403,1.6409,1.00,1.90
2008.06.18 21:34:55.723,1.6403,1.6409,1.00,1.90
2008.06.18 21:34:55.992,1.6403,1.6409,1.00,2.40
2008.06.18 21:34:56.213,1.6403,1.6408,1.00,1.90
2008.06.18 21:34:56.459,1.6401,1.6408,3.30,1.90
2008.06.18 21:34:56.929,1.6403,1.6408,1.00,1.90
2008.06.18 21:34:57.089,1.6403,1.6409,1.00,1.90
2008.06.18 21:34:58.915,1.6403,1.6409,1.00,2.40
2008.06.18 21:34:59.128,1.6403,1.6409,2.80,1.00
2008.06.18 21:34:59.406,1.6405,1.6409,1.00,1.90
2008.06.18 21:34:59.657,1.6403,1.6409,2.80,1.90
2008.06.18 21:34:59.783,1.6403,1.641,2.80,1.90
2008.06.18 21:35:00.041,1.6403,1.641,3.60,1.90
2008.06.18 21:35:00.124,1.6403,1.6411,5.20,1.90
2008.06.18 21:35:00.194,1.6405,1.6411,1.00,1.90
2008.06.18 21:35:07.086,1.6407,1.6411,1.00,1.90
2008.06.18 21:35:07.447,1.6407,1.6413,1.00,1.90
2008.06.18 21:35:09.526,1.6406,1.6413,1.90,1.90
2008.06.18 21:35:09.546,1.6406,1.64125,1.90,1.00
2008.06.18 21:35:09.652,1.6405,1.6411,1.00,1.90
2008.06.18 21:35:10.208,1.6405,1.6412,2.80,1.90
2008.06.18 21:35:11.482,1.6405,1.6412,2.80,2.40
2008.06.18 21:35:11.699,1.6405,1.6411,1.00,1.90
2008.06.18 21:35:12.681,1.6405,1.641,1.00,2.40
2008.06.18 21:35:12.740,1.6403,1.641,3.30,2.40
2008.06.18 21:35:12.929,1.6403,1.641,4.20,1.90
2008.06.18 21:35:13.306,1.6404,1.641,1.90,1.90
2008.06.18 21:35:13.404,1.6403,1.641,2.80,1.90
2008.06.18 21:35:34.508,1.6403,1.6409,1.00,1.90
2008.06.18 21:35:45.126,1.6405,1.6409,1.00,1.90
2008.06.18 21:35:45.175,1.6405,1.6411,1.00,4.00
2008.06.18 21:35:45.909,1.6405,1.6411,1.00,2.40
2008.06.18 21:35:50.428,1.6405,1.6411,1.00,1.90
2008.06.18 21:36:13.222,1.6405,1.6411,1.00,2.40
2008.06.18 21:36:16.423,1.6405,1.6411,1.00,1.90
2008.06.18 21:36:31.796,1.6406,1.6411,1.00,1.90
2008.06.18 21:36:31.854,1.6406,1.6411,2.80,1.90
2008.06.18 21:36:31.943,1.6406,1.6412,2.80,1.90
2008.06.18 21:36:32.141,1.6406,1.6413,3.90,2.70
2008.06.18 21:36:35.534,1.6407,1.6413,1.00,2.50
2008.06.18 21:36:35.739,1.6407,1.6413,1.00,1.90
2008.06.18 21:36:53.653,1.6407,1.6413,1.00,1.90
2008.06.18 21:37:02.656,1.6407,1.6413,1.00,2.40
2008.06.18 21:37:03.745,1.6407,1.6411,1.00,1.00
2008.06.18 21:37:03.886,1.6405,1.6411,3.70,1.00
2008.06.18 21:37:04.286,1.6405,1.6411,2.80,1.00
2008.06.18 21:37:04.423,1.6405,1.6411,1.00,1.00
2008.06.18 21:37:08.201,1.6405,1.6412,1.00,1.90
2008.06.18 21:37:08.419,1.6405,1.6412,2.80,1.90
2008.06.18 21:37:10.813,1.6405,1.6411,2.80,1.00
2008.06.18 21:37:10.927,1.6405,1.6411,1.00,1.00
2008.06.18 21:37:11.153,1.6405,1.6412,1.00,1.90
2008.06.18 21:37:11.361,1.6405,1.6414,1.00,3.80
2008.06.18 21:37:11.454,1.6405,1.6414,1.00,3.00
2008.06.18 21:37:13.086,1.6405,1.6415,1.00,6.90
2008.06.18 21:37:13.767,1.6405,1.6414,1.00,1.00
2008.06.18 21:37:14.182,1.6405,1.6414,1.90,6.70
2008.06.18 21:37:14.391,1.6405,1.6414,1.90,3.30
2008.06.18 21:37:14.502,1.6405,1.6414,2.70,4.40
2008.06.18 21:37:14.620,1.6407,1.6414,1.00,3.90
2008.06.18 21:37:15.138,1.6407,1.6414,1.00,1.00
2008.06.18 21:37:17.161,1.6407,1.6413,1.00,1.00
2008.06.18 21:37:28.196,1.6407,1.6414,1.00,6.90
2008.06.18 21:37:28.407,1.6407,1.6413,1.00,1.90
2008.06.18 21:37:44.105,1.6407,1.6414,2.80,1.90
2008.06.18 21:37:44.248,1.6407,1.6414,2.80,2.40
2008.06.18 21:37:44.416,1.6407,1.6414,2.80,3.20
2008.06.18 21:37:44.557,1.6407,1.6414,1.00,3.20
2008.06.18 21:37:44.695,1.6408,1.6414,1.00,3.20
2008.06.18 21:37:51.085,1.6408,1.6414,1.00,2.40
2008.06.18 21:37:57.281,1.6408,1.6414,1.00,8.40
2008.06.18 21:37:57.411,1.6408,1.6412,1.00,1.90
2008.06.18 21:37:58.181,1.6408,1.6414,1.00,4.20
2008.06.18 21:37:58.718,1.6408,1.6414,1.00,2.40
2008.06.18 21:37:59.699,1.6408,1.6414,1.00,6.70
2008.06.18 21:37:59.822,1.6408,1.6414,1.00,7.60
2008.06.18 21:38:00.064,1.6408,1.6412,1.00,1.90
2008.06.18 21:38:00.468,1.6408,1.6414,1.00,6.40
2008.06.18 21:38:01.939,1.6408,1.6414,1.00,2.40
2008.06.18 21:38:47.546,1.6406,1.6414,2.80,2.40
2008.06.18 21:38:50.368,1.6406,1.6414,2.80,7.30
2008.06.18 21:38:50.524,1.6406,1.6414,1.90,7.20
2008.06.18 21:38:50.769,1.6405,1.6412,3.30,1.90
2008.06.18 21:38:51.139,1.6406,1.6414,1.90,7.90
2008.06.18 21:38:51.815,1.6406,1.6414,1.90,2.40
2008.06.18 21:38:52.584,1.6406,1.6414,2.80,2.40
2008.06.18 21:39:04.429,1.6406,1.6414,1.90,2.40
2008.06.18 21:39:04.649,1.6406,1.6414,2.80,2.40
2008.06.18 21:39:07.344,1.6406,1.6414,2.80,1.90
2008.06.18 21:39:07.454,1.6407,1.6414,1.00,1.90
2008.06.18 21:39:07.562,1.6407,1.6414,2.80,1.90
2008.06.18 21:39:19.209,1.6407,1.6414,2.80,2.00
2008.06.18 21:39:23.425,1.6407,1.6414,1.90,2.40
2008.06.18 21:39:23.741,1.6406,1.6414,2.80,2.40
2008.06.18 21:39:27.855,1.6406,1.6414,2.80,1.90
2008.06.18 21:39:28.039,1.6407,1.6414,1.00,3.40
2008.06.18 21:39:28.187,1.6407,1.6414,2.80,3.00
2008.06.18 21:39:32.882,1.6407,1.6414,2.80,4.30
2008.06.18 21:39:32.988,1.6407,1.6414,1.90,3.90
2008.06.18 21:39:33.202,1.6406,1.6413,2.80,1.90
2008.06.18 21:39:33.240,1.6406,1.6413,2.00,1.90
2008.06.18 21:39:33.302,1.6406,1.6413,4.60,1.90
2008.06.18 21:39:40.781,1.6406,1.6413,5.40,3.20
2008.06.18 21:39:44.536,1.6408,1.6413,1.00,1.90
2008.06.18 21:39:44.795,1.6408,1.6414,1.00,3.10
2008.06.18 21:39:48.536,1.6408,1.6414,1.00,1.90
2008.06.18 21:39:48.647,1.6408,1.6415,1.00,3.10
2008.06.18 21:39:48.819,1.6408,1.6415,1.00,2.20
2008.06.18 21:40:07.050,1.6408,1.6415,1.00,2.20
2008.06.18 21:40:07.192,1.6408,1.6415,2.80,3.70
2008.06.18 21:40:07.327,1.6408,1.6415,1.00,2.10
2008.06.18 21:40:15.448,1.6408,1.6414,1.00,1.90
2008.06.18 21:40:15.665,1.6408,1.6414,1.00,3.00
2008.06.18 21:40:20.025,1.6408,1.6413,1.00,1.90
2008.06.18 21:40:20.306,1.6408,1.6413,1.00,3.00
2008.06.18 21:40:20.476,1.6407,1.6413,1.00,2.00
2008.06.18 21:40:23.229,1.6407,1.6413,1.00,3.80
2008.06.18 21:40:24.614,1.6407,1.6413,1.00,3.20
2008.06.18 21:40:25.032,1.6407,1.6413,1.00,2.40
2008.06.18 21:40:26.433,1.6407,1.6413,1.00,2.50
2008.06.18 21:40:26.765,1.6407,1.6413,1.00,3.40
2008.06.18 21:40:28.737,1.6407,1.6412,1.00,1.00
2008.06.18 21:40:28.880,1.6406,1.6412,1.00,1.00
2008.06.18 21:40:29.117,1.6406,1.6411,1.00,1.90
2008.06.18 21:40:29.458,1.6406,1.6411,1.00,1.90
2008.06.18 21:40:29.468,1.6406,1.6411,1.00,2.50
2008.06.18 21:40:31.710,1.6406,1.6412,1.00,3.20
2008.06.18 21:40:32.051,1.6406,1.6412,1.00,2.40
2008.06.18 21:40:32.133,1.6406,1.6412,1.00,1.00
2008.06.18 21:40:32.592,1.6406,1.6411,1.00,1.90
2008.06.18 21:40:34.244,1.6406,1.6412,1.00,3.00
2008.06.18 21:40:34.542,1.6406,1.6412,1.00,2.40
2008.06.18 21:40:34.648,1.6406,1.6412,1.00,1.00
2008.06.18 21:40:52.559,1.6406,1.6412,1.00,2.40
2008.06.18 21:40:52.947,1.6406,1.6411,1.00,1.90
2008.06.18 21:40:53.106,1.6405,1.6411,1.90,1.90
2008.06.18 21:40:59.020,1.6405,1.6411,1.00,2.60
2008.06.18 21:40:59.329,1.6405,1.641,1.00,1.90
2008.06.18 21:40:59.714,1.6404,1.641,1.90,1.90
2008.06.18 21:41:04.486,1.6404,1.641,3.00,1.90
2008.06.18 21:41:04.958,1.6404,1.6411,2.50,2.10
2008.06.18 21:41:05.823,1.6404,1.6411,3.00,2.10
2008.06.18 21:41:08.812,1.6404,1.641,2.60,1.90
2008.06.18 21:41:18.901,1.6404,1.6411,3.40,1.90
2008.06.18 21:41:19.144,1.6405,1.6411,1.00,1.90
2008.06.18 21:41:20.869,1.6405,1.6411,1.90,1.90
2008.06.18 21:41:22.285,1.6405,1.6411,2.40,1.90
2008.06.18 21:41:22.387,1.6405,1.6412,3.00,3.20
2008.06.18 21:41:22.597,1.6405,1.6412,3.40,1.90
2008.06.18 21:41:22.758,1.6406,1.6412,1.00,1.90
2008.06.18 21:41:22.966,1.6406,1.6413,1.00,3.60
2008.06.18 21:41:23.086,1.6407,1.6413,1.00,4.00
2008.06.18 21:41:27.358,1.6407,1.6413,1.00,3.70
2008.06.18 21:41:35.788,1.6407,1.6412,1.00,1.90
2008.06.18 21:41:36.016,1.6407,1.6412,1.00,3.40
2008.06.18 21:41:38.465,1.6406,1.6412,1.00,2.20
2008.06.18 21:41:43.308,1.6406,1.6412,1.00,1.90
2008.06.18 21:41:51.290,1.6406,1.6412,1.00,2.40
2008.06.18 21:41:55.623,1.6406,1.6412,1.00,1.90
2008.06.18 21:41:55.856,1.6406,1.6414,1.90,3.40
2008.06.18 21:41:57.578,1.6406,1.6414,1.90,1.00
2008.06.18 21:41:58.112,1.6406,1.6414,2.40,1.00
2008.06.18 21:41:58.779,1.6407,1.6414,1.00,1.00
2008.06.18 21:42:02.341,1.6407,1.6413,1.00,1.00
2008.06.18 21:42:05.867,1.6406,1.6413,2.80,1.00
2008.06.18 21:42:05.977,1.6407,1.6413,1.00,1.00
2008.06.18 21:42:09.510,1.6406,1.6413,1.80,1.00
2008.06.18 21:42:09.739,1.6406,1.6413,1.90,2.40
2008.06.18 21:42:13.545,1.6407,1.6413,1.00,2.40
2008.06.18 21:42:13.652,1.6407,1.6413,1.00,1.00
2008.06.18 21:42:17.386,1.6407,1.6413,1.00,1.00
2008.06.18 21:42:36.997,1.6406,1.6413,2.80,1.00
2008.06.18 21:43:03.335,1.6406,1.6413,1.90,1.00
2008.06.18 21:43:16.167,1.6407,1.6413,1.00,1.00
2008.06.18 21:43:33.689,1.6407,1.6414,1.00,2.40
2008.06.18 21:43:47.239,1.6407,1.6414,1.90,2.40
2008.06.18 21:43:47.602,1.6407,1.6414,1.90,1.00
2008.06.18 21:43:48.536,1.6408,1.6415,1.00,2.40
2008.06.18 21:43:55.254,1.6408,1.6415,1.00,2.40
2008.06.18 21:43:55.466,1.6408,1.6415,1.00,1.90
2008.06.18 21:43:55.594,1.6408,1.6415,2.80,1.90
2008.06.18 21:43:56.023,1.6409,1.6415,1.00,1.90
2008.06.18 21:43:57.371,1.6409,1.6415,1.00,2.40
2008.06.18 21:43:58.661,1.6409,1.6415,1.00,1.90
2008.06.18 21:44:23.097,1.6409,1.6415,1.90,1.90
2008.06.18 21:44:23.289,1.6409,1.6416,1.90,1.90
2008.06.18 21:44:25.454,1.641,1.6416,1.00,1.90
2008.06.18 21:44:25.827,1.641,1.6417,2.80,1.90
2008.06.18 21:44:25.999,1.6411,1.6417,1.00,1.90
2008.06.18 21:44:32.081,1.6411,1.6417,1.00,7.90
2008.06.18 21:44:32.184,1.6411,1.6415,1.00,1.90
2008.06.18 21:44:32.490,1.6409,1.6415,1.90,1.90
2008.06.18 21:44:33.697,1.6409,1.6416,3.10,1.90
2008.06.18 21:44:34.626,1.6409,1.6416,2.80,2.40
2008.06.18 21:44:34.895,1.6409,1.6416,1.00,2.40
2008.06.18 21:44:37.380,1.6409,1.6416,1.00,1.90
2008.06.18 21:44:37.495,1.6409,1.6416,1.90,1.90
2008.06.18 21:44:37.821,1.6409,1.6416,3.10,1.90
2008.06.18 21:44:42.033,1.641,1.6416,1.00,1.90
2008.06.18 21:44:42.676,1.641,1.6416,1.90,1.90
2008.06.18 21:44:45.164,1.641,1.6416,1.00,1.90
2008.06.18 21:45:13.603,1.641,1.6416,1.90,1.90
2008.06.18 21:45:16.229,1.641,1.6416,1.00,1.90
2008.06.18 21:45:16.449,1.641,1.6416,1.90,1.90
2008.06.18 21:45:18.308,1.641,1.6416,1.00,2.40
2008.06.18 21:45:22.311,1.641,1.6416,1.00,2.60
2008.06.18 21:45:24.624,1.641,1.6415,1.00,1.00
2008.06.18 21:45:31.169,1.641,1.6416,1.00,2.60
2008.06.18 21:45:39.068,1.641,1.6416,1.00,2.60
2008.06.18 21:45:40.183,1.641,1.6415,1.00,1.00
2008.06.18 21:45:43.613,1.6408,1.6415,3.40,1.00
2008.06.18 21:45:51.647,1.6408,1.6414,3.40,1.00
2008.06.18 21:45:51.766,1.6408,1.6414,1.90,1.00
2008.06.18 21:45:52.087,1.6408,1.6414,2.80,1.00
2008.06.18 21:45:53.694,1.6408,1.6414,2.70,1.00
2008.06.18 21:45:53.806,1.6408,1.6414,2.80,1.00
2008.06.18 21:46:18.225,1.6408,1.6415,2.80,1.90
2008.06.18 21:46:18.447,1.6408,1.6414,2.80,1.00
2008.06.18 21:46:19.760,1.6408,1.6414,3.30,1.00
2008.06.18 21:46:34.039,1.6408,1.6414,2.80,1.00
2008.06.18 21:46:35.236,1.6408,1.6414,1.90,1.00
2008.06.18 21:46:35.336,1.6407,1.6414,2.80,2.40
2008.06.18 21:46:39.374,1.6408,1.6414,1.90,1.00
2008.06.18 21:46:39.847,1.6408,1.6414,2.80,1.00
2008.06.18 21:46:57.650,1.6408,1.6414,1.90,1.00
2008.06.18 21:46:57.880,1.6407,1.6414,2.80,2.40
2008.06.18 21:47:03.137,1.6408,1.6414,1.90,1.00
2008.06.18 21:47:03.240,1.6408,1.6414,2.80,1.00
2008.06.18 21:47:07.345,1.6408,1.6415,2.80,2.40
2008.06.18 21:47:07.863,1.6409,1.6415,1.00,2.40
2008.06.18 21:47:08.098,1.6409,1.6415,2.80,1.00
2008.06.18 21:47:09.602,1.6409,1.6416,2.80,2.40
2008.06.18 21:47:15.803,1.6409,1.6416,2.80,2.40
2008.06.18 21:47:18.512,1.6409,1.6416,2.80,1.90
2008.06.18 21:47:18.868,1.6409,1.6415,2.80,1.00
2008.06.18 21:47:19.526,1.6409,1.6415,1.90,1.00
2008.06.18 21:47:19.604,1.6408,1.6415,2.80,2.40
2008.06.18 21:47:23.240,1.6408,1.6415,2.80,1.90
2008.06.18 21:47:23.708,1.641,1.6416,1.00,2.40
2008.06.18 21:47:24.056,1.641,1.6416,2.80,1.00
2008.06.18 21:47:29.594,1.641,1.6416,1.00,2.40
2008.06.18 21:47:29.884,1.6409,1.6415,1.00,1.00
2008.06.18 21:47:30.172,1.64085,1.6415,1.00,1.00
2008.06.18 21:47:33.504,1.6408,1.6415,3.30,1.00
2008.06.18 21:47:53.547,1.6408,1.6415,2.80,1.00
2008.06.18 21:48:03.768,1.6408,1.6415,2.80,1.00
2008.06.18 21:48:03.880,1.641,1.6416,1.90,1.00
2008.06.18 21:48:04.334,1.641,1.6416,2.80,1.00
2008.06.18 21:48:18.787,1.641,1.6417,2.80,1.90
2008.06.18 21:48:19.768,1.641,1.6416,2.80,1.00
2008.06.18 21:48:46.994,1.641,1.6416,1.00,2.60
2008.06.18 21:48:47.434,1.641,1.6416,2.80,1.00
2008.06.18 21:48:54.432,1.641,1.6416,1.00,2.60
2008.06.18 21:48:54.970,1.641,1.6416,2.80,1.00
2008.06.18 21:48:59.842,1.641,1.6416,1.00,2.60
2008.06.18 21:49:00.811,1.641,1.6416,2.80,1.00
2008.06.18 21:49:08.978,1.641,1.6416,1.90,1.00
2008.06.18 21:49:11.255,1.641,1.6416,1.90,1.00
2008.06.18 21:49:19.722,1.641,1.6417,1.90,1.90
2008.06.18 21:49:19.831,1.641,1.6416,1.90,1.00
2008.06.18 21:49:34.623,1.641,1.6415,1.90,1.00
2008.06.18 21:49:34.781,1.6408,1.6415,2.40,1.00
2008.06.18 21:49:34.946,1.6408,1.6415,2.50,1.00
2008.06.18 21:49:38.177,1.6408,1.6415,3.30,1.00
2008.06.18 21:49:38.839,1.6408,1.6416,2.00,1.90
2008.06.18 21:49:44.051,1.6411,1.6416,1.00,1.90
2008.06.18 21:49:44.296,1.6411,1.6417,1.00,1.90
2008.06.18 21:50:05.419,1.6411,1.6416,1.00,1.90
2008.06.18 21:50:05.682,1.641,1.6416,1.00,1.90
2008.06.18 21:50:09.748,1.641,1.6416,1.00,2.00
2008.06.18 21:50:09.875,1.641,1.6415,1.00,1.90
2008.06.18 21:50:10.189,1.6409,1.6415,1.00,1.90
2008.06.18 21:50:22.283,1.6409,1.6415,2.80,1.90
2008.06.18 21:50:22.388,1.6409,1.6416,3.00,2.80
2008.06.18 21:50:26.832,1.6409,1.6416,4.30,2.20
2008.06.18 21:50:26.852,1.6409,1.6416,4.20,1.90
2008.06.18 21:50:26.921,1.641,1.6416,1.00,1.90
2008.06.18 21:50:27.153,1.641,1.6417,2.80,2.70
2008.06.18 21:50:27.400,1.641,1.6416,1.00,1.90
2008.06.18 21:50:28.411,1.641,1.6417,2.80,1.90
2008.06.18 21:50:32.559,1.641,1.6417,2.80,2.70
2008.06.18 21:50:32.697,1.641,1.6416,1.00,1.90
2008.06.18 21:50:35.138,1.641,1.6417,2.80,1.90
2008.06.18 21:50:35.367,1.641,1.6416,1.00,1.90
2008.06.18 21:50:50.414,1.6409,1.6416,2.80,1.90
2008.06.18 21:50:50.597,1.6409,1.6416,2.80,3.80
2008.06.18 21:50:50.783,1.6409,1.6416,1.90,6.00
2008.06.18 21:50:50.965,1.64065,1.6415,1.00,1.90
2008.06.18 21:50:52.244,1.6407,1.6415,1.00,1.90
2008.06.18 21:50:52.367,1.64075,1.6417,1.00,4.90
2008.06.18 21:50:52.931,1.6408,1.6417,1.00,4.90
2008.06.18 21:50:53.062,1.6408,1.6417,1.40,5.60
2008.06.18 21:50:53.832,1.6408,1.6417,1.00,6.70
2008.06.18 21:50:54.453,1.6408,1.6416,1.00,1.90
2008.06.18 21:50:56.658,1.6408,1.6416,1.40,1.90
2008.06.18 21:50:57.232,1.6409,1.6416,1.00,1.90
2008.06.18 21:51:06.869,1.641,1.6416,1.00,1.90
2008.06.18 21:51:11.188,1.641,1.6416,1.00,1.90
2008.06.18 21:51:13.851,1.6411,1.6416,1.00,1.90
2008.06.18 21:51:23.542,1.641,1.6416,1.00,1.90
2008.06.18 21:51:30.011,1.6411,1.6416,1.00,1.90
2008.06.18 21:51:30.192,1.6411,1.6417,1.00,1.90
2008.06.18 21:51:38.041,1.6411,1.6417,1.00,3.00
2008.06.18 21:51:38.406,1.6411,1.6416,1.00,1.90
2008.06.18 21:51:38.602,1.641,1.6416,1.00,1.90
2008.06.18 21:51:42.269,1.641,1.6415,1.00,1.90
2008.06.18 21:51:44.677,1.6408,1.6415,3.60,1.90
2008.06.18 21:51:44.696,1.6408,1.6415,1.00,1.90
2008.06.18 21:51:53.754,1.6409,1.6415,1.00,1.90
2008.06.18 21:52:23.612,1.6408,1.6415,1.00,1.90
2008.06.18 21:52:25.542,1.6408,1.6416,1.00,5.20
2008.06.18 21:52:26.277,1.6408,1.6416,1.00,1.00
2008.06.18 21:52:30.418,1.6408,1.6416,1.00,3.60
2008.06.18 21:52:30.651,1.6408,1.6415,1.00,1.90
2008.06.18 21:52:33.539,1.641,1.6415,1.00,1.90
2008.06.18 21:52:33.599,1.641,1.6417,1.00,2.60
2008.06.18 21:52:35.274,1.641,1.6417,1.00,6.60
2008.06.18 21:52:42.486,1.641,1.6417,1.00,3.70
2008.06.18 21:52:42.537,1.641,1.6417,1.00,1.90
2008.06.18 21:52:42.645,1.641,1.6417,2.80,1.90
2008.06.18 21:52:51.467,1.6411,1.6418,1.90,2.20
2008.06.18 21:52:51.556,1.6411,1.6417,1.90,1.90
2008.06.18 21:52:52.142,1.6412,1.6417,1.00,1.90
2008.06.18 21:52:55.355,1.6411,1.6417,2.80,1.90
2008.06.18 21:52:55.860,1.641,1.6417,2.80,2.50
2008.06.18 21:53:01.269,1.6411,1.6417,1.00,2.60
2008.06.18 21:53:11.128,1.6411,1.6417,1.00,2.60
2008.06.18 21:53:39.485,1.6411,1.6417,1.00,1.90
2008.06.18 21:53:44.427,1.6413,1.6417,1.00,1.90
2008.06.18 21:53:44.761,1.6413,1.6418,1.00,1.90
2008.06.18 21:54:29.354,1.6412,1.6418,1.00,1.90
2008.06.18 21:54:32.420,1.6412,1.6417,1.00,1.90
2008.06.18 21:54:49.465,1.6411,1.6417,1.00,1.90
2008.06.18 21:54:49.761,1.6411,1.6417,1.00,2.40
2008.06.18 21:54:49.901,1.641,1.6417,1.00,2.40
2008.06.18 21:54:50.041,1.641,1.6417,1.00,1.90
2008.06.18 21:55:01.023,1.641,1.6417,1.00,1.90
2008.06.18 21:55:11.102,1.641,1.6417,1.00,2.40
2008.06.18 21:55:11.184,1.6411,1.6417,1.00,2.40
2008.06.18 21:55:11.252,1.6411,1.6417,1.00,1.90
2008.06.18 21:56:14.726,1.641,1.6417,1.90,1.90
2008.06.18 21:56:17.166,1.6409,1.6417,1.90,1.90
2008.06.18 21:56:17.261,1.6409,1.6417,3.00,2.40
2008.06.18 21:56:17.707,1.6409,1.6417,2.70,1.90
2008.06.18 21:56:37.857,1.6409,1.6417,2.70,1.90
2008.06.18 21:56:48.796,1.6409,1.6417,2.40,5.60
2008.06.18 21:56:48.907,1.6409,1.6417,1.90,5.70
2008.06.18 21:56:49.138,1.6408,1.6415,3.20,1.90
2008.06.18 21:56:49.392,1.6409,1.6415,2.10,1.90
2008.06.18 21:56:49.459,1.641,1.6416,1.90,1.90
2008.06.18 21:56:49.579,1.641,1.6417,2.10,1.90
2008.06.18 21:57:11.837,1.641,1.6417,1.90,1.90
2008.06.18 21:57:11.972,1.6409,1.6417,3.10,1.90
2008.06.18 21:57:16.101,1.641,1.6417,1.90,1.90
2008.06.18 21:57:16.222,1.641,1.6417,2.20,1.90
2008.06.18 21:57:24.765,1.6412,1.6417,1.00,1.90
2008.06.18 21:57:25.305,1.6412,1.6418,1.00,1.90
2008.06.18 21:58:14.204,1.641,1.6417,3.20,1.90
2008.06.18 21:58:16.499,1.641,1.6417,1.90,1.90
2008.06.18 21:58:16.544,1.6411,1.6417,1.00,1.90
2008.06.18 21:59:17.992,1.641,1.6417,3.70,1.90
