2009.02.06 11:00:00.868,1.94485,1.9457,3.20,1.00
2009.02.06 11:00:01.628,1.94475,1.9457,2.00,1.00
2009.02.06 11:00:02.668,1.9444,1.9455,2.40,1.00
2009.02.06 11:00:03.868,1.94415,1.94515,8.60,1.00
2009.02.06 11:00:05.027,1.94425,1.94505,5.60,1.00
2009.02.06 11:00:05.777,1.9445,1.9454,2.40,1.20
2009.02.06 11:00:08.177,1.94475,1.94595,2.40,1.00
2009.02.06 11:00:08.986,1.9449,1.9459,2.40,1.20
2009.02.06 11:00:09.326,1.94495,1.946,2.40,1.00
2009.02.06 11:00:10.106,1.94485,1.94585,4.40,1.00
2009.02.06 11:00:10.726,1.9445,1.9457,2.40,1.00
2009.02.06 11:00:11.296,1.9446,1.9458,2.40,1.00
2009.02.06 11:00:11.636,1.9445,1.9457,2.40,1.00
2009.02.06 11:00:12.086,1.9447,1.9457,2.40,1.20
2009.02.06 11:00:13.185,1.9446,1.9456,2.40,1.00
2009.02.06 11:00:15.125,1.94465,1.9457,2.40,1.00
2009.02.06 11:00:15.635,1.94475,1.9458,2.40,1.00
2009.02.06 11:00:16.055,1.94475,1.94575,2.40,1.20
2009.02.06 11:00:16.335,1.94485,1.94585,2.40,1.00
2009.02.06 11:00:17.624,1.9449,1.9459,2.40,1.20
2009.02.06 11:00:17.914,1.9449,1.94595,2.40,1.20
2009.02.06 11:00:18.374,1.94505,1.94605,2.40,1.20
2009.02.06 11:00:19.004,1.94515,1.94615,2.40,3.20
2009.02.06 11:00:19.524,1.94505,1.94605,2.40,1.00
2009.02.06 11:00:20.174,1.94495,1.946,2.40,1.00
2009.02.06 11:00:20.344,1.945,1.9458,2.40,1.00
2009.02.06 11:00:21.313,1.9451,1.9459,2.40,1.00
2009.02.06 11:00:21.823,1.945,1.9458,4.00,1.00
2009.02.06 11:00:22.463,1.9448,1.9456,2.40,1.00
2009.02.06 11:00:23.313,1.94495,1.94575,2.40,1.00
2009.02.06 11:00:24.173,1.945,1.9458,2.40,1.00
2009.02.06 11:00:24.852,1.94495,1.94575,2.40,1.00
2009.02.06 11:00:26.532,1.9448,1.9456,2.40,1.00
2009.02.06 11:00:27.352,1.9447,1.9455,2.40,1.00
2009.02.06 11:00:28.083,1.94465,1.94545,2.40,1.00
2009.02.06 11:00:29.002,1.9447,1.9455,2.40,1.00
2009.02.06 11:00:29.581,1.9448,1.9456,2.40,1.00
2009.02.06 11:00:30.221,1.9448,1.9457,2.40,1.00
2009.02.06 11:00:31.701,1.9448,1.9456,2.40,1.00
2009.02.06 11:00:32.331,1.94485,1.94565,2.40,1.00
2009.02.06 11:00:37.909,1.94495,1.9457,2.40,1.00
2009.02.06 11:00:39.709,1.9448,1.9456,2.40,1.00
2009.02.06 11:00:44.128,1.9447,1.9455,2.40,1.00
2009.02.06 11:00:44.648,1.9446,1.94535,4.00,1.00
2009.02.06 11:00:46.138,1.94465,1.94545,2.40,1.00
2009.02.06 11:00:46.557,1.9448,1.9456,1.60,1.00
2009.02.06 11:00:47.537,1.9448,1.94545,1.60,1.00
2009.02.06 11:00:48.107,1.94455,1.94545,2.40,1.00
2009.02.06 11:00:48.457,1.9447,1.9456,2.40,1.00
2009.02.06 11:00:48.907,1.9448,1.9456,1.60,1.00
2009.02.06 11:00:50.346,1.9448,1.9455,4.80,1.00
2009.02.06 11:00:50.636,1.9446,1.9455,1.60,1.20
2009.02.06 11:00:58.994,1.9446,1.9455,1.60,1.20
2009.02.06 11:00:59.404,1.94475,1.9456,1.60,1.20
2009.02.06 11:01:00.084,1.94475,1.94565,1.60,1.20
2009.02.06 11:01:00.934,1.94475,1.9456,1.60,1.00
2009.02.06 11:01:01.344,1.94475,1.94545,1.60,1.20
2009.02.06 11:01:01.624,1.94475,1.9458,1.60,1.00
2009.02.06 11:01:02.644,1.94475,1.94555,1.60,1.00
2009.02.06 11:01:02.993,1.9446,1.94555,1.60,1.00
2009.02.06 11:01:07.022,1.9446,1.94555,1.60,1.00
2009.02.06 11:01:07.882,1.94425,1.9454,9.60,1.00
2009.02.06 11:01:08.872,1.9442,1.9454,4.00,1.00
2009.02.06 11:01:09.352,1.94445,1.9455,2.40,1.60
2009.02.06 11:01:10.291,1.9443,1.9454,2.40,1.00
2009.02.06 11:01:10.821,1.94405,1.94525,4.00,1.00
2009.02.06 11:01:11.631,1.94415,1.94535,2.40,1.00
2009.02.06 11:01:12.281,1.9444,1.9454,2.40,1.20
2009.02.06 11:01:12.691,1.9444,1.9454,2.40,1.00
2009.02.06 11:01:13.950,1.9443,1.9452,1.60,1.00
2009.02.06 11:01:14.421,1.94415,1.9452,3.20,1.00
2009.02.06 11:01:14.752,1.9443,1.9455,2.40,8.00
2009.02.06 11:01:14.810,1.9443,1.9455,2.40,1.00
2009.02.06 11:01:15.241,1.9442,1.9455,1.60,1.00
2009.02.06 11:01:15.600,1.9442,1.94535,1.60,1.00
2009.02.06 11:01:16.280,1.94425,1.94535,2.40,1.20
2009.02.06 11:01:16.750,1.94425,1.9453,2.40,1.20
2009.02.06 11:01:17.190,1.94415,1.94515,7.20,1.00
2009.02.06 11:01:17.420,1.94415,1.94515,9.20,1.00
2009.02.06 11:01:19.229,1.94415,1.94515,7.20,1.00
2009.02.06 11:01:19.979,1.94415,1.94515,4.00,1.00
2009.02.06 11:01:22.579,1.9443,1.9452,2.40,1.00
2009.02.06 11:01:26.487,1.9445,1.9453,2.40,1.00
2009.02.06 11:01:32.486,1.9444,1.9452,2.40,1.00
2009.02.06 11:01:40.794,1.9442,1.94505,2.40,1.00
2009.02.06 11:01:41.364,1.94435,1.9452,2.40,1.00
2009.02.06 11:01:53.571,1.944,1.9451,2.40,1.00
2009.02.06 11:02:00.239,1.94415,1.94515,2.40,1.00
2009.02.06 11:02:00.299,1.9441,1.9451,2.40,1.00
2009.02.06 11:02:02.349,1.94415,1.94515,2.40,1.00
2009.02.06 11:02:05.588,1.94405,1.945,2.00,1.00
2009.02.06 11:02:06.058,1.944,1.945,2.40,1.00
2009.02.06 11:02:06.398,1.94415,1.94515,2.40,1.00
2009.02.06 11:02:10.497,1.94425,1.94525,2.40,1.00
2009.02.06 11:02:13.636,1.94425,1.94525,2.40,1.20
2009.02.06 11:02:14.176,1.94425,1.94525,2.40,1.00
2009.02.06 11:02:14.396,1.9443,1.9453,2.40,1.00
2009.02.06 11:02:16.466,1.9444,1.9454,2.40,1.20
2009.02.06 11:02:17.395,1.94445,1.9455,2.40,2.60
2009.02.06 11:02:18.025,1.94445,1.9455,2.40,1.00
2009.02.06 11:02:19.085,1.9444,1.9454,2.40,1.00
2009.02.06 11:02:19.425,1.9443,1.9453,2.40,1.00
2009.02.06 11:02:20.925,1.9444,1.9454,2.40,1.00
2009.02.06 11:02:21.384,1.94445,1.9455,2.40,2.60
2009.02.06 11:02:21.844,1.94445,1.9455,2.40,1.00
2009.02.06 11:02:33.462,1.94455,1.94555,2.40,1.20
2009.02.06 11:02:33.631,1.94455,1.94555,2.40,1.00
2009.02.06 11:02:41.389,1.94445,1.9455,2.40,1.00
2009.02.06 11:02:43.659,1.94455,1.94555,2.40,1.00
2009.02.06 11:02:45.749,1.94445,1.9455,2.40,1.00
2009.02.06 11:02:46.499,1.94455,1.94555,2.40,1.00
2009.02.06 11:02:47.848,1.94445,1.9455,2.40,1.00
2009.02.06 11:02:49.698,1.94455,1.94555,2.40,1.00
2009.02.06 11:02:50.227,1.9446,1.94565,2.40,1.00
2009.02.06 11:02:50.657,1.94455,1.94555,2.40,1.00
2009.02.06 11:02:51.697,1.9446,1.94565,2.40,1.00
2009.02.06 11:02:52.097,1.94455,1.94555,2.40,1.00
2009.02.06 11:02:52.788,1.9446,1.94555,1.60,1.00
2009.02.06 11:02:55.006,1.9446,1.9456,4.00,1.60
2009.02.06 11:02:55.946,1.9446,1.94565,4.00,1.00
2009.02.06 11:03:00.105,1.9446,1.94565,4.80,1.00
2009.02.06 11:03:00.615,1.94475,1.9457,1.60,1.00
2009.02.06 11:03:01.935,1.94475,1.94565,1.60,1.20
2009.02.06 11:03:02.214,1.9446,1.94555,1.60,1.00
2009.02.06 11:03:08.283,1.9446,1.9455,1.60,1.00
2009.02.06 11:03:09.032,1.94445,1.9455,4.00,1.00
2009.02.06 11:03:09.433,1.94445,1.9454,1.60,1.00
2009.02.06 11:03:10.202,1.94445,1.9455,4.00,1.20
2009.02.06 11:03:10.662,1.94445,1.9455,4.00,1.00
2009.02.06 11:03:11.743,1.9446,1.94565,2.40,1.20
2009.02.06 11:03:12.872,1.94475,1.9457,1.60,1.60
2009.02.06 11:03:13.632,1.94435,1.9455,4.00,2.60
2009.02.06 11:03:14.701,1.9443,1.94555,2.40,1.00
2009.02.06 11:03:15.231,1.9446,1.9455,4.00,1.20
2009.02.06 11:03:15.641,1.9446,1.94555,1.60,1.00
2009.02.06 11:03:16.351,1.94445,1.94555,1.60,1.00
2009.02.06 11:03:17.151,1.9446,1.9456,2.40,1.20
2009.02.06 11:03:17.561,1.94445,1.9455,4.00,1.00
2009.02.06 11:03:19.100,1.94455,1.94555,2.40,1.00
2009.02.06 11:03:19.720,1.9446,1.94555,1.60,1.00
2009.02.06 11:03:21.010,1.9446,1.94565,4.00,1.00
2009.02.06 11:03:21.430,1.9446,1.94555,1.60,1.00
2009.02.06 11:03:21.780,1.94455,1.94555,2.40,1.00
2009.02.06 11:03:22.960,1.9445,1.9455,2.40,1.00
2009.02.06 11:03:25.339,1.94455,1.94555,2.40,1.00
2009.02.06 11:03:26.259,1.94455,1.94555,2.40,1.20
2009.02.06 11:03:27.118,1.94455,1.9455,2.40,1.20
2009.02.06 11:03:27.458,1.94455,1.94555,2.40,1.00
2009.02.06 11:03:28.438,1.94465,1.94565,2.40,1.00
2009.02.06 11:03:28.898,1.9446,1.94555,1.60,1.00
2009.02.06 11:03:29.358,1.94455,1.94555,2.40,1.00
2009.02.06 11:03:33.687,1.94465,1.94565,2.40,1.00
2009.02.06 11:03:41.245,1.9447,1.9457,2.40,1.20
2009.02.06 11:03:41.705,1.94465,1.94565,2.40,1.00
2009.02.06 11:03:42.565,1.94455,1.94555,2.40,1.00
2009.02.06 11:03:43.704,1.9447,1.9457,2.40,1.00
2009.02.06 11:03:44.474,1.94465,1.94565,2.40,1.00
2009.02.06 11:03:49.653,1.94455,1.94555,2.40,1.00
2009.02.06 11:03:53.282,1.94455,1.94555,2.40,1.20
2009.02.06 11:03:53.772,1.94435,1.945,1.60,1.00
2009.02.06 11:03:54.522,1.94455,1.9454,2.40,8.00
2009.02.06 11:03:55.022,1.94455,1.9456,2.40,1.00
2009.02.06 11:03:55.891,1.94475,1.9455,2.40,1.00
2009.02.06 11:03:57.941,1.94465,1.94545,2.40,1.00
2009.02.06 11:03:59.411,1.94485,1.9456,2.40,1.00
2009.02.06 11:04:01.880,1.94475,1.9455,2.40,1.00
2009.02.06 11:04:02.630,1.9447,1.94545,2.40,1.00
2009.02.06 11:04:04.519,1.9446,1.94535,2.40,1.00
2009.02.06 11:04:08.368,1.9447,1.94545,2.40,1.00
2009.02.06 11:04:09.468,1.9446,1.94535,2.40,1.00
2009.02.06 11:04:11.428,1.9447,1.94545,2.40,1.00
2009.02.06 11:04:12.587,1.94475,1.9455,2.40,1.00
2009.02.06 11:04:13.437,1.9447,1.94545,2.40,1.00
2009.02.06 11:04:14.027,1.94475,1.9455,2.40,1.00
2009.02.06 11:04:19.566,1.94485,1.9456,2.40,1.00
2009.02.06 11:04:20.145,1.94475,1.9455,2.40,1.00
2009.02.06 11:04:27.164,1.9447,1.94545,2.40,1.00
2009.02.06 11:04:28.283,1.94475,1.9455,2.40,1.00
2009.02.06 11:04:28.864,1.9449,1.94565,2.40,1.00
2009.02.06 11:04:30.843,1.94485,1.94565,2.40,1.00
2009.02.06 11:04:31.243,1.9448,1.9456,2.40,1.00
2009.02.06 11:04:33.712,1.94465,1.94545,2.40,1.00
2009.02.06 11:04:35.032,1.94485,1.9455,2.40,1.60
2009.02.06 11:04:35.472,1.9448,1.9456,2.40,1.00
2009.02.06 11:04:36.332,1.94485,1.94565,2.40,1.00
2009.02.06 11:04:37.022,1.94495,1.94575,2.40,1.00
2009.02.06 11:04:37.431,1.94485,1.94565,2.40,1.00
2009.02.06 11:04:38.661,1.9448,1.9456,2.40,1.00
2009.02.06 11:04:39.581,1.94465,1.94545,2.40,1.00
2009.02.06 11:04:44.390,1.9447,1.9455,2.40,1.60
2009.02.06 11:04:45.209,1.9447,1.9455,2.40,1.00
2009.02.06 11:04:46.689,1.9448,1.9456,2.40,1.00
2009.02.06 11:04:48.359,1.94485,1.9456,2.40,1.00
2009.02.06 11:04:50.478,1.9449,1.94565,2.40,1.60
2009.02.06 11:04:51.118,1.9449,1.9457,2.40,1.00
2009.02.06 11:04:52.738,1.94485,1.9456,2.40,1.00
2009.02.06 11:04:55.147,1.9449,1.94565,2.40,1.60
2009.02.06 11:04:55.687,1.9449,1.9457,2.40,1.00
2009.02.06 11:04:57.246,1.94485,1.9456,2.40,1.00
2009.02.06 11:05:01.076,1.945,1.94565,2.40,1.60
2009.02.06 11:05:01.705,1.9449,1.94585,4.40,1.00
2009.02.06 11:05:02.065,1.9449,1.94575,2.40,1.20
2009.02.06 11:05:02.455,1.94495,1.9458,2.40,1.20
2009.02.06 11:05:03.945,1.94495,1.94585,2.40,1.20
2009.02.06 11:05:05.975,1.94515,1.94585,2.40,1.20
2009.02.06 11:05:06.666,1.94525,1.946,2.40,1.20
2009.02.06 11:05:07.234,1.94525,1.9461,2.40,1.20
2009.02.06 11:05:07.874,1.94525,1.94625,2.40,1.00
2009.02.06 11:05:10.403,1.9453,1.9463,2.40,1.60
2009.02.06 11:05:10.913,1.9452,1.94615,2.00,1.00
2009.02.06 11:05:11.293,1.94515,1.94615,2.40,1.00
2009.02.06 11:05:12.573,1.94525,1.94625,2.40,1.00
2009.02.06 11:05:16.132,1.9453,1.9463,2.40,1.00
2009.02.06 11:05:16.482,1.94535,1.9463,1.60,1.00
2009.02.06 11:05:16.602,1.9453,1.9463,2.40,1.00
2009.02.06 11:05:17.542,1.94525,1.94625,2.40,1.00
2009.02.06 11:05:19.191,1.9452,1.94625,4.00,1.00
2009.02.06 11:05:19.372,1.9452,1.94625,2.40,1.00
2009.02.06 11:05:20.691,1.9452,1.94625,4.00,1.00
2009.02.06 11:05:21.221,1.9452,1.94615,1.60,1.00
2009.02.06 11:05:22.170,1.9452,1.94625,2.40,1.00
2009.02.06 11:05:22.630,1.9452,1.94615,1.60,1.00
2009.02.06 11:05:25.750,1.9452,1.9461,1.60,1.00
2009.02.06 11:05:26.579,1.94505,1.9461,4.00,1.00
2009.02.06 11:05:27.119,1.94505,1.946,1.60,1.00
2009.02.06 11:05:28.659,1.9452,1.94615,1.60,1.00
2009.02.06 11:05:31.499,1.9452,1.94625,4.00,1.00
2009.02.06 11:05:32.538,1.94535,1.9464,2.40,1.00
2009.02.06 11:05:32.978,1.9455,1.94645,3.60,1.00
2009.02.06 11:05:33.788,1.94535,1.94645,4.80,1.00
2009.02.06 11:05:34.497,1.94535,1.94625,3.20,1.00
2009.02.06 11:05:34.948,1.9452,1.94625,2.40,1.00
2009.02.06 11:05:35.347,1.94515,1.94615,9.20,1.00
2009.02.06 11:05:35.757,1.94515,1.94615,7.60,1.00
2009.02.06 11:05:36.887,1.94515,1.94615,2.40,1.00
2009.02.06 11:05:37.477,1.9454,1.94625,2.40,1.00
2009.02.06 11:05:38.397,1.94515,1.94625,2.00,1.00
2009.02.06 11:05:38.876,1.9455,1.9464,2.40,1.00
2009.02.06 11:05:39.646,1.9453,1.94625,1.60,1.00
2009.02.06 11:05:39.986,1.94525,1.94625,1.60,1.00
2009.02.06 11:05:40.376,1.9452,1.94625,4.00,1.00
2009.02.06 11:05:41.126,1.94535,1.9463,1.60,1.00
2009.02.06 11:05:41.896,1.94545,1.94645,2.40,1.20
2009.02.06 11:05:41.996,1.9455,1.9463,1.60,1.00
2009.02.06 11:05:42.286,1.9455,1.94635,4.00,1.00
2009.02.06 11:05:43.935,1.9455,1.9462,1.60,1.00
2009.02.06 11:05:44.695,1.9455,1.94625,4.00,1.00
2009.02.06 11:05:46.295,1.9455,1.9462,1.60,1.00
2009.02.06 11:05:46.814,1.94565,1.9464,2.40,1.00
2009.02.06 11:05:48.895,1.9456,1.94635,2.40,1.00
2009.02.06 11:05:52.843,1.9455,1.94625,4.00,1.00
2009.02.06 11:05:53.673,1.9455,1.94625,2.40,1.00
2009.02.06 11:05:55.492,1.94545,1.9462,2.40,1.00
2009.02.06 11:05:55.842,1.9455,1.94625,2.40,1.60
2009.02.06 11:05:56.172,1.9455,1.94625,2.40,1.00
2009.02.06 11:06:01.841,1.94545,1.9462,2.40,1.00
2009.02.06 11:06:02.241,1.94535,1.9461,2.40,1.00
2009.02.06 11:06:06.150,1.9455,1.94625,2.40,1.60
2009.02.06 11:06:06.550,1.9456,1.94625,2.40,1.60
2009.02.06 11:06:07.079,1.9456,1.94635,2.40,1.00
2009.02.06 11:06:11.678,1.94565,1.94645,2.40,1.00
2009.02.06 11:06:13.898,1.94575,1.9465,2.40,1.00
2009.02.06 11:06:14.418,1.94565,1.94645,2.40,1.00
2009.02.06 11:06:14.838,1.94575,1.9465,2.40,1.00
2009.02.06 11:06:23.166,1.94565,1.9464,2.40,1.00
2009.02.06 11:06:23.675,1.9456,1.94635,2.40,1.00
2009.02.06 11:06:28.425,1.94575,1.9465,2.40,1.00
2009.02.06 11:06:28.784,1.94565,1.9464,2.40,1.00
2009.02.06 11:06:31.364,1.9456,1.94635,2.40,1.00
2009.02.06 11:06:37.522,1.94565,1.9464,2.40,1.00
2009.02.06 11:06:38.592,1.9457,1.9465,2.40,1.00
2009.02.06 11:06:39.412,1.94565,1.9464,2.40,1.00
2009.02.06 11:06:41.091,1.94575,1.9465,2.40,1.00
2009.02.06 11:06:41.501,1.9457,1.9465,2.40,1.00
2009.02.06 11:06:41.901,1.94565,1.94635,1.60,1.00
2009.02.06 11:06:42.941,1.94565,1.94645,4.00,1.00
2009.02.06 11:06:43.411,1.94565,1.94645,2.40,1.00
2009.02.06 11:06:43.871,1.94575,1.9465,2.40,1.00
2009.02.06 11:06:46.110,1.94575,1.9464,2.40,1.60
2009.02.06 11:06:46.740,1.94575,1.9465,2.40,1.00
2009.02.06 11:06:48.969,1.94565,1.9464,2.40,1.00
2009.02.06 11:06:50.120,1.9456,1.94635,2.40,1.00
2009.02.06 11:06:52.529,1.94565,1.9464,2.40,1.00
2009.02.06 11:06:57.148,1.94575,1.9465,2.40,1.00
2009.02.06 11:07:08.185,1.9456,1.94635,2.40,1.00
2009.02.06 11:07:08.595,1.94565,1.94645,2.40,1.00
2009.02.06 11:07:09.234,1.94565,1.94645,2.40,1.40
2009.02.06 11:07:11.684,1.9455,1.94645,1.60,1.00
2009.02.06 11:07:12.144,1.9453,1.9463,1.00,1.20
2009.02.06 11:07:12.554,1.94485,1.9462,7.60,1.20
2009.02.06 11:07:13.174,1.94485,1.9462,4.40,1.20
2009.02.06 11:07:14.913,1.945,1.9462,2.80,1.20
2009.02.06 11:07:15.413,1.94505,1.9462,2.40,1.20
2009.02.06 11:07:15.993,1.94505,1.9463,4.40,1.20
2009.02.06 11:07:16.373,1.94495,1.94615,2.00,1.00
2009.02.06 11:07:17.163,1.94485,1.94605,4.80,1.20
2009.02.06 11:07:17.622,1.94485,1.9461,5.00,1.20
2009.02.06 11:07:18.282,1.94495,1.9461,2.80,1.20
2009.02.06 11:07:18.602,1.9449,1.94615,2.00,1.20
2009.02.06 11:07:19.334,1.94495,1.94615,2.80,1.20
2009.02.06 11:07:19.862,1.94495,1.94615,8.20,1.20
2009.02.06 11:07:20.322,1.945,1.94625,2.00,1.20
2009.02.06 11:07:20.742,1.9449,1.94615,2.00,1.20
2009.02.06 11:07:21.042,1.9449,1.94615,2.00,1.20
2009.02.06 11:07:21.941,1.94485,1.9461,3.60,1.20
2009.02.06 11:07:22.212,1.94485,1.94605,2.80,1.20
2009.02.06 11:07:22.332,1.9449,1.94615,2.00,1.20
2009.02.06 11:07:24.491,1.9449,1.94595,2.00,1.60
2009.02.06 11:07:24.911,1.9449,1.94545,2.00,1.00
2009.02.06 11:07:25.551,1.9445,1.94545,9.60,1.00
2009.02.06 11:07:25.671,1.9445,1.94545,1.60,1.00
2009.02.06 11:07:26.820,1.9446,1.94515,1.60,1.00
2009.02.06 11:07:27.160,1.9439,1.94515,7.20,1.00
2009.02.06 11:07:27.280,1.9439,1.94515,5.60,1.00
2009.02.06 11:07:28.260,1.944,1.945,4.00,1.00
2009.02.06 11:07:29.180,1.94405,1.945,3.20,1.00
2009.02.06 11:07:29.820,1.944,1.945,4.00,1.00
2009.02.06 11:07:32.379,1.944,1.94495,4.00,1.20
2009.02.06 11:07:32.849,1.94395,1.9449,3.20,1.00
2009.02.06 11:07:33.209,1.9439,1.9449,2.40,1.20
2009.02.06 11:07:34.769,1.94385,1.94485,7.20,1.00
2009.02.06 11:07:36.598,1.94385,1.9448,4.80,1.00
2009.02.06 11:07:37.068,1.9437,1.94495,2.00,1.20
2009.02.06 11:07:37.518,1.94375,1.94495,3.20,1.20
2009.02.06 11:07:38.378,1.94375,1.945,5.20,1.20
2009.02.06 11:07:38.948,1.94385,1.9451,2.00,1.20
2009.02.06 11:07:41.527,1.9439,1.94515,2.00,1.20
2009.02.06 11:07:41.977,1.94395,1.9452,2.00,1.20
2009.02.06 11:07:42.796,1.944,1.94525,2.00,1.20
2009.02.06 11:07:43.137,1.94415,1.94535,2.00,1.20
2009.02.06 11:07:43.527,1.9442,1.94545,2.00,1.20
2009.02.06 11:07:44.646,1.94405,1.9453,6.80,1.20
2009.02.06 11:07:45.186,1.94415,1.94535,2.00,1.20
2009.02.06 11:07:46.376,1.94405,1.9453,2.00,1.20
2009.02.06 11:07:47.476,1.94405,1.94525,2.00,1.20
2009.02.06 11:07:48.865,1.94405,1.9453,2.00,1.20
2009.02.06 11:07:49.935,1.94405,1.9453,5.00,1.20
2009.02.06 11:07:50.045,1.94425,1.9455,4.40,1.60
2009.02.06 11:07:50.325,1.94425,1.9456,4.40,9.00
2009.02.06 11:07:50.714,1.94425,1.94555,2.00,1.00
2009.02.06 11:07:50.884,1.94425,1.9456,4.40,1.20
2009.02.06 11:07:53.644,1.9445,1.94575,2.40,1.60
2009.02.06 11:07:54.074,1.9445,1.9458,4.40,1.60
2009.02.06 11:07:56.983,1.9446,1.94585,4.40,2.60
2009.02.06 11:07:58.793,1.9446,1.94585,4.40,1.20
2009.02.06 11:07:59.783,1.94475,1.946,2.00,1.20
2009.02.06 11:08:01.452,1.9447,1.9459,2.00,1.20
2009.02.06 11:08:02.322,1.94475,1.946,4.40,1.20
2009.02.06 11:08:03.352,1.9448,1.946,2.00,1.00
2009.02.06 11:08:04.321,1.945,1.946,2.40,1.00
2009.02.06 11:08:06.321,1.9451,1.9461,2.40,1.60
2009.02.06 11:08:09.810,1.94515,1.9461,2.40,1.60
2009.02.06 11:08:09.980,1.9451,1.9456,2.40,1.60
2009.02.06 11:08:10.380,1.945,1.94555,2.00,1.00
2009.02.06 11:08:10.540,1.9444,1.94555,4.00,1.60
2009.02.06 11:08:11.130,1.9444,1.9454,2.40,1.60
2009.02.06 11:08:11.710,1.94475,1.9454,2.00,1.60
2009.02.06 11:08:12.060,1.94455,1.94535,2.40,1.00
2009.02.06 11:08:12.179,1.9442,1.9453,2.40,1.00
2009.02.06 11:08:12.659,1.9442,1.9454,2.40,1.20
2009.02.06 11:08:12.889,1.94425,1.9454,5.60,1.20
2009.02.06 11:08:13.829,1.94445,1.94575,2.00,1.20
2009.02.06 11:08:17.588,1.94425,1.94535,10.00,1.00
2009.02.06 11:08:17.808,1.94425,1.94535,5.60,1.00
2009.02.06 11:08:18.668,1.9442,1.9452,4.00,1.00
2009.02.06 11:08:19.588,1.9442,1.9452,1.60,1.00
2009.02.06 11:08:20.507,1.94405,1.9452,4.80,1.00
2009.02.06 11:08:21.027,1.94405,1.9451,3.20,1.00
2009.02.06 11:08:21.377,1.94405,1.94505,7.60,1.00
2009.02.06 11:08:22.377,1.9441,1.9451,2.00,1.00
2009.02.06 11:08:22.607,1.94405,1.9451,3.20,1.00
2009.02.06 11:08:23.357,1.94405,1.9452,3.20,1.00
2009.02.06 11:08:23.697,1.94405,1.9451,3.20,1.00
2009.02.06 11:08:24.616,1.94405,1.9451,5.20,1.00
2009.02.06 11:08:24.736,1.94405,1.9451,3.20,1.00
2009.02.06 11:08:26.326,1.94405,1.9451,5.20,1.00
2009.02.06 11:08:26.786,1.94405,1.9451,3.20,1.00
2009.02.06 11:08:27.356,1.94405,1.9451,5.20,1.00
2009.02.06 11:08:28.825,1.9441,1.9452,2.00,1.00
2009.02.06 11:08:29.275,1.944,1.9452,2.00,1.00
2009.02.06 11:08:30.225,1.9439,1.94495,1.60,1.00
2009.02.06 11:08:30.745,1.944,1.94495,2.40,1.00
2009.02.06 11:08:31.085,1.944,1.94495,4.40,1.00
2009.02.06 11:08:31.535,1.94415,1.94495,2.40,1.60
2009.02.06 11:08:32.055,1.94415,1.9449,2.40,1.60
2009.02.06 11:08:33.294,1.944,1.9448,4.40,1.00
2009.02.06 11:08:33.714,1.94395,1.9447,2.40,1.00
2009.02.06 11:08:34.234,1.94385,1.94465,2.40,1.60
2009.02.06 11:08:35.104,1.944,1.94475,2.40,1.60
2009.02.06 11:08:35.564,1.94345,1.9446,4.40,1.00
2009.02.06 11:08:37.453,1.9437,1.9446,2.00,1.00
2009.02.06 11:08:38.603,1.9436,1.9446,4.40,1.00
2009.02.06 11:08:40.383,1.94345,1.94445,6.00,1.00
2009.02.06 11:08:41.322,1.94345,1.94445,4.00,1.00
2009.02.06 11:08:41.832,1.94405,1.94515,2.40,1.00
2009.02.06 11:08:44.562,1.94415,1.94495,2.40,1.00
2009.02.06 11:08:45.071,1.94425,1.945,2.40,1.40
2009.02.06 11:08:45.531,1.9439,1.94485,2.40,1.60
2009.02.06 11:08:46.211,1.94415,1.94495,2.40,1.60
2009.02.06 11:08:47.102,1.94415,1.94495,2.40,1.00
2009.02.06 11:08:47.701,1.94435,1.94505,2.40,1.60
2009.02.06 11:08:48.251,1.94425,1.945,2.40,1.00
2009.02.06 11:08:48.871,1.94415,1.94495,2.00,1.00
2009.02.06 11:08:49.420,1.94425,1.945,2.40,1.00
2009.02.06 11:08:49.760,1.94435,1.94505,2.40,1.60
2009.02.06 11:08:50.280,1.9444,1.94505,2.40,1.60
2009.02.06 11:08:51.250,1.94425,1.9451,2.00,1.00
2009.02.06 11:08:51.770,1.9444,1.94545,1.60,1.00
2009.02.06 11:08:52.060,1.94455,1.9455,2.80,1.00
2009.02.06 11:08:52.630,1.9446,1.94585,1.60,1.60
2009.02.06 11:08:53.300,1.94475,1.9461,2.00,1.00
2009.02.06 11:08:54.779,1.9448,1.94585,2.00,1.00
2009.02.06 11:08:55.239,1.9448,1.9457,2.00,1.00
2009.02.06 11:08:55.589,1.94465,1.94585,2.00,3.20
2009.02.06 11:08:56.329,1.9448,1.9458,2.40,1.60
2009.02.06 11:08:57.538,1.94475,1.9458,2.00,1.60
2009.02.06 11:08:57.758,1.94465,1.9458,2.00,1.60
2009.02.06 11:08:59.678,1.9446,1.9458,2.00,1.60
2009.02.06 11:09:00.768,1.9446,1.9457,2.00,1.00
2009.02.06 11:09:01.937,1.9445,1.94565,2.00,1.00
2009.02.06 11:09:02.267,1.94455,1.94565,2.00,1.00
2009.02.06 11:09:02.677,1.9447,1.94575,2.00,1.60
2009.02.06 11:09:03.207,1.9447,1.94595,2.00,1.20
2009.02.06 11:09:03.867,1.94465,1.9459,2.00,1.20
2009.02.06 11:09:07.666,1.94465,1.94585,2.00,1.00
2009.02.06 11:09:08.006,1.94455,1.9458,2.00,1.20
2009.02.06 11:09:08.176,1.94455,1.94575,2.00,1.20
2009.02.06 11:09:08.566,1.94465,1.9459,2.00,1.20
2009.02.06 11:09:09.196,1.94465,1.94585,2.00,1.00
2009.02.06 11:09:10.075,1.9445,1.94575,2.00,1.20
2009.02.06 11:09:10.195,1.9446,1.9458,2.00,1.20
2009.02.06 11:09:14.064,1.94465,1.9459,2.00,1.20
2009.02.06 11:09:14.544,1.9446,1.9458,2.00,1.20
2009.02.06 11:09:16.994,1.9445,1.94575,2.00,1.20
2009.02.06 11:09:18.044,1.9445,1.9457,2.00,1.00
2009.02.06 11:09:18.563,1.94445,1.9457,2.00,1.20
2009.02.06 11:09:18.973,1.9445,1.94575,2.00,1.20
2009.02.06 11:09:19.773,1.94445,1.9457,2.00,1.20
2009.02.06 11:09:20.253,1.94445,1.9457,2.00,1.20
2009.02.06 11:09:20.613,1.9444,1.94565,2.00,1.20
2009.02.06 11:09:21.423,1.94445,1.9457,2.00,1.20
2009.02.06 11:09:22.062,1.9444,1.94565,2.00,1.20
2009.02.06 11:09:22.292,1.94445,1.9457,2.00,1.20
2009.02.06 11:09:22.702,1.94445,1.9457,2.00,1.20
2009.02.06 11:09:23.042,1.94445,1.9457,2.00,1.20
2009.02.06 11:09:23.512,1.9445,1.94575,2.00,1.20
2009.02.06 11:09:28.332,1.9445,1.9457,2.00,1.20
2009.02.06 11:09:31.320,1.94445,1.9457,2.00,1.20
2009.02.06 11:09:32.540,1.94445,1.9457,2.00,1.20
2009.02.06 11:09:32.720,1.9444,1.94565,2.00,1.20
2009.02.06 11:09:33.580,1.9444,1.9456,2.00,1.20
2009.02.06 11:09:35.569,1.94435,1.9456,2.00,1.20
2009.02.06 11:09:35.969,1.94435,1.94555,2.00,1.20
2009.02.06 11:09:36.649,1.94435,1.9456,2.00,1.20
2009.02.06 11:09:36.869,1.94435,1.9455,2.00,1.00
2009.02.06 11:09:46.507,1.9444,1.94555,2.00,1.00
2009.02.06 11:09:51.406,1.9444,1.94565,2.00,1.20
2009.02.06 11:09:51.865,1.9445,1.94565,2.00,1.00
2009.02.06 11:09:52.265,1.9445,1.94555,2.00,1.00
2009.02.06 11:09:52.735,1.9444,1.94565,2.00,1.20
2009.02.06 11:09:53.245,1.9445,1.94565,2.00,1.00
2009.02.06 11:10:01.973,1.94445,1.94555,2.00,1.00
2009.02.06 11:10:08.011,1.94445,1.9457,2.00,1.20
2009.02.06 11:10:08.471,1.94455,1.94545,2.00,1.00
2009.02.06 11:10:08.941,1.94435,1.94545,2.00,1.00
2009.02.06 11:10:14.910,1.94445,1.94575,2.80,2.60
2009.02.06 11:10:15.080,1.9446,1.94585,2.00,1.60
2009.02.06 11:10:15.600,1.94455,1.9459,7.40,1.20
2009.02.06 11:10:16.089,1.94465,1.9456,2.00,1.00
2009.02.06 11:10:16.569,1.9446,1.9457,2.40,1.00
2009.02.06 11:10:16.849,1.94465,1.9457,2.00,1.00
2009.02.06 11:10:17.019,1.94465,1.94545,2.00,1.00
2009.02.06 11:10:17.969,1.9446,1.9457,6.80,1.00
2009.02.06 11:10:18.379,1.94455,1.94545,2.40,1.00
2009.02.06 11:10:18.729,1.94465,1.9455,2.40,1.00
2009.02.06 11:10:20.068,1.9446,1.94535,1.60,1.00
2009.02.06 11:10:20.858,1.9445,1.94525,4.40,1.00
2009.02.06 11:10:21.249,1.9445,1.94525,6.00,1.00
2009.02.06 11:10:21.768,1.9444,1.9452,4.00,1.00
2009.02.06 11:10:22.338,1.9444,1.9451,1.60,1.00
2009.02.06 11:10:22.748,1.94435,1.9451,2.00,1.00
2009.02.06 11:10:23.168,1.94435,1.9451,4.40,1.00
2009.02.06 11:10:23.667,1.94435,1.9451,2.40,1.00
2009.02.06 11:10:25.037,1.9444,1.94515,2.40,1.00
2009.02.06 11:10:26.467,1.9444,1.94515,5.20,1.00
2009.02.06 11:10:26.917,1.94455,1.9453,3.80,1.00
2009.02.06 11:10:27.787,1.9447,1.94545,2.40,1.00
2009.02.06 11:10:28.356,1.94425,1.94515,2.00,1.00
2009.02.06 11:10:29.066,1.94415,1.94515,2.40,1.00
2009.02.06 11:10:31.186,1.94415,1.94495,2.00,1.00
2009.02.06 11:10:31.246,1.94395,1.94495,1.60,1.00
2009.02.06 11:10:31.356,1.94395,1.94505,1.60,1.20
2009.02.06 11:10:31.596,1.94395,1.9452,3.60,1.20
2009.02.06 11:10:32.425,1.94385,1.94505,2.80,1.20
2009.02.06 11:10:33.075,1.9438,1.94505,2.00,1.20
2009.02.06 11:10:33.655,1.9438,1.94485,2.00,1.60
2009.02.06 11:10:34.185,1.94345,1.9444,4.80,1.00
2009.02.06 11:10:34.755,1.9436,1.9445,1.60,1.00
2009.02.06 11:10:35.115,1.9436,1.9444,1.60,1.00
2009.02.06 11:10:35.915,1.9437,1.94435,1.60,1.00
2009.02.06 11:10:38.384,1.94365,1.94375,1.60,1.00
2009.02.06 11:10:38.894,1.94365,1.94405,1.60,1.60
2009.02.06 11:10:39.064,1.943,1.94405,3.20,1.60
2009.02.06 11:10:39.234,1.9427,1.94405,5.60,1.60
2009.02.06 11:10:39.984,1.94285,1.9439,2.40,1.60
2009.02.06 11:10:40.103,1.94285,1.94395,2.40,1.20
2009.02.06 11:10:40.523,1.943,1.944,4.40,1.00
2009.02.06 11:10:41.114,1.94295,1.94395,4.40,1.00
2009.02.06 11:10:42.273,1.94295,1.9439,2.00,1.00
2009.02.06 11:10:42.653,1.9428,1.9439,2.00,1.00
2009.02.06 11:10:44.522,1.9426,1.94355,4.00,1.00
2009.02.06 11:10:44.642,1.9426,1.94355,2.40,1.00
2009.02.06 11:10:46.212,1.94255,1.9433,4.00,1.00
2009.02.06 11:10:46.272,1.9426,1.9434,2.40,1.00
2009.02.06 11:10:47.732,1.94275,1.94355,2.40,1.00
2009.02.06 11:10:49.412,1.9427,1.94345,4.00,1.00
2009.02.06 11:10:49.931,1.9427,1.9432,1.60,1.00
2009.02.06 11:10:50.351,1.9423,1.94325,1.60,1.00
2009.02.06 11:10:50.811,1.94245,1.9433,1.60,1.00
2009.02.06 11:10:51.441,1.94255,1.9433,2.40,1.00
2009.02.06 11:10:51.781,1.94245,1.94325,2.40,1.00
2009.02.06 11:10:52.681,1.9424,1.94315,4.00,1.00
2009.02.06 11:10:53.420,1.94205,1.94305,3.60,1.00
2009.02.06 11:10:53.760,1.942,1.94305,2.00,1.00
2009.02.06 11:10:53.880,1.942,1.9431,4.40,1.00
2009.02.06 11:10:54.260,1.94205,1.9431,2.00,1.00
2009.02.06 11:10:54.620,1.94225,1.9431,2.80,1.00
2009.02.06 11:10:55.130,1.94235,1.9435,2.00,1.00
2009.02.06 11:10:55.730,1.9425,1.9436,2.40,1.20
2009.02.06 11:10:56.130,1.94245,1.94335,2.40,1.00
2009.02.06 11:10:56.420,1.94255,1.9437,2.40,2.60
2009.02.06 11:10:56.889,1.94255,1.9437,4.40,1.00
2009.02.06 11:10:57.369,1.9426,1.9433,2.00,1.00
2009.02.06 11:10:57.600,1.9424,1.9431,1.60,1.00
2009.02.06 11:10:58.539,1.94225,1.94285,3.20,1.00
2009.02.06 11:10:58.919,1.94205,1.9429,5.60,1.00
2009.02.06 11:10:59.789,1.9423,1.9431,1.60,1.00
2009.02.06 11:11:00.579,1.94205,1.94295,2.00,1.00
2009.02.06 11:11:01.229,1.94195,1.94295,4.40,1.00
2009.02.06 11:11:01.598,1.942,1.94295,2.00,1.00
2009.02.06 11:11:02.288,1.942,1.9428,2.40,1.00
2009.02.06 11:11:02.708,1.9421,1.9428,1.60,1.00
2009.02.06 11:11:02.948,1.942,1.94265,1.60,1.00
2009.02.06 11:11:03.348,1.94185,1.94265,6.00,1.00
2009.02.06 11:11:03.868,1.9423,1.94325,2.40,1.60
2009.02.06 11:11:04.038,1.9423,1.9435,2.40,1.00
2009.02.06 11:11:04.538,1.94245,1.94355,2.40,1.00
2009.02.06 11:11:06.377,1.9427,1.94345,2.40,1.00
2009.02.06 11:11:07.177,1.9427,1.94345,4.00,1.00
2009.02.06 11:11:07.457,1.9427,1.9434,1.60,1.00
2009.02.06 11:11:07.867,1.9426,1.9434,2.40,1.00
2009.02.06 11:11:08.557,1.94255,1.94325,3.60,1.00
2009.02.06 11:11:09.177,1.94235,1.9432,2.00,1.00
2009.02.06 11:11:10.046,1.94215,1.9431,2.00,1.00
2009.02.06 11:11:10.576,1.9422,1.9431,2.00,1.00
2009.02.06 11:11:10.697,1.9422,1.9432,8.80,1.00
2009.02.06 11:11:11.106,1.94225,1.9432,2.00,1.00
2009.02.06 11:11:11.696,1.94225,1.94305,2.00,1.00
2009.02.06 11:11:11.977,1.94215,1.94305,2.40,1.00
2009.02.06 11:11:14.755,1.94275,1.94335,2.40,5.80
2009.02.06 11:11:15.205,1.94285,1.9438,1.60,1.60
2009.02.06 11:11:15.555,1.9424,1.9439,3.60,1.00
2009.02.06 11:11:15.775,1.9424,1.9439,2.00,1.00
2009.02.06 11:11:16.175,1.9423,1.94375,5.00,1.00
2009.02.06 11:11:16.665,1.9423,1.9436,2.00,1.00
2009.02.06 11:11:17.175,1.94255,1.9436,2.00,1.00
2009.02.06 11:11:17.865,1.9425,1.94375,4.40,4.20
2009.02.06 11:11:18.404,1.9426,1.9438,2.80,1.20
2009.02.06 11:11:18.824,1.9427,1.9439,2.00,1.60
2009.02.06 11:11:20.624,1.94275,1.9439,2.00,1.60
2009.02.06 11:11:23.653,1.9427,1.9439,2.00,1.60
2009.02.06 11:11:29.352,1.9426,1.94385,2.00,1.20
2009.02.06 11:11:30.102,1.94255,1.9438,2.00,1.20
2009.02.06 11:11:30.691,1.94255,1.94375,2.00,1.00
2009.02.06 11:11:30.851,1.94255,1.9438,2.00,1.20
2009.02.06 11:11:33.121,1.94265,1.9439,2.00,1.20
2009.02.06 11:11:39.309,1.94265,1.9438,2.00,1.40
2009.02.06 11:11:39.839,1.94265,1.94375,2.00,1.60
2009.02.06 11:11:40.889,1.9428,1.94375,2.00,1.60
2009.02.06 11:11:41.239,1.94275,1.9439,2.00,1.60
2009.02.06 11:11:42.059,1.94275,1.94395,2.00,6.40
2009.02.06 11:11:42.748,1.9428,1.94395,2.80,1.20
2009.02.06 11:11:43.259,1.94295,1.94405,2.00,1.00
2009.02.06 11:11:43.638,1.9429,1.9439,2.00,1.00
2009.02.06 11:11:44.038,1.94285,1.9441,2.80,1.00
2009.02.06 11:11:44.458,1.9429,1.94415,2.00,1.60
2009.02.06 11:11:45.098,1.9431,1.94405,3.60,1.00
2009.02.06 11:11:45.828,1.9431,1.94405,1.60,1.00
2009.02.06 11:11:47.037,1.943,1.9439,2.00,1.00
2009.02.06 11:11:47.547,1.9431,1.94425,2.00,1.00
2009.02.06 11:11:48.397,1.9431,1.9443,2.00,1.00
2009.02.06 11:11:48.907,1.9431,1.94405,2.00,1.00
2009.02.06 11:11:49.427,1.9431,1.94415,2.00,1.00
2009.02.06 11:11:49.827,1.94305,1.944,2.00,1.40
2009.02.06 11:11:50.167,1.9431,1.9439,2.00,1.60
2009.02.06 11:11:50.617,1.9432,1.9439,2.00,1.60
2009.02.06 11:11:52.366,1.9433,1.9443,2.00,1.60
2009.02.06 11:11:52.936,1.94315,1.9443,2.00,1.60
2009.02.06 11:11:53.726,1.94305,1.9442,2.00,1.60
2009.02.06 11:11:54.006,1.94315,1.9442,2.00,3.00
2009.02.06 11:11:54.305,1.9431,1.94415,2.00,6.20
2009.02.06 11:11:54.576,1.943,1.94405,2.00,1.60
2009.02.06 11:11:55.205,1.9431,1.94405,2.00,1.60
2009.02.06 11:11:56.115,1.94315,1.9442,2.00,1.60
2009.02.06 11:11:56.575,1.9432,1.9442,2.00,1.60
2009.02.06 11:11:57.605,1.9431,1.94415,2.00,1.40
2009.02.06 11:11:58.235,1.9431,1.94405,2.00,3.00
2009.02.06 11:11:58.675,1.9431,1.94405,2.00,1.60
2009.02.06 11:11:59.365,1.943,1.94405,5.00,1.60
2009.02.06 11:11:59.784,1.943,1.9442,5.00,1.60
2009.02.06 11:12:00.184,1.94305,1.9442,2.00,1.60
2009.02.06 11:12:00.774,1.9431,1.9442,2.00,1.60
2009.02.06 11:12:00.824,1.94315,1.9442,2.00,1.60
2009.02.06 11:12:02.315,1.9432,1.9442,2.00,1.60
2009.02.06 11:12:03.004,1.9432,1.9442,2.00,1.60
2009.02.06 11:12:04.953,1.9432,1.9442,2.00,3.00
2009.02.06 11:12:05.233,1.9432,1.94405,2.00,1.60
2009.02.06 11:12:05.463,1.94315,1.94405,2.00,1.60
2009.02.06 11:12:06.763,1.9432,1.94405,2.00,1.60
2009.02.06 11:12:07.172,1.9432,1.9442,2.00,1.60
2009.02.06 11:12:07.582,1.9433,1.9442,2.80,1.60
2009.02.06 11:12:08.672,1.9434,1.944,2.00,1.00
2009.02.06 11:12:09.142,1.9435,1.9444,2.40,1.00
2009.02.06 11:12:10.052,1.94335,1.94425,2.40,1.00
2009.02.06 11:12:10.933,1.9435,1.9443,1.60,1.00
2009.02.06 11:12:11.381,1.94355,1.94445,2.40,1.00
2009.02.06 11:12:12.411,1.9436,1.9443,1.60,1.00
2009.02.06 11:12:13.271,1.94305,1.94435,6.60,1.00
2009.02.06 11:12:13.731,1.94305,1.94435,4.40,4.80
2009.02.06 11:12:14.251,1.9434,1.9442,2.00,1.00
2009.02.06 11:12:14.771,1.943,1.94405,2.00,1.00
2009.02.06 11:12:15.460,1.943,1.94415,1.60,1.00
2009.02.06 11:12:15.680,1.94285,1.94395,2.40,1.00
2009.02.06 11:12:16.580,1.94285,1.94375,2.00,1.00
2009.02.06 11:12:17.090,1.94295,1.9439,3.80,1.60
2009.02.06 11:12:17.550,1.943,1.94395,1.60,1.00
2009.02.06 11:12:17.840,1.943,1.94395,4.40,1.00
2009.02.06 11:12:18.589,1.943,1.94405,10.40,1.00
2009.02.06 11:12:19.060,1.9431,1.9441,4.40,1.00
2009.02.06 11:12:19.690,1.9432,1.9442,2.40,1.00
2009.02.06 11:12:20.499,1.9432,1.9442,4.40,1.00
2009.02.06 11:12:21.049,1.9432,1.9442,4.00,1.60
2009.02.06 11:12:21.789,1.9432,1.94415,1.60,1.00
2009.02.06 11:12:22.359,1.94305,1.94415,2.00,1.00
2009.02.06 11:12:23.628,1.94295,1.94415,5.00,1.00
2009.02.06 11:12:26.828,1.9429,1.9439,2.80,1.20
2009.02.06 11:12:27.188,1.94285,1.9439,2.40,1.20
2009.02.06 11:12:27.588,1.9429,1.9439,5.20,1.20
2009.02.06 11:12:27.978,1.943,1.94395,2.40,1.20
2009.02.06 11:12:28.607,1.943,1.944,2.40,1.20
2009.02.06 11:12:29.187,1.94295,1.94395,1.60,1.20
2009.02.06 11:12:29.247,1.9429,1.94395,5.20,1.20
2009.02.06 11:12:31.646,1.9429,1.9439,5.20,1.20
2009.02.06 11:12:32.326,1.9429,1.94395,5.20,1.20
2009.02.06 11:12:32.856,1.9429,1.944,5.20,1.20
2009.02.06 11:12:33.386,1.9429,1.94395,6.80,1.20
2009.02.06 11:12:33.736,1.9429,1.94405,4.40,1.20
2009.02.06 11:12:34.656,1.94305,1.94405,2.80,1.20
2009.02.06 11:12:35.186,1.94305,1.944,2.80,1.20
2009.02.06 11:12:35.636,1.94305,1.9439,2.80,1.00
2009.02.06 11:12:36.046,1.9429,1.9439,6.80,1.00
2009.02.06 11:12:36.465,1.943,1.94395,2.80,1.20
2009.02.06 11:12:36.875,1.943,1.94415,5.00,1.60
2009.02.06 11:12:37.455,1.94315,1.9445,2.00,1.00
2009.02.06 11:12:38.245,1.943,1.94445,2.00,4.20
2009.02.06 11:12:39.345,1.9431,1.94435,2.00,1.20
2009.02.06 11:12:39.815,1.9429,1.94415,4.40,1.20
2009.02.06 11:12:40.384,1.9431,1.94415,2.40,1.20
2009.02.06 11:12:41.065,1.943,1.9441,4.40,1.00
2009.02.06 11:12:41.694,1.9431,1.9441,2.40,1.00
2009.02.06 11:12:41.994,1.9432,1.9442,2.40,1.00
2009.02.06 11:12:42.394,1.94325,1.94425,2.40,1.00
2009.02.06 11:12:45.653,1.94315,1.944,2.00,1.00
2009.02.06 11:12:45.833,1.9431,1.944,2.40,1.00
2009.02.06 11:12:46.523,1.943,1.9438,4.00,1.00
2009.02.06 11:12:47.113,1.943,1.9438,2.40,1.00
2009.02.06 11:12:47.983,1.94295,1.9437,2.40,1.00
2009.02.06 11:12:48.652,1.94275,1.94355,4.00,1.00
2009.02.06 11:12:49.662,1.94275,1.94355,2.40,1.00
2009.02.06 11:12:51.972,1.94295,1.9437,2.40,1.00
2009.02.06 11:13:03.069,1.94295,1.9437,2.40,1.40
2009.02.06 11:13:03.589,1.94275,1.94355,2.40,1.00
2009.02.06 11:13:04.059,1.94285,1.94365,2.40,1.00
2009.02.06 11:13:07.418,1.94275,1.94355,2.40,1.00
2009.02.06 11:13:16.116,1.9427,1.9434,1.60,1.00
2009.02.06 11:13:16.236,1.9426,1.9434,2.40,1.00
2009.02.06 11:13:17.526,1.9427,1.94345,2.40,1.60
2009.02.06 11:13:17.985,1.9427,1.9435,2.40,1.00
2009.02.06 11:13:18.975,1.94275,1.94355,2.40,1.00
2009.02.06 11:13:21.374,1.94295,1.9436,2.40,1.60
2009.02.06 11:13:21.485,1.9426,1.9435,4.40,1.00
2009.02.06 11:13:22.834,1.94285,1.94365,2.40,1.20
2009.02.06 11:13:23.294,1.9427,1.94355,2.40,1.00
2009.02.06 11:13:23.764,1.9426,1.9435,4.00,1.00
2009.02.06 11:13:24.454,1.94285,1.94365,2.40,1.00
2009.02.06 11:13:25.193,1.9428,1.94355,2.40,1.00
2009.02.06 11:13:25.603,1.94295,1.94395,2.40,3.20
2009.02.06 11:13:25.784,1.94295,1.94395,2.40,1.00
2009.02.06 11:13:26.643,1.94305,1.944,2.40,1.60
2009.02.06 11:13:27.103,1.94315,1.9439,4.00,1.60
2009.02.06 11:13:27.683,1.94315,1.94385,1.60,1.00
2009.02.06 11:13:27.973,1.94335,1.9439,2.40,1.60
2009.02.06 11:13:28.733,1.94325,1.94425,2.40,1.20
2009.02.06 11:13:29.143,1.9429,1.9442,2.00,1.00
2009.02.06 11:13:31.702,1.9429,1.9441,3.60,1.00
2009.02.06 11:13:36.031,1.94295,1.94415,2.00,1.20
2009.02.06 11:13:36.081,1.9429,1.94415,4.40,1.20
2009.02.06 11:13:37.171,1.943,1.94415,1.00,1.20
2009.02.06 11:13:37.290,1.94345,1.94415,2.40,1.20
2009.02.06 11:13:37.621,1.94335,1.94415,2.40,1.20
2009.02.06 11:13:37.851,1.94335,1.9442,2.40,1.60
2009.02.06 11:13:39.750,1.9435,1.9443,2.40,1.60
2009.02.06 11:13:40.050,1.9435,1.9443,2.40,1.00
2009.02.06 11:13:40.530,1.94365,1.9444,2.40,1.60
2009.02.06 11:13:40.640,1.94365,1.94445,2.40,1.00
2009.02.06 11:13:43.069,1.9438,1.94455,2.40,3.20
2009.02.06 11:13:43.489,1.9436,1.94435,2.40,1.00
2009.02.06 11:13:43.809,1.94365,1.94445,2.40,3.20
2009.02.06 11:13:44.569,1.94365,1.94445,2.40,1.00
2009.02.06 11:13:44.839,1.94365,1.94445,2.40,3.20
2009.02.06 11:13:47.648,1.94365,1.94445,2.40,1.00
2009.02.06 11:13:49.038,1.94345,1.9444,2.00,1.00
2009.02.06 11:13:49.798,1.9434,1.94425,1.60,1.00
2009.02.06 11:13:50.258,1.94285,1.9442,4.40,1.20
2009.02.06 11:13:51.697,1.943,1.94425,4.40,4.20
2009.02.06 11:13:52.097,1.943,1.944,4.40,1.60
2009.02.06 11:13:53.917,1.943,1.9439,2.00,1.60
2009.02.06 11:13:54.037,1.94295,1.9439,3.60,1.60
2009.02.06 11:13:54.387,1.94295,1.9439,2.00,1.60
2009.02.06 11:13:55.076,1.9431,1.9439,2.80,1.60
2009.02.06 11:13:55.316,1.94335,1.94405,2.40,1.60
2009.02.06 11:13:56.406,1.9435,1.94405,2.40,1.60
2009.02.06 11:13:56.926,1.9435,1.9442,2.40,1.60
2009.02.06 11:13:58.375,1.94345,1.9442,2.40,1.60
2009.02.06 11:13:58.946,1.94345,1.94405,2.40,1.60
2009.02.06 11:13:59.265,1.9433,1.9439,1.60,1.00
2009.02.06 11:13:59.555,1.94315,1.9439,8.00,1.60
2009.02.06 11:13:59.935,1.94295,1.9439,2.00,1.60
2009.02.06 11:14:00.215,1.9429,1.9439,2.40,1.60
2009.02.06 11:14:01.865,1.9428,1.94375,4.00,1.60
2009.02.06 11:14:02.634,1.9428,1.94375,2.40,1.60
2009.02.06 11:14:04.164,1.9427,1.94365,1.60,1.00
2009.02.06 11:14:04.454,1.94265,1.9436,2.40,1.60
2009.02.06 11:14:04.914,1.9428,1.94375,2.40,3.20
2009.02.06 11:14:05.274,1.9428,1.9438,2.40,1.00
2009.02.06 11:14:06.004,1.9427,1.9438,2.00,1.00
2009.02.06 11:14:06.184,1.94255,1.9438,4.40,1.20
2009.02.06 11:14:06.894,1.94265,1.94385,2.00,1.00
2009.02.06 11:14:07.353,1.94265,1.94385,2.00,3.20
2009.02.06 11:14:08.123,1.94265,1.94385,2.00,1.00
2009.02.06 11:14:08.913,1.9426,1.94385,6.00,1.20
2009.02.06 11:14:09.403,1.94315,1.94385,1.60,1.00
2009.02.06 11:14:10.183,1.94315,1.9439,1.60,1.00
2009.02.06 11:14:10.653,1.94245,1.94385,12.40,1.20
2009.02.06 11:14:11.012,1.94245,1.94385,4.40,1.20
2009.02.06 11:14:13.232,1.9426,1.9437,2.40,1.00
2009.02.06 11:14:19.331,1.9424,1.94345,1.60,1.00
2009.02.06 11:14:20.320,1.94235,1.94345,2.40,1.00
2009.02.06 11:14:20.720,1.94245,1.94345,2.40,1.00
2009.02.06 11:14:23.139,1.9427,1.9436,2.40,1.00
2009.02.06 11:14:24.080,1.94285,1.94375,2.40,1.60
2009.02.06 11:14:24.659,1.943,1.94375,2.40,1.00
2009.02.06 11:14:25.239,1.94305,1.94385,2.40,1.00
2009.02.06 11:14:26.159,1.943,1.94375,2.40,1.00
2009.02.06 11:14:29.398,1.94305,1.94385,2.40,1.00
2009.02.06 11:14:32.747,1.94315,1.944,2.40,1.60
2009.02.06 11:14:33.147,1.94315,1.9442,2.40,1.60
2009.02.06 11:14:36.026,1.94315,1.9442,2.40,1.00
2009.02.06 11:14:39.885,1.943,1.9439,2.40,1.00
2009.02.06 11:15:01.240,1.943,1.94375,2.40,1.60
2009.02.06 11:15:01.510,1.9429,1.9437,2.40,1.00
2009.02.06 11:15:03.010,1.94285,1.9436,1.60,1.00
2009.02.06 11:15:03.521,1.9425,1.9436,2.40,1.00
2009.02.06 11:15:03.980,1.9425,1.9437,2.40,1.20
2009.02.06 11:15:04.149,1.9425,1.94375,4.40,3.20
2009.02.06 11:15:04.829,1.94265,1.94375,2.00,3.20
2009.02.06 11:15:08.259,1.94265,1.9437,2.00,1.60
2009.02.06 11:15:11.098,1.94265,1.9436,2.00,3.00
2009.02.06 11:15:11.598,1.9426,1.94345,2.00,1.60
2009.02.06 11:15:12.188,1.9425,1.9433,2.00,1.60
2009.02.06 11:15:12.648,1.94245,1.9433,2.00,1.60
2009.02.06 11:15:12.987,1.9425,1.9433,2.00,1.60
2009.02.06 11:15:18.746,1.9425,1.9433,3.60,1.60
2009.02.06 11:15:19.206,1.94255,1.94345,2.00,1.60
2009.02.06 11:15:19.726,1.9426,1.94345,2.00,1.60
2009.02.06 11:15:27.164,1.94255,1.94325,1.60,1.00
2009.02.06 11:15:27.524,1.9425,1.94325,2.40,1.00
2009.02.06 11:15:27.954,1.9424,1.9432,2.40,1.00
2009.02.06 11:15:30.083,1.9424,1.94315,2.40,1.60
2009.02.06 11:15:33.782,1.9425,1.94315,2.40,1.60
2009.02.06 11:15:35.002,1.94235,1.9431,2.40,1.00
2009.02.06 11:15:35.542,1.9424,1.94315,2.40,1.60
2009.02.06 11:15:35.892,1.9424,1.9432,2.40,1.00
2009.02.06 11:15:36.592,1.9425,1.94325,2.40,3.20
2009.02.06 11:15:37.242,1.9425,1.94325,2.40,1.00
2009.02.06 11:15:38.381,1.94265,1.9433,2.40,1.60
2009.02.06 11:15:38.601,1.94265,1.9434,2.40,1.00
2009.02.06 11:15:41.321,1.94255,1.94335,4.00,1.00
2009.02.06 11:15:41.830,1.94255,1.94335,2.40,1.00
2009.02.06 11:15:47.129,1.9425,1.94325,2.40,1.00
2009.02.06 11:15:48.109,1.94235,1.9431,2.40,1.00
2009.02.06 11:15:48.469,1.9425,1.94315,2.40,4.80
2009.02.06 11:15:49.399,1.94255,1.94315,2.40,1.60
2009.02.06 11:15:50.079,1.94255,1.9433,2.40,1.60
2009.02.06 11:15:50.418,1.94265,1.9434,2.40,1.00
2009.02.06 11:15:51.638,1.9425,1.9434,2.40,1.00
2009.02.06 11:15:52.138,1.94265,1.9434,2.40,1.00
2009.02.06 11:15:53.288,1.9425,1.9434,2.40,1.00
2009.02.06 11:15:56.297,1.9427,1.9435,2.40,1.60
2009.02.06 11:15:56.897,1.9426,1.9433,2.00,1.60
2009.02.06 11:15:57.737,1.94285,1.94345,2.40,1.60
2009.02.06 11:15:58.297,1.94285,1.9435,2.40,3.00
2009.02.06 11:15:58.646,1.9429,1.9435,2.40,1.60
2009.02.06 11:15:59.486,1.943,1.9436,2.40,1.60
2009.02.06 11:15:59.726,1.9426,1.94345,2.40,1.60
2009.02.06 11:16:00.226,1.94255,1.9434,2.40,1.00
2009.02.06 11:16:02.316,1.94265,1.94335,2.40,1.20
2009.02.06 11:16:02.775,1.9425,1.94325,2.40,1.00
2009.02.06 11:16:07.264,1.9424,1.9431,1.60,1.00
2009.02.06 11:16:07.604,1.9424,1.9431,1.60,1.40
2009.02.06 11:16:07.724,1.9425,1.9432,2.40,4.80
2009.02.06 11:16:07.784,1.9425,1.94325,2.40,3.20
2009.02.06 11:16:08.064,1.9425,1.94325,2.40,1.00
2009.02.06 11:16:08.704,1.9424,1.9432,4.00,1.00
2009.02.06 11:16:08.884,1.94235,1.9431,2.40,1.00
2009.02.06 11:16:10.873,1.94235,1.9431,2.40,1.40
2009.02.06 11:16:11.293,1.94235,1.9431,2.40,1.00
2009.02.06 11:16:15.982,1.9424,1.9432,2.40,1.00
2009.02.06 11:16:16.382,1.94235,1.9431,2.40,1.00
2009.02.06 11:16:17.612,1.94235,1.9431,3.20,1.00
2009.02.06 11:16:17.962,1.9425,1.94315,4.00,1.60
2009.02.06 11:16:18.662,1.9425,1.9431,1.60,1.00
2009.02.06 11:16:19.111,1.9425,1.94315,4.00,1.60
2009.02.06 11:16:20.041,1.9425,1.94315,1.60,1.60
2009.02.06 11:16:20.631,1.9424,1.9432,2.40,1.00
2009.02.06 11:16:23.130,1.9424,1.94315,2.40,1.20
2009.02.06 11:16:23.431,1.94225,1.943,2.40,1.20
2009.02.06 11:16:25.490,1.9421,1.9429,4.00,1.00
2009.02.06 11:16:25.790,1.9421,1.9429,2.40,1.00
2009.02.06 11:16:27.149,1.94205,1.9428,2.40,1.00
2009.02.06 11:16:27.839,1.9419,1.94265,2.40,1.00
2009.02.06 11:16:29.279,1.9419,1.94285,2.40,3.20
2009.02.06 11:16:29.849,1.9419,1.94295,2.40,1.00
2009.02.06 11:16:30.219,1.9419,1.94295,2.40,3.20
2009.02.06 11:16:30.399,1.9419,1.94295,2.40,1.00
2009.02.06 11:16:30.980,1.94195,1.94275,2.40,1.00
2009.02.06 11:16:31.918,1.9419,1.94265,2.40,1.00
2009.02.06 11:16:32.098,1.94205,1.9428,2.40,1.00
2009.02.06 11:16:33.498,1.9421,1.9429,2.40,1.00
2009.02.06 11:16:34.588,1.94205,1.9428,2.40,1.00
2009.02.06 11:16:36.797,1.94195,1.94275,4.00,1.00
2009.02.06 11:16:36.857,1.9419,1.94265,2.40,1.00
2009.02.06 11:16:37.447,1.94195,1.94275,2.40,1.60
2009.02.06 11:16:37.847,1.94195,1.94275,2.40,1.00
2009.02.06 11:16:38.317,1.9419,1.94265,2.40,1.00
2009.02.06 11:16:39.237,1.94195,1.94275,2.40,1.60
2009.02.06 11:16:39.827,1.94195,1.94275,4.00,1.60
2009.02.06 11:16:40.586,1.94195,1.94265,1.60,1.00
2009.02.06 11:16:40.766,1.9419,1.94265,2.40,1.00
2009.02.06 11:16:45.455,1.9418,1.9425,1.60,1.00
2009.02.06 11:16:45.965,1.9419,1.9425,1.60,1.00
2009.02.06 11:16:46.715,1.9419,1.94235,1.60,1.00
2009.02.06 11:16:47.765,1.94195,1.9427,1.60,1.00
2009.02.06 11:16:48.235,1.9418,1.94245,1.60,1.00
2009.02.06 11:16:48.805,1.9418,1.9425,1.60,1.00
2009.02.06 11:16:49.144,1.9418,1.9426,1.60,1.60
2009.02.06 11:16:49.724,1.9418,1.9425,1.60,1.00
2009.02.06 11:16:50.874,1.9417,1.9425,2.40,1.00
2009.02.06 11:16:51.814,1.9417,1.94245,2.40,3.20
2009.02.06 11:16:52.154,1.9417,1.9425,2.40,1.00
2009.02.06 11:16:52.623,1.94155,1.94235,2.40,1.00
2009.02.06 11:16:53.333,1.9415,1.94225,2.40,1.00
2009.02.06 11:16:54.083,1.9414,1.9422,2.40,1.00
2009.02.06 11:16:56.692,1.9415,1.94225,2.40,1.00
2009.02.06 11:16:57.892,1.9414,1.9422,2.40,1.00
2009.02.06 11:16:58.632,1.9414,1.94215,2.40,1.60
2009.02.06 11:16:59.142,1.9415,1.94215,2.40,1.60
2009.02.06 11:17:02.152,1.94165,1.9422,2.40,1.60
2009.02.06 11:17:02.961,1.94165,1.94235,4.00,1.60
2009.02.06 11:17:03.371,1.94165,1.9423,2.40,1.60
2009.02.06 11:17:04.191,1.9417,1.9423,2.40,1.60
2009.02.06 11:17:07.990,1.9418,1.9423,2.40,1.60
2009.02.06 11:17:08.330,1.94185,1.94245,2.40,4.80
2009.02.06 11:17:08.569,1.94185,1.94255,2.40,3.20
2009.02.06 11:17:09.410,1.94195,1.9426,2.40,1.60
2009.02.06 11:17:14.008,1.9418,1.9425,1.60,1.00
2009.02.06 11:17:14.358,1.94165,1.94235,2.40,1.40
2009.02.06 11:17:14.658,1.94165,1.9423,2.40,1.60
2009.02.06 11:17:15.408,1.94175,1.9425,2.40,1.00
2009.02.06 11:17:15.908,1.9416,1.94235,4.40,1.00
2009.02.06 11:17:16.298,1.94165,1.9427,2.00,1.60
2009.02.06 11:17:17.227,1.94165,1.9426,2.00,1.60
2009.02.06 11:17:17.348,1.94145,1.94185,4.00,1.20
2009.02.06 11:17:17.747,1.94145,1.94215,4.40,1.60
2009.02.06 11:17:17.867,1.9416,1.9425,2.40,1.60
2009.02.06 11:17:18.037,1.9417,1.9428,2.00,1.60
2009.02.06 11:17:19.567,1.94165,1.9426,3.60,1.60
2009.02.06 11:17:19.617,1.94165,1.94245,3.60,1.00
2009.02.06 11:17:20.257,1.9415,1.9423,1.60,1.00
2009.02.06 11:17:20.727,1.94145,1.9423,4.40,1.00
2009.02.06 11:17:21.906,1.94145,1.9422,2.40,1.00
2009.02.06 11:17:23.876,1.94135,1.94215,2.40,1.00
2009.02.06 11:17:25.585,1.9414,1.9422,2.40,1.40
2009.02.06 11:17:25.865,1.9414,1.9422,2.40,1.00
2009.02.06 11:17:28.535,1.94135,1.9421,2.40,1.00
2009.02.06 11:17:29.574,1.9414,1.9422,2.40,1.00
2009.02.06 11:17:31.604,1.94145,1.94235,2.40,3.20
2009.02.06 11:17:32.004,1.94145,1.94245,4.40,1.00
2009.02.06 11:17:32.414,1.9416,1.94245,2.40,3.20
2009.02.06 11:17:33.583,1.9416,1.94255,2.40,3.20
2009.02.06 11:17:33.933,1.94145,1.94245,6.00,1.00
2009.02.06 11:17:34.323,1.94145,1.94245,4.40,1.60
2009.02.06 11:17:34.733,1.9414,1.94225,2.40,1.60
2009.02.06 11:17:35.884,1.94125,1.9421,2.00,1.60
2009.02.06 11:17:36.353,1.94115,1.9421,2.40,1.60
2009.02.06 11:17:37.762,1.94115,1.94215,2.40,4.80
2009.02.06 11:17:38.262,1.94115,1.9421,2.40,1.60
2009.02.06 11:17:38.732,1.9413,1.9421,2.40,1.60
2009.02.06 11:17:39.352,1.94135,1.94215,2.40,1.60
2009.02.06 11:17:39.932,1.94105,1.9421,2.40,1.60
2009.02.06 11:17:41.451,1.94115,1.94215,2.40,1.60
2009.02.06 11:17:42.101,1.94125,1.9422,2.40,1.20
2009.02.06 11:17:42.861,1.94125,1.94225,2.40,4.20
2009.02.06 11:17:43.341,1.94125,1.9422,2.40,1.20
2009.02.06 11:17:46.520,1.94125,1.94205,2.40,1.40
2009.02.06 11:17:47.040,1.9409,1.94195,2.40,3.20
2009.02.06 11:17:47.450,1.9408,1.94195,2.40,3.20
2009.02.06 11:17:47.990,1.9408,1.9418,2.40,1.60
2009.02.06 11:17:48.500,1.9411,1.94185,2.40,1.60
2009.02.06 11:17:48.950,1.9411,1.94185,2.40,3.20
2009.02.06 11:17:49.260,1.9408,1.94195,2.40,4.20
2009.02.06 11:17:49.999,1.9408,1.9419,2.40,1.20
2009.02.06 11:17:50.479,1.9409,1.94185,2.40,3.20
2009.02.06 11:17:51.369,1.94085,1.94185,2.40,3.20
2009.02.06 11:17:51.889,1.94085,1.94185,2.40,4.80
2009.02.06 11:17:53.269,1.94075,1.9418,2.40,1.00
2009.02.06 11:17:53.379,1.94085,1.94185,2.40,4.80
2009.02.06 11:17:53.898,1.94075,1.9418,2.40,1.00
2009.02.06 11:17:54.818,1.94065,1.9415,1.60,1.00
2009.02.06 11:17:55.108,1.9406,1.9415,2.40,1.00
2009.02.06 11:17:55.278,1.9407,1.9415,1.00,1.00
2009.02.06 11:17:55.618,1.9409,1.9417,2.40,1.60
2009.02.06 11:17:56.078,1.9408,1.94195,2.40,1.60
2009.02.06 11:17:56.529,1.9408,1.942,2.40,1.00
2009.02.06 11:17:58.737,1.94075,1.9418,2.40,1.00
2009.02.06 11:18:04.656,1.94085,1.94185,2.40,1.60
2009.02.06 11:18:05.056,1.94085,1.94185,2.40,4.80
2009.02.06 11:18:15.623,1.94085,1.9418,2.40,1.60
2009.02.06 11:18:16.313,1.94085,1.94185,2.40,4.80
2009.02.06 11:18:17.513,1.9409,1.94185,2.40,4.80
2009.02.06 11:18:19.932,1.9409,1.9418,2.40,1.60
2009.02.06 11:18:24.051,1.9409,1.94185,2.40,4.80
2009.02.06 11:18:26.001,1.9409,1.94185,2.40,1.00
2009.02.06 11:18:27.021,1.9409,1.94185,2.40,4.80
2009.02.06 11:18:27.470,1.94095,1.94185,2.40,4.80
2009.02.06 11:18:28.440,1.94105,1.94185,2.40,3.20
2009.02.06 11:18:29.160,1.9412,1.94185,2.40,3.20
2009.02.06 11:18:29.570,1.94135,1.94195,2.40,3.20
2009.02.06 11:18:29.980,1.94135,1.94205,2.40,3.20
2009.02.06 11:18:30.450,1.94125,1.942,2.40,1.00
2009.02.06 11:18:31.839,1.9412,1.9419,2.40,1.00
2009.02.06 11:18:32.469,1.9412,1.94195,2.40,3.20
2009.02.06 11:18:32.949,1.9412,1.9421,2.40,1.60
2009.02.06 11:18:33.419,1.9412,1.94215,2.40,4.80
2009.02.06 11:18:35.359,1.9412,1.9421,2.40,1.60
2009.02.06 11:18:40.387,1.9412,1.9421,2.40,3.00
2009.02.06 11:18:40.507,1.9411,1.94205,2.40,1.40
2009.02.06 11:18:41.138,1.94105,1.94195,2.40,1.60
2009.02.06 11:18:41.667,1.94105,1.942,2.40,1.60
2009.02.06 11:18:42.587,1.9411,1.942,2.40,1.60
2009.02.06 11:18:43.507,1.9412,1.94205,2.40,8.00
2009.02.06 11:18:43.926,1.94125,1.9422,2.40,1.20
2009.02.06 11:18:44.446,1.94125,1.94225,2.40,5.80
2009.02.06 11:18:45.086,1.9412,1.9422,2.40,1.00
2009.02.06 11:18:45.676,1.9417,1.94255,2.40,1.60
2009.02.06 11:18:46.146,1.94135,1.9424,2.40,1.00
2009.02.06 11:18:46.496,1.94145,1.94245,2.40,1.00
2009.02.06 11:18:46.836,1.9415,1.9423,2.40,1.00
2009.02.06 11:18:47.626,1.9414,1.94235,2.40,1.00
2009.02.06 11:18:48.376,1.9413,1.94225,2.40,1.00
2009.02.06 11:18:49.395,1.9414,1.94235,2.40,1.20
2009.02.06 11:18:49.865,1.9414,1.94235,2.40,1.00
2009.02.06 11:18:50.605,1.94135,1.9423,2.40,1.00
2009.02.06 11:18:51.705,1.9414,1.94235,2.40,1.00
2009.02.06 11:18:51.824,1.94135,1.9423,2.40,1.00
2009.02.06 11:18:52.164,1.9413,1.94225,2.40,1.00
2009.02.06 11:18:52.505,1.9412,1.9422,2.40,1.00
2009.02.06 11:18:55.204,1.9412,1.94215,2.40,1.00
2009.02.06 11:18:56.004,1.94115,1.9421,2.40,1.00
2009.02.06 11:19:13.209,1.9412,1.94215,2.40,1.00
2009.02.06 11:19:13.729,1.9412,1.94215,5.20,1.00
2009.02.06 11:19:14.309,1.94175,1.94235,2.40,5.60
2009.02.06 11:19:14.429,1.9411,1.9422,10.40,1.20
2009.02.06 11:19:14.959,1.9411,1.9422,2.40,1.20
2009.02.06 11:19:15.299,1.94105,1.94215,2.40,1.00
2009.02.06 11:19:20.538,1.9417,1.9422,2.40,1.20
2009.02.06 11:19:20.777,1.9417,1.9424,2.40,1.60
2009.02.06 11:19:23.867,1.9419,1.9424,2.40,1.60
2009.02.06 11:19:24.557,1.9417,1.94225,1.00,1.00
2009.02.06 11:19:25.027,1.9411,1.9422,3.20,1.00
2009.02.06 11:19:25.146,1.9411,1.9422,2.40,1.00
2009.02.06 11:19:25.536,1.94105,1.94215,2.40,1.00
2009.02.06 11:19:30.425,1.9411,1.94205,2.40,1.00
2009.02.06 11:19:40.903,1.94105,1.942,2.40,1.00
2009.02.06 11:19:41.472,1.94095,1.94195,3.20,1.00
2009.02.06 11:19:41.762,1.94115,1.942,2.40,1.00
2009.02.06 11:19:42.402,1.9411,1.9419,2.40,1.00
2009.02.06 11:19:43.142,1.9411,1.9418,2.40,1.00
2009.02.06 11:19:43.652,1.94125,1.942,2.40,1.00
2009.02.06 11:19:45.732,1.9412,1.9419,2.40,1.00
2009.02.06 11:19:46.151,1.94125,1.942,2.40,1.00
2009.02.06 11:19:50.930,1.9412,1.9419,2.40,4.80
2009.02.06 11:19:51.170,1.9414,1.94195,2.40,1.00
2009.02.06 11:19:51.860,1.9416,1.94205,2.40,4.80
2009.02.06 11:19:52.220,1.94135,1.94205,2.40,4.80
2009.02.06 11:19:52.330,1.94135,1.94205,2.40,1.00
2009.02.06 11:19:52.620,1.9414,1.9421,2.40,1.60
2009.02.06 11:19:52.790,1.9414,1.9421,2.40,1.00
2009.02.06 11:19:53.310,1.9415,1.9421,2.40,1.60
2009.02.06 11:19:53.829,1.9415,1.9421,2.40,1.00
2009.02.06 11:19:55.369,1.9414,1.9421,2.40,1.00
2009.02.06 11:20:01.298,1.9416,1.9421,2.40,1.60
2009.02.06 11:20:01.698,1.9417,1.9423,2.40,1.20
2009.02.06 11:20:01.808,1.9417,1.9423,2.40,1.00
2009.02.06 11:20:02.288,1.94175,1.94235,2.40,1.00
2009.02.06 11:20:02.678,1.94165,1.94215,2.40,1.60
2009.02.06 11:20:04.037,1.9418,1.94255,2.40,1.60
2009.02.06 11:20:04.557,1.94195,1.94285,2.40,3.20
2009.02.06 11:20:04.967,1.9421,1.9429,2.40,1.00
2009.02.06 11:20:05.807,1.9422,1.9429,2.40,1.20
2009.02.06 11:20:06.366,1.94215,1.9429,2.40,1.00
2009.02.06 11:20:06.936,1.942,1.94275,2.40,1.00
2009.02.06 11:20:07.686,1.94195,1.94265,2.40,1.00
2009.02.06 11:20:08.376,1.94185,1.9426,2.40,1.00
2009.02.06 11:20:10.726,1.94195,1.94265,2.40,1.00
2009.02.06 11:20:13.205,1.942,1.94275,2.40,1.00
2009.02.06 11:20:15.174,1.9421,1.9428,2.40,1.00
2009.02.06 11:20:15.914,1.94215,1.9429,2.40,1.00
2009.02.06 11:20:16.554,1.9421,1.9428,2.40,1.00
2009.02.06 11:20:24.592,1.942,1.94275,2.40,1.00
2009.02.06 11:20:25.162,1.94195,1.94265,2.40,1.00
2009.02.06 11:20:25.442,1.94185,1.9426,2.40,1.00
2009.02.06 11:20:29.971,1.94185,1.94245,2.40,1.00
2009.02.06 11:20:30.381,1.94145,1.94225,2.40,1.20
2009.02.06 11:20:30.871,1.94145,1.94265,2.40,1.00
2009.02.06 11:20:31.170,1.94145,1.94265,2.40,3.20
2009.02.06 11:20:31.570,1.94165,1.94265,2.40,3.20
2009.02.06 11:20:33.010,1.94165,1.9426,2.40,1.00
2009.02.06 11:20:34.260,1.9417,1.94265,2.40,3.20
2009.02.06 11:20:34.980,1.9419,1.94265,2.40,3.20
2009.02.06 11:20:36.629,1.942,1.94275,2.40,3.20
2009.02.06 11:20:37.820,1.94215,1.94275,2.40,3.20
2009.02.06 11:20:38.269,1.94225,1.94285,2.40,3.20
2009.02.06 11:20:39.408,1.94215,1.94285,2.40,3.20
2009.02.06 11:20:39.868,1.94215,1.9429,2.40,1.00
2009.02.06 11:20:41.328,1.942,1.94295,2.40,4.20
2009.02.06 11:20:41.688,1.942,1.94295,2.40,1.00
2009.02.06 11:20:42.168,1.9421,1.94295,2.00,1.00
2009.02.06 11:20:42.698,1.9424,1.94315,2.40,3.20
2009.02.06 11:20:43.257,1.9424,1.9433,2.40,1.20
2009.02.06 11:20:43.668,1.9424,1.9435,2.40,1.00
2009.02.06 11:20:44.008,1.94265,1.9436,2.40,2.60
2009.02.06 11:20:45.037,1.94245,1.94345,2.40,1.00
2009.02.06 11:20:45.907,1.94235,1.94345,2.00,1.00
2009.02.06 11:20:46.377,1.9423,1.94335,2.40,1.20
2009.02.06 11:20:47.186,1.9423,1.9433,2.40,1.00
2009.02.06 11:20:47.886,1.9424,1.94335,2.40,1.00
2009.02.06 11:20:48.637,1.9423,1.9433,2.40,1.00
2009.02.06 11:20:49.266,1.9423,1.94315,2.40,1.00
2009.02.06 11:20:51.275,1.9424,1.9431,2.40,1.00
2009.02.06 11:20:52.625,1.9423,1.94305,2.40,1.00
2009.02.06 11:20:55.905,1.94225,1.94295,2.40,1.00
2009.02.06 11:20:57.174,1.94215,1.9429,2.40,1.00
2009.02.06 11:20:58.474,1.94195,1.9426,2.40,1.60
2009.02.06 11:20:59.004,1.94205,1.9426,2.40,1.60
2009.02.06 11:20:59.624,1.94215,1.94285,2.40,3.20
2009.02.06 11:21:00.024,1.94215,1.943,2.40,1.00
2009.02.06 11:21:00.603,1.9418,1.94295,2.40,1.00
2009.02.06 11:21:01.693,1.9421,1.9428,2.40,1.00
2009.02.06 11:21:02.743,1.94215,1.9429,2.40,1.00
2009.02.06 11:21:04.133,1.942,1.94275,2.40,1.00
2009.02.06 11:21:04.992,1.94185,1.9426,2.40,1.00
2009.02.06 11:21:09.051,1.94195,1.94265,2.40,1.00
2009.02.06 11:21:11.591,1.94185,1.9426,2.40,1.00
2009.02.06 11:21:14.770,1.9418,1.9425,2.40,1.00
2009.02.06 11:21:15.000,1.9417,1.94245,2.40,1.00
2009.02.06 11:21:20.039,1.9418,1.9425,2.40,1.00
2009.02.06 11:21:21.088,1.9417,1.94245,2.40,1.00
2009.02.06 11:21:23.288,1.9418,1.9425,2.40,1.00
2009.02.06 11:21:28.707,1.94165,1.94235,2.40,1.00
2009.02.06 11:21:29.187,1.9418,1.9425,2.40,1.20
2009.02.06 11:21:29.546,1.94185,1.94255,2.40,3.20
2009.02.06 11:21:29.986,1.9415,1.94255,2.40,3.20
2009.02.06 11:21:31.246,1.9416,1.9424,2.40,1.00
2009.02.06 11:21:32.456,1.94165,1.94235,2.40,1.00
2009.02.06 11:21:33.765,1.9418,1.94255,2.40,3.20
2009.02.06 11:21:34.475,1.9417,1.94235,2.40,1.00
2009.02.06 11:21:34.875,1.94195,1.9425,2.40,1.00
2009.02.06 11:21:35.335,1.9419,1.9427,2.40,1.00
2009.02.06 11:21:35.805,1.94185,1.94255,2.40,1.00
2009.02.06 11:21:37.425,1.94175,1.9424,2.40,1.00
2009.02.06 11:21:39.444,1.9416,1.94225,2.40,1.00
2009.02.06 11:21:50.261,1.94145,1.94215,2.40,1.00
2009.02.06 11:21:51.831,1.9416,1.9422,2.40,1.00
2009.02.06 11:21:53.860,1.94155,1.94215,2.40,1.00
2009.02.06 11:21:57.889,1.9416,1.9422,2.40,1.00
2009.02.06 11:21:58.349,1.94155,1.94215,2.40,1.00
2009.02.06 11:21:58.730,1.9416,1.9422,2.40,1.00
2009.02.06 11:22:01.709,1.94165,1.9422,2.40,1.00
2009.02.06 11:22:05.538,1.9417,1.9423,2.40,1.60
2009.02.06 11:22:05.708,1.9417,1.9423,2.40,1.00
2009.02.06 11:22:08.817,1.94165,1.9422,2.40,1.00
2009.02.06 11:22:18.355,1.94155,1.94215,2.40,1.00
2009.02.06 11:22:20.014,1.94165,1.9422,2.40,1.00
2009.02.06 11:22:21.874,1.94155,1.94215,2.40,1.00
2009.02.06 11:22:21.994,1.9416,1.94225,2.40,1.00
2009.02.06 11:22:22.473,1.94155,1.9422,2.40,1.00
2009.02.06 11:22:23.283,1.94165,1.94225,2.40,1.00
2009.02.06 11:22:24.813,1.9418,1.94245,2.40,1.60
2009.02.06 11:22:25.143,1.9418,1.94245,2.40,1.00
2009.02.06 11:22:25.803,1.9418,1.9424,2.40,1.00
2009.02.06 11:22:29.072,1.94175,1.9423,2.40,1.00
2009.02.06 11:22:29.662,1.9418,1.9424,2.40,1.00
2009.02.06 11:22:30.472,1.94175,1.9423,2.40,1.00
2009.02.06 11:22:30.891,1.9418,1.9424,2.40,1.00
2009.02.06 11:22:32.221,1.9419,1.94245,2.40,1.00
2009.02.06 11:22:32.691,1.9418,1.9424,2.40,1.00
2009.02.06 11:22:33.781,1.9419,1.94245,2.40,1.00
2009.02.06 11:22:34.691,1.94205,1.9426,2.40,1.60
2009.02.06 11:22:35.161,1.94205,1.9426,2.40,1.00
2009.02.06 11:22:35.741,1.94195,1.94255,2.40,1.00
2009.02.06 11:22:36.900,1.94175,1.9425,2.40,1.00
2009.02.06 11:22:38.740,1.94165,1.94245,2.40,1.00
2009.02.06 11:22:40.069,1.9416,1.94235,2.40,1.00
2009.02.06 11:22:41.239,1.9416,1.9423,2.40,1.00
2009.02.06 11:22:44.388,1.9416,1.9423,2.40,1.60
2009.02.06 11:22:44.558,1.9415,1.9421,2.40,1.00
2009.02.06 11:22:45.080,1.94155,1.94215,2.40,1.00
2009.02.06 11:22:45.478,1.9415,1.9421,2.40,1.00
2009.02.06 11:22:46.588,1.9413,1.942,2.40,1.00
2009.02.06 11:22:46.878,1.9413,1.942,2.40,1.60
2009.02.06 11:22:47.218,1.9412,1.9418,2.40,1.00
2009.02.06 11:22:48.227,1.9413,1.9419,2.40,1.00
2009.02.06 11:22:52.876,1.9412,1.9418,2.40,1.00
2009.02.06 11:22:53.326,1.94135,1.94195,2.40,1.00
2009.02.06 11:22:54.436,1.94145,1.942,2.40,1.60
2009.02.06 11:22:55.675,1.9416,1.94215,2.40,1.60
2009.02.06 11:23:05.243,1.94175,1.9423,2.40,1.00
2009.02.06 11:23:06.333,1.94165,1.94225,2.40,1.00
2009.02.06 11:23:08.363,1.9418,1.9424,2.40,1.00
2009.02.06 11:23:09.372,1.9417,1.94225,1.60,1.00
2009.02.06 11:23:09.493,1.94165,1.94225,2.40,1.00
2009.02.06 11:23:10.132,1.9416,1.94215,2.40,1.00
2009.02.06 11:23:10.652,1.9417,1.9425,2.40,4.80
2009.02.06 11:23:11.022,1.9417,1.9425,2.40,1.00
2009.02.06 11:23:13.961,1.9417,1.94235,2.40,3.20
2009.02.06 11:23:14.061,1.9417,1.9424,2.40,1.00
2009.02.06 11:23:15.851,1.9416,1.94225,2.40,1.00
2009.02.06 11:23:18.650,1.9417,1.94235,2.40,3.20
2009.02.06 11:23:19.220,1.9419,1.9425,2.40,1.00
2009.02.06 11:23:19.690,1.9417,1.9424,2.40,1.00
2009.02.06 11:23:26.238,1.94175,1.9423,2.40,1.00
2009.02.06 11:23:29.997,1.94175,1.94225,2.40,1.40
2009.02.06 11:23:30.397,1.9416,1.94215,2.40,1.60
2009.02.06 11:23:34.396,1.94165,1.94225,2.40,1.00
2009.02.06 11:23:35.036,1.94185,1.9423,2.40,1.60
2009.02.06 11:23:35.376,1.94185,1.9424,2.40,4.80
2009.02.06 11:23:35.556,1.9417,1.9424,2.40,1.00
2009.02.06 11:23:41.854,1.94195,1.94275,2.40,4.20
2009.02.06 11:23:42.514,1.9418,1.94255,2.40,1.60
2009.02.06 11:23:42.904,1.9417,1.9425,2.40,1.00
2009.02.06 11:23:43.295,1.94185,1.94245,2.40,1.60
2009.02.06 11:23:43.864,1.94185,1.9425,2.40,1.00
2009.02.06 11:23:44.884,1.94195,1.94255,2.40,1.00
2009.02.06 11:23:48.813,1.94185,1.9425,2.40,1.00
2009.02.06 11:23:51.132,1.9419,1.94245,2.40,1.00
2009.02.06 11:23:53.931,1.94195,1.94255,2.40,1.00
2009.02.06 11:23:55.161,1.9419,1.94245,2.40,1.00
2009.02.06 11:23:57.072,1.94205,1.9426,2.40,1.60
2009.02.06 11:23:57.641,1.94205,1.94265,2.40,1.00
2009.02.06 11:23:58.160,1.9419,1.94245,2.40,1.00
2009.02.06 11:23:58.680,1.9421,1.9428,2.40,1.00
2009.02.06 11:23:59.550,1.94195,1.94265,2.40,1.00
2009.02.06 11:23:59.930,1.9419,1.9425,2.40,1.00
2009.02.06 11:24:00.630,1.9421,1.9426,2.40,1.60
2009.02.06 11:24:00.990,1.9419,1.94265,2.40,1.00
2009.02.06 11:24:01.510,1.942,1.943,2.40,1.00
2009.02.06 11:24:01.919,1.9421,1.9429,2.40,1.00
2009.02.06 11:24:03.199,1.942,1.9427,2.40,1.00
2009.02.06 11:24:03.589,1.94215,1.94285,2.40,1.00
2009.02.06 11:24:03.879,1.94205,1.9428,2.40,1.00
2009.02.06 11:24:04.629,1.94215,1.94285,2.40,1.00
2009.02.06 11:24:05.209,1.94205,1.9428,2.40,1.00
2009.02.06 11:24:06.878,1.94215,1.94285,2.40,1.00
2009.02.06 11:24:07.678,1.9418,1.94265,2.40,1.00
2009.02.06 11:24:08.148,1.94195,1.9428,2.40,1.40
2009.02.06 11:24:08.868,1.9419,1.94265,2.40,1.00
2009.02.06 11:24:12.387,1.94185,1.94255,2.40,1.00
2009.02.06 11:24:17.386,1.9417,1.9424,2.40,1.00
2009.02.06 11:24:19.265,1.94175,1.9425,2.40,1.00
2009.02.06 11:24:19.605,1.94165,1.94235,2.40,1.00
2009.02.06 11:24:20.055,1.94175,1.94245,2.40,1.00
2009.02.06 11:24:20.735,1.94165,1.94225,2.40,1.00
2009.02.06 11:24:21.785,1.94175,1.9424,2.40,1.00
2009.02.06 11:24:22.844,1.94165,1.94225,2.40,1.00
2009.02.06 11:24:23.414,1.94175,1.9424,2.40,1.00
2009.02.06 11:24:23.754,1.9418,1.9425,2.40,1.00
2009.02.06 11:24:24.254,1.94185,1.94255,2.40,1.00
2009.02.06 11:24:26.214,1.9418,1.9425,2.40,1.00
2009.02.06 11:24:26.723,1.94185,1.9426,2.40,1.00
2009.02.06 11:24:27.833,1.9419,1.9425,2.40,1.00
2009.02.06 11:24:28.343,1.94185,1.9424,2.40,1.00
2009.02.06 11:24:28.683,1.94175,1.9424,2.40,1.00
2009.02.06 11:24:29.263,1.9419,1.9425,2.40,1.00
2009.02.06 11:24:30.113,1.94175,1.9424,2.40,1.00
2009.02.06 11:24:32.022,1.9419,1.94245,2.40,1.60
2009.02.06 11:24:33.432,1.94185,1.94245,2.40,1.60
2009.02.06 11:24:36.391,1.9418,1.9424,2.40,1.00
2009.02.06 11:24:37.541,1.94165,1.94225,2.40,1.00
2009.02.06 11:24:37.661,1.94165,1.94225,2.40,1.60
2009.02.06 11:24:38.361,1.9417,1.94225,2.40,1.60
2009.02.06 11:24:38.861,1.9417,1.94235,2.40,1.00
2009.02.06 11:24:40.380,1.94165,1.94225,2.40,1.00
2009.02.06 11:24:41.310,1.94175,1.94235,2.40,1.00
2009.02.06 11:24:41.890,1.9418,1.9424,2.40,1.00
2009.02.06 11:24:42.299,1.94175,1.94235,2.40,1.00
2009.02.06 11:24:43.819,1.9416,1.9422,2.40,1.00
2009.02.06 11:24:44.639,1.94165,1.94225,2.40,1.00
2009.02.06 11:24:45.049,1.9416,1.9423,2.40,1.00
2009.02.06 11:24:45.679,1.9415,1.9423,2.40,1.00
2009.02.06 11:24:45.909,1.9416,1.9423,2.40,1.00
2009.02.06 11:24:46.308,1.94165,1.94245,2.40,1.00
2009.02.06 11:24:46.819,1.94165,1.9424,2.40,1.20
2009.02.06 11:24:47.199,1.9418,1.9425,2.40,1.20
2009.02.06 11:24:47.888,1.9417,1.94235,4.00,1.00
2009.02.06 11:24:48.298,1.9417,1.94235,2.40,1.00
2009.02.06 11:24:50.128,1.9418,1.9424,2.40,1.00
2009.02.06 11:24:50.638,1.9417,1.94225,1.60,1.00
2009.02.06 11:24:50.748,1.94165,1.94225,2.40,1.00
2009.02.06 11:24:52.187,1.94175,1.94265,2.40,2.40
2009.02.06 11:24:52.657,1.94175,1.94275,2.40,3.20
2009.02.06 11:24:52.827,1.94175,1.9428,2.40,1.00
2009.02.06 11:24:53.697,1.9417,1.94265,4.40,1.00
2009.02.06 11:24:54.047,1.9417,1.94265,2.40,1.00
2009.02.06 11:24:54.507,1.9416,1.94235,4.40,1.00
2009.02.06 11:24:54.677,1.9416,1.94235,2.40,1.00
2009.02.06 11:24:54.917,1.9417,1.94255,2.40,1.00
2009.02.06 11:24:55.436,1.9417,1.94275,2.40,1.60
2009.02.06 11:24:55.776,1.9417,1.94275,2.40,1.00
2009.02.06 11:24:57.706,1.94175,1.9427,2.40,1.00
2009.02.06 11:24:59.126,1.9417,1.94265,2.00,1.00
2009.02.06 11:24:59.445,1.94165,1.94265,4.40,1.00
2009.02.06 11:25:00.085,1.94165,1.94265,2.40,1.00
2009.02.06 11:25:00.936,1.94155,1.9425,4.40,1.00
2009.02.06 11:25:01.405,1.94165,1.94265,2.40,1.00
2009.02.06 11:25:01.975,1.9416,1.94255,2.40,1.00
2009.02.06 11:25:02.905,1.94155,1.9425,2.00,1.00
2009.02.06 11:25:04.924,1.94145,1.9424,4.40,1.00
2009.02.06 11:25:06.634,1.9416,1.9424,1.60,1.00
2009.02.06 11:25:08.513,1.9417,1.9424,3.60,1.00
2009.02.06 11:25:08.563,1.9419,1.9425,2.40,1.00
2009.02.06 11:25:11.213,1.942,1.9426,2.40,1.60
2009.02.06 11:25:11.772,1.9419,1.9425,2.40,1.00
2009.02.06 11:25:14.512,1.94195,1.94255,2.40,1.00
2009.02.06 11:25:18.851,1.94185,1.94245,2.40,1.00
2009.02.06 11:25:19.091,1.94195,1.94255,2.40,1.00
2009.02.06 11:25:22.740,1.9421,1.9427,2.40,1.00
2009.02.06 11:25:23.180,1.942,1.94255,1.60,1.00
2009.02.06 11:25:23.340,1.94195,1.94255,2.40,1.00
2009.02.06 11:25:25.539,1.94205,1.94275,2.40,1.60
2009.02.06 11:25:25.709,1.94205,1.94275,2.40,1.00
2009.02.06 11:25:26.860,1.94195,1.9427,2.40,1.00
2009.02.06 11:25:27.159,1.94205,1.94275,2.40,1.00
2009.02.06 11:25:29.069,1.94205,1.9431,2.40,1.40
2009.02.06 11:25:29.358,1.94205,1.9431,2.40,1.00
2009.02.06 11:25:29.518,1.94215,1.94325,2.00,1.60
2009.02.06 11:25:29.688,1.94215,1.94335,2.00,1.00
2009.02.06 11:25:30.278,1.9421,1.94325,2.40,1.00
2009.02.06 11:25:31.108,1.94215,1.94325,2.00,1.00
2009.02.06 11:25:31.458,1.9421,1.94325,2.40,1.00
2009.02.06 11:25:31.888,1.94205,1.94325,2.00,1.00
2009.02.06 11:25:32.058,1.94195,1.9431,1.60,1.20
2009.02.06 11:25:32.807,1.94185,1.9431,4.40,1.20
2009.02.06 11:25:33.037,1.9419,1.94315,2.00,1.20
2009.02.06 11:25:35.107,1.9421,1.94315,2.40,1.20
2009.02.06 11:25:35.547,1.9421,1.9432,2.40,1.20
2009.02.06 11:25:36.857,1.94225,1.9433,2.40,1.00
2009.02.06 11:25:52.093,1.94245,1.94335,2.40,1.00
2009.02.06 11:25:52.612,1.94235,1.9433,2.40,1.00
2009.02.06 11:26:01.621,1.94225,1.94295,2.00,1.00
2009.02.06 11:26:01.790,1.9422,1.94295,2.40,1.00
2009.02.06 11:26:06.909,1.9423,1.943,2.40,1.00
2009.02.06 11:26:12.788,1.9422,1.9429,2.40,1.00
2009.02.06 11:26:14.437,1.94215,1.94285,2.40,1.00
2009.02.06 11:26:15.137,1.9422,1.94325,2.40,1.00
2009.02.06 11:26:16.157,1.94235,1.94315,2.40,1.00
2009.02.06 11:26:16.787,1.94225,1.94305,2.40,1.00
2009.02.06 11:26:17.287,1.94245,1.94315,2.40,1.00
2009.02.06 11:26:21.786,1.94235,1.94305,2.40,1.00
2009.02.06 11:26:22.355,1.94245,1.94315,2.40,1.00
2009.02.06 11:26:35.282,1.94245,1.94315,7.20,1.00
2009.02.06 11:26:35.802,1.9427,1.94315,1.60,1.00
2009.02.06 11:26:35.913,1.94275,1.94325,1.60,1.00
2009.02.06 11:26:39.441,1.94285,1.94315,1.60,1.00
2009.02.06 11:26:40.271,1.94265,1.94325,2.40,1.00
2009.02.06 11:26:40.431,1.94245,1.94315,2.40,1.00
2009.02.06 11:26:47.909,1.94255,1.94315,3.20,1.00
2009.02.06 11:26:48.079,1.9427,1.94315,1.60,1.00
2009.02.06 11:26:48.139,1.9427,1.94325,1.60,1.00
2009.02.06 11:26:48.559,1.94275,1.94325,1.60,1.00
2009.02.06 11:26:51.978,1.94285,1.94345,1.60,1.00
2009.02.06 11:26:53.028,1.9427,1.94345,2.40,1.00
2009.02.06 11:26:53.408,1.9426,1.94345,3.60,1.00
2009.02.06 11:26:53.988,1.9426,1.94325,3.60,1.00
2009.02.06 11:26:54.038,1.94245,1.94325,2.40,1.00
2009.02.06 11:26:56.997,1.94265,1.94325,2.40,1.00
2009.02.06 11:26:59.266,1.94255,1.94315,4.00,1.00
2009.02.06 11:26:59.686,1.94255,1.94315,2.40,1.00
2009.02.06 11:26:59.866,1.9425,1.9431,2.40,1.00
2009.02.06 11:27:00.436,1.9426,1.94325,2.40,1.40
2009.02.06 11:27:00.856,1.9427,1.9437,2.00,1.00
2009.02.06 11:27:01.306,1.94265,1.9437,2.00,1.60
2009.02.06 11:27:01.926,1.94255,1.9436,2.00,1.60
2009.02.06 11:27:02.836,1.94255,1.943,2.00,1.00
2009.02.06 11:27:03.206,1.94265,1.94325,2.40,1.60
2009.02.06 11:27:03.595,1.94265,1.9438,2.40,1.60
2009.02.06 11:27:03.706,1.94255,1.94375,2.00,1.00
2009.02.06 11:27:04.225,1.94255,1.9434,2.00,1.00
2009.02.06 11:27:04.405,1.9426,1.9434,2.40,1.00
2009.02.06 11:27:04.745,1.94265,1.94345,2.40,1.00
2009.02.06 11:27:05.165,1.9426,1.9434,2.40,1.00
2009.02.06 11:27:08.124,1.94255,1.9433,2.40,1.00
2009.02.06 11:27:08.295,1.94245,1.94325,2.40,1.00
2009.02.06 11:27:11.783,1.94235,1.94305,1.60,1.00
2009.02.06 11:27:12.374,1.9425,1.94315,2.40,1.00
2009.02.06 11:27:13.283,1.94255,1.94325,2.40,1.00
2009.02.06 11:27:14.133,1.94245,1.94325,2.40,1.00
2009.02.06 11:27:14.823,1.94235,1.9432,2.00,1.00
2009.02.06 11:27:15.243,1.9425,1.9432,2.40,1.00
2009.02.06 11:27:16.172,1.9421,1.9431,1.60,1.00
2009.02.06 11:27:16.942,1.94205,1.9431,2.00,1.00
2009.02.06 11:27:17.292,1.9423,1.94345,2.40,1.00
2009.02.06 11:27:18.852,1.94255,1.94335,2.40,1.00
2009.02.06 11:27:20.731,1.94245,1.94325,4.40,1.00
2009.02.06 11:27:21.301,1.94245,1.94325,2.40,1.00
2009.02.06 11:27:23.831,1.94255,1.94325,2.40,1.00
2009.02.06 11:27:25.560,1.94265,1.94335,2.40,1.00
2009.02.06 11:27:28.899,1.9427,1.9437,2.40,1.60
2009.02.06 11:27:29.369,1.94255,1.9433,2.40,1.00
2009.02.06 11:27:29.789,1.9426,1.9433,2.00,1.00
2009.02.06 11:27:30.219,1.94255,1.9433,2.40,1.00
2009.02.06 11:27:31.359,1.94265,1.94325,2.40,1.00
2009.02.06 11:27:31.778,1.9427,1.94335,2.40,1.00
2009.02.06 11:27:35.928,1.94285,1.94345,2.40,1.00
2009.02.06 11:27:42.376,1.943,1.9438,2.40,1.00
2009.02.06 11:27:42.836,1.94305,1.9439,2.40,1.00
2009.02.06 11:27:44.486,1.9431,1.9437,2.40,1.00
2009.02.06 11:27:44.586,1.94315,1.94375,2.40,1.00
2009.02.06 11:27:46.625,1.9431,1.9437,2.40,1.00
2009.02.06 11:27:50.934,1.94315,1.94375,2.40,1.00
2009.02.06 11:27:51.764,1.9433,1.94395,2.40,1.00
2009.02.06 11:27:51.984,1.9434,1.944,2.40,1.00
2009.02.06 11:27:52.504,1.9433,1.94405,2.40,1.00
2009.02.06 11:27:52.973,1.94315,1.9439,2.40,1.00
2009.02.06 11:27:53.833,1.943,1.94375,2.40,1.00
2009.02.06 11:27:56.953,1.94305,1.94375,2.00,1.00
2009.02.06 11:27:57.413,1.94305,1.9435,2.00,1.00
2009.02.06 11:27:57.692,1.943,1.9435,1.60,1.00
2009.02.06 11:27:57.752,1.9428,1.9435,2.40,1.00
2009.02.06 11:27:59.392,1.943,1.9435,2.40,1.60
2009.02.06 11:27:59.792,1.943,1.94385,2.40,1.00
2009.02.06 11:28:00.412,1.943,1.94375,2.40,1.00
2009.02.06 11:28:02.971,1.94295,1.94355,2.40,1.00
2009.02.06 11:28:03.331,1.9429,1.94365,2.40,1.60
2009.02.06 11:28:03.842,1.9429,1.9437,2.40,1.00
2009.02.06 11:28:04.481,1.9431,1.9438,2.40,1.00
2009.02.06 11:28:04.941,1.9429,1.9437,2.40,1.00
2009.02.06 11:28:05.301,1.94285,1.9436,2.40,1.00
2009.02.06 11:28:08.080,1.94295,1.94365,2.40,1.00
2009.02.06 11:28:11.059,1.943,1.94375,2.40,1.00
2009.02.06 11:28:13.968,1.94295,1.94365,2.40,1.00
2009.02.06 11:28:15.688,1.94315,1.94375,2.40,1.00
2009.02.06 11:28:17.967,1.9433,1.9439,2.40,1.60
2009.02.06 11:28:18.137,1.9433,1.9439,4.00,1.00
2009.02.06 11:28:18.407,1.9433,1.94375,1.60,1.00
2009.02.06 11:28:19.507,1.94315,1.94375,4.00,1.00
2009.02.06 11:28:19.917,1.94315,1.9438,2.40,1.00
2009.02.06 11:28:23.726,1.94325,1.94385,2.40,1.00
2009.02.06 11:28:25.246,1.9433,1.9439,2.40,1.00
2009.02.06 11:28:26.625,1.94345,1.94405,2.40,1.60
2009.02.06 11:28:27.735,1.94345,1.94405,2.40,1.60
2009.02.06 11:28:27.895,1.94345,1.94405,2.40,1.00
2009.02.06 11:28:28.865,1.9434,1.944,2.40,1.00
2009.02.06 11:28:29.605,1.94345,1.9441,2.40,1.00
2009.02.06 11:28:30.115,1.9436,1.9442,2.40,1.00
2009.02.06 11:28:30.655,1.9434,1.944,2.40,1.00
2009.02.06 11:28:30.935,1.94325,1.94385,2.40,1.00
2009.02.06 11:28:32.804,1.9434,1.944,2.40,1.00
2009.02.06 11:28:33.164,1.9433,1.9439,2.40,1.00
2009.02.06 11:28:33.744,1.94345,1.94405,2.40,1.60
2009.02.06 11:28:34.243,1.94345,1.9441,2.40,1.00
2009.02.06 11:28:35.063,1.94345,1.94405,2.40,1.60
2009.02.06 11:28:35.813,1.9434,1.944,2.40,1.00
2009.02.06 11:28:36.273,1.94345,1.9441,2.40,1.00
2009.02.06 11:28:38.014,1.9433,1.94405,2.40,1.00
2009.02.06 11:28:39.472,1.9433,1.9441,2.40,1.00
2009.02.06 11:28:41.032,1.9433,1.94395,2.40,1.00
2009.02.06 11:28:42.911,1.9434,1.944,2.40,1.00
2009.02.06 11:28:44.661,1.9435,1.94405,2.40,1.00
2009.02.06 11:28:47.231,1.94345,1.94405,2.40,1.60
2009.02.06 11:28:48.760,1.94355,1.94405,2.40,1.60
2009.02.06 11:28:49.180,1.94355,1.94415,2.40,1.00
2009.02.06 11:28:57.838,1.9435,1.94405,2.40,1.00
2009.02.06 11:28:57.898,1.9433,1.94395,1.60,1.00
2009.02.06 11:28:58.198,1.94325,1.94395,2.40,1.00
2009.02.06 11:28:58.378,1.9434,1.94405,2.40,1.00
2009.02.06 11:28:59.277,1.94375,1.94425,2.40,1.60
2009.02.06 11:28:59.458,1.9441,1.9446,1.60,1.20
2009.02.06 11:28:59.747,1.9436,1.94445,2.40,1.00
2009.02.06 11:28:59.907,1.94345,1.94435,1.60,1.00
2009.02.06 11:29:00.427,1.9433,1.94435,1.60,1.00
2009.02.06 11:29:00.477,1.94315,1.94425,2.40,1.00
2009.02.06 11:29:01.397,1.94345,1.94425,2.40,1.00
2009.02.06 11:29:02.897,1.9436,1.9446,2.40,1.60
2009.02.06 11:29:03.007,1.9436,1.94465,2.40,1.00
2009.02.06 11:29:07.725,1.94375,1.94455,2.40,1.00
2009.02.06 11:29:08.185,1.94395,1.9449,2.40,1.60
2009.02.06 11:29:09.115,1.94405,1.94495,2.40,1.60
2009.02.06 11:29:09.505,1.944,1.94495,2.40,1.00
2009.02.06 11:29:11.834,1.9439,1.94485,4.40,1.00
2009.02.06 11:29:12.235,1.94395,1.9448,2.00,1.00
2009.02.06 11:29:12.594,1.94405,1.945,2.40,1.00
2009.02.06 11:29:14.124,1.944,1.94495,2.40,1.00
2009.02.06 11:29:20.143,1.9442,1.94495,2.40,1.00
2009.02.06 11:29:20.502,1.944,1.94495,2.40,1.00
2009.02.06 11:29:20.852,1.9442,1.94495,2.40,1.00
2009.02.06 11:29:21.622,1.94435,1.94515,2.40,1.00
2009.02.06 11:29:22.032,1.9441,1.94495,1.60,1.00
2009.02.06 11:29:22.562,1.9441,1.9453,2.40,1.20
2009.02.06 11:29:23.002,1.94395,1.94525,4.40,1.00
2009.02.06 11:29:23.753,1.9442,1.94535,2.40,1.00
2009.02.06 11:29:27.231,1.9446,1.94535,2.40,1.00
2009.02.06 11:29:27.981,1.9445,1.94525,2.40,1.00
2009.02.06 11:29:30.530,1.9445,1.94515,2.40,1.60
2009.02.06 11:29:30.860,1.9445,1.94515,2.40,1.00
2009.02.06 11:29:31.799,1.94435,1.9451,3.60,1.00
2009.02.06 11:29:32.350,1.94415,1.9451,2.40,1.00
2009.02.06 11:29:41.527,1.94405,1.945,4.40,1.00
2009.02.06 11:29:42.137,1.94405,1.945,2.40,1.00
2009.02.06 11:29:45.776,1.94415,1.9451,2.40,1.00
2009.02.06 11:29:47.756,1.9442,1.94515,2.40,1.00
2009.02.06 11:29:52.625,1.94425,1.94515,1.00,1.00
2009.02.06 11:29:52.744,1.94465,1.9453,2.40,1.60
2009.02.06 11:29:52.915,1.94465,1.94535,2.40,1.20
2009.02.06 11:29:53.204,1.9446,1.94515,1.60,1.00
2009.02.06 11:29:53.324,1.9444,1.94515,2.00,1.00
2009.02.06 11:29:53.424,1.9442,1.94515,1.60,1.00
2009.02.06 11:29:53.534,1.94405,1.94515,2.40,1.00
2009.02.06 11:29:55.044,1.94415,1.9451,4.40,1.00
2009.02.06 11:29:55.424,1.94435,1.9451,2.40,1.00
2009.02.06 11:29:56.064,1.94425,1.94505,2.40,1.00
2009.02.06 11:29:56.734,1.9442,1.94495,2.40,1.00
2009.02.06 11:29:59.543,1.9443,1.945,2.40,1.00
2009.02.06 11:30:00.083,1.9441,1.945,2.00,1.00
2009.02.06 11:30:00.373,1.94405,1.945,6.00,1.00
2009.02.06 11:30:00.603,1.94405,1.945,4.40,1.00
2009.02.06 11:30:01.472,1.944,1.94495,6.00,1.00
2009.02.06 11:30:01.762,1.94395,1.94485,3.60,1.00
2009.02.06 11:30:02.532,1.944,1.94485,2.00,1.00
2009.02.06 11:30:02.652,1.94415,1.94485,2.40,1.00
2009.02.06 11:30:03.062,1.9442,1.9452,2.40,1.60
2009.02.06 11:30:03.562,1.9441,1.9452,2.00,1.00
2009.02.06 11:30:03.732,1.9442,1.94525,2.40,1.00
2009.02.06 11:30:04.662,1.94435,1.94515,2.40,1.00
2009.02.06 11:30:06.671,1.94425,1.94515,2.00,1.00
2009.02.06 11:30:07.231,1.9443,1.94535,2.40,1.00
2009.02.06 11:30:07.591,1.94425,1.94515,2.40,1.00
2009.02.06 11:30:08.811,1.94435,1.9451,2.40,1.00
2009.02.06 11:30:09.691,1.94415,1.9451,2.40,1.00
2009.02.06 11:30:11.870,1.94405,1.94475,3.60,1.00
2009.02.06 11:30:12.100,1.94405,1.94475,1.60,1.00
2009.02.06 11:30:13.259,1.94405,1.9448,4.00,1.00
2009.02.06 11:30:16.869,1.94405,1.9448,2.40,1.00
2009.02.06 11:30:18.388,1.944,1.9447,2.40,1.00
2009.02.06 11:30:20.208,1.9439,1.94465,2.40,1.00
2009.02.06 11:30:22.787,1.94405,1.94475,2.40,1.00
2009.02.06 11:30:23.597,1.9438,1.94465,4.00,1.00
2009.02.06 11:30:24.227,1.9438,1.94465,2.40,1.00
2009.02.06 11:30:24.337,1.9439,1.9447,2.40,1.00
2009.02.06 11:30:25.307,1.9439,1.94465,2.40,1.00
2009.02.06 11:30:26.856,1.94405,1.94485,2.40,1.00
2009.02.06 11:30:27.396,1.9439,1.9447,2.40,1.00
2009.02.06 11:30:27.796,1.94405,1.9448,2.40,1.00
2009.02.06 11:30:30.346,1.94385,1.94465,2.40,1.00
2009.02.06 11:30:31.025,1.94405,1.94475,2.40,1.00
2009.02.06 11:30:31.435,1.94405,1.94465,4.00,1.00
2009.02.06 11:30:31.885,1.94415,1.94475,2.40,1.60
2009.02.06 11:30:32.225,1.94405,1.94465,2.40,1.60
2009.02.06 11:30:33.494,1.9442,1.94475,2.40,3.20
2009.02.06 11:30:33.825,1.94385,1.94475,2.40,4.20
2009.02.06 11:30:35.434,1.9442,1.9448,2.40,1.60
2009.02.06 11:30:36.094,1.9441,1.94465,2.40,3.20
2009.02.06 11:30:37.174,1.94405,1.94465,1.60,3.20
2009.02.06 11:30:37.594,1.94395,1.94465,4.80,4.20
2009.02.06 11:30:37.834,1.944,1.94465,2.40,4.20
2009.02.06 11:30:38.153,1.944,1.94455,2.40,3.20
2009.02.06 11:30:38.493,1.944,1.94465,2.40,3.20
2009.02.06 11:30:39.713,1.94405,1.94465,2.40,3.20
2009.02.06 11:30:40.013,1.9439,1.9447,2.40,1.20
2009.02.06 11:30:40.463,1.94405,1.94475,2.40,1.20
2009.02.06 11:30:41.563,1.94415,1.94495,2.40,1.20
2009.02.06 11:30:42.033,1.94445,1.94505,2.40,1.20
2009.02.06 11:30:42.423,1.94445,1.94515,2.40,3.20
2009.02.06 11:30:48.371,1.94445,1.94505,2.40,1.00
2009.02.06 11:30:48.721,1.94445,1.94505,2.40,3.20
2009.02.06 11:30:49.121,1.9445,1.94505,2.40,3.20
2009.02.06 11:30:50.211,1.94435,1.945,4.00,1.20
2009.02.06 11:30:50.600,1.94435,1.945,2.40,1.00
2009.02.06 11:30:51.010,1.9442,1.94485,2.40,1.00
2009.02.06 11:30:51.950,1.94405,1.9447,2.40,1.00
2009.02.06 11:30:52.520,1.94405,1.94455,2.40,1.20
2009.02.06 11:30:53.170,1.9437,1.94455,2.40,1.20
2009.02.06 11:30:54.370,1.94365,1.94435,2.40,1.20
2009.02.06 11:30:54.790,1.9436,1.94445,2.00,3.20
2009.02.06 11:30:55.740,1.94355,1.94455,4.40,1.00
2009.02.06 11:30:56.259,1.94355,1.9447,4.40,1.00
2009.02.06 11:30:57.719,1.9437,1.9447,2.40,1.00
2009.02.06 11:30:58.628,1.94375,1.9447,1.00,1.00
2009.02.06 11:30:58.969,1.94415,1.94485,2.40,1.20
2009.02.06 11:30:59.079,1.94415,1.94495,2.40,1.60
2009.02.06 11:30:59.558,1.944,1.9448,2.40,1.00
2009.02.06 11:31:00.418,1.94395,1.9447,2.40,1.00
2009.02.06 11:31:01.568,1.94405,1.94475,2.40,1.00
2009.02.06 11:31:02.658,1.9441,1.94485,2.40,1.00
2009.02.06 11:31:04.627,1.9442,1.9449,2.40,1.00
2009.02.06 11:31:05.497,1.944,1.94505,4.40,1.00
2009.02.06 11:31:06.007,1.944,1.94505,2.40,1.00
2009.02.06 11:31:12.575,1.94395,1.9449,2.40,1.00
2009.02.06 11:31:14.765,1.9439,1.94485,4.40,1.00
2009.02.06 11:31:16.854,1.94375,1.94465,2.00,1.00
2009.02.06 11:31:17.374,1.9439,1.94465,4.40,1.00
2009.02.06 11:31:17.794,1.9439,1.94465,2.40,1.00
2009.02.06 11:31:18.194,1.9439,1.94465,2.40,3.00
2009.02.06 11:31:19.084,1.94355,1.94445,2.40,1.00
2009.02.06 11:31:19.254,1.9435,1.94465,2.40,1.00
2009.02.06 11:31:19.643,1.9435,1.94465,12.40,1.00
2009.02.06 11:31:20.044,1.9436,1.9445,2.00,1.00
2009.02.06 11:31:20.363,1.94355,1.9445,3.60,1.00
2009.02.06 11:31:21.053,1.94355,1.9445,2.00,1.00
2009.02.06 11:31:21.553,1.94355,1.94435,2.40,1.00
2009.02.06 11:31:22.403,1.9436,1.94435,2.00,1.00
2009.02.06 11:31:22.813,1.9436,1.94465,2.40,3.20
2009.02.06 11:31:23.242,1.9436,1.94465,4.40,3.20
2009.02.06 11:31:23.693,1.9436,1.94465,2.40,3.20
2009.02.06 11:31:24.153,1.94325,1.94435,1.60,1.00
2009.02.06 11:31:24.502,1.9432,1.94435,4.40,1.00
2009.02.06 11:31:25.332,1.94325,1.94405,2.00,1.00
2009.02.06 11:31:25.892,1.9429,1.94395,4.40,1.00
2009.02.06 11:31:26.192,1.94295,1.94375,2.00,1.00
2009.02.06 11:31:26.872,1.9428,1.9438,2.00,1.00
2009.02.06 11:31:27.382,1.94295,1.94375,2.40,1.00
2009.02.06 11:31:27.701,1.9431,1.9438,2.40,1.00
2009.02.06 11:31:28.432,1.9433,1.9439,2.40,1.00
2009.02.06 11:31:29.151,1.9431,1.9438,4.00,1.00
2009.02.06 11:31:29.321,1.94335,1.94415,2.40,3.20
2009.02.06 11:31:30.011,1.9429,1.94385,1.60,1.00
2009.02.06 11:31:30.541,1.9428,1.94385,2.40,1.00
2009.02.06 11:31:31.811,1.9432,1.9439,2.40,1.00
2009.02.06 11:31:32.100,1.9431,1.94385,2.40,1.00
2009.02.06 11:31:33.640,1.94285,1.94375,3.60,1.00
2009.02.06 11:31:33.760,1.94285,1.94375,2.00,1.00
2009.02.06 11:31:34.120,1.94275,1.94375,1.60,1.00
2009.02.06 11:31:34.180,1.94265,1.94375,2.40,1.00
2009.02.06 11:31:34.300,1.94285,1.94375,2.40,1.00
2009.02.06 11:31:35.720,1.94295,1.94365,2.40,1.00
2009.02.06 11:31:37.149,1.9428,1.9436,2.40,1.00
2009.02.06 11:31:38.169,1.94295,1.94365,2.40,1.00
2009.02.06 11:31:39.589,1.9429,1.9437,2.40,1.00
2009.02.06 11:31:40.359,1.943,1.9437,2.00,1.00
2009.02.06 11:31:40.768,1.9431,1.94385,2.40,1.00
2009.02.06 11:31:41.728,1.94305,1.94385,2.40,1.00
2009.02.06 11:31:43.248,1.9433,1.94405,2.40,3.20
2009.02.06 11:31:44.547,1.9429,1.94385,2.40,1.00
2009.02.06 11:31:45.917,1.9431,1.94385,2.40,1.00
2009.02.06 11:31:46.537,1.9433,1.94405,2.40,1.00
2009.02.06 11:31:47.147,1.94325,1.944,2.40,1.00
2009.02.06 11:31:54.175,1.9433,1.94405,2.40,1.00
2009.02.06 11:31:55.085,1.94315,1.94395,4.40,1.00
2009.02.06 11:31:55.535,1.9433,1.94405,2.40,1.00
2009.02.06 11:31:56.205,1.94315,1.94395,4.40,1.00
2009.02.06 11:31:56.555,1.94315,1.94395,2.40,1.00
2009.02.06 11:31:59.174,1.9433,1.944,2.00,1.00
2009.02.06 11:31:59.584,1.94325,1.944,2.40,1.00
2009.02.06 11:32:01.843,1.94315,1.9439,2.40,1.00
2009.02.06 11:32:02.433,1.9433,1.94405,2.40,1.00
2009.02.06 11:32:04.493,1.9433,1.9441,2.40,1.00
2009.02.06 11:32:04.673,1.9434,1.94415,2.40,1.00
2009.02.06 11:32:06.672,1.94345,1.94425,2.40,1.00
2009.02.06 11:32:07.582,1.9433,1.9441,4.00,1.00
2009.02.06 11:32:08.202,1.9433,1.9441,2.40,1.00
2009.02.06 11:32:09.471,1.9434,1.94415,2.40,1.00
2009.02.06 11:32:10.471,1.94335,1.944,2.00,1.00
2009.02.06 11:32:11.121,1.9434,1.94415,2.40,1.00
2009.02.06 11:32:12.211,1.94345,1.9442,2.40,1.00
2009.02.06 11:32:12.731,1.9436,1.94435,2.40,1.00
2009.02.06 11:32:13.021,1.94345,1.94425,2.40,1.00
2009.02.06 11:32:14.620,1.94345,1.9442,2.40,1.00
2009.02.06 11:32:14.911,1.94335,1.94415,2.40,1.00
2009.02.06 11:32:15.780,1.9435,1.94425,2.40,1.00
2009.02.06 11:32:17.590,1.9437,1.9443,2.40,1.00
2009.02.06 11:32:21.219,1.9437,1.94435,2.40,1.00
2009.02.06 11:32:21.569,1.94385,1.9445,2.40,1.00
2009.02.06 11:32:21.968,1.94375,1.94435,1.60,1.00
2009.02.06 11:32:22.668,1.9437,1.94435,4.00,1.60
2009.02.06 11:32:23.288,1.94355,1.9442,2.40,1.00
2009.02.06 11:32:24.078,1.9437,1.94435,2.40,1.60
2009.02.06 11:32:24.788,1.9437,1.94435,2.40,1.00
2009.02.06 11:32:29.957,1.94335,1.94425,4.40,1.00
2009.02.06 11:32:30.486,1.94335,1.94425,2.40,1.00
2009.02.06 11:32:33.166,1.94355,1.94435,2.40,1.00
2009.02.06 11:32:33.616,1.94365,1.9444,2.40,1.00
2009.02.06 11:32:33.736,1.94355,1.94435,2.40,1.00
2009.02.06 11:32:35.315,1.94365,1.9444,2.40,1.00
2009.02.06 11:32:37.035,1.94365,1.94455,2.40,1.00
2009.02.06 11:32:37.964,1.9438,1.94455,2.40,1.00
2009.02.06 11:32:39.474,1.94365,1.9444,2.40,1.00
2009.02.06 11:32:41.164,1.94375,1.94475,2.40,3.20
2009.02.06 11:32:41.994,1.9438,1.94465,2.40,1.00
2009.02.06 11:32:42.404,1.94395,1.9447,2.40,1.00
2009.02.06 11:32:43.444,1.944,1.9448,2.40,1.00
2009.02.06 11:32:44.783,1.94415,1.945,2.40,1.00
2009.02.06 11:32:45.863,1.9438,1.94495,2.40,1.60
2009.02.06 11:32:46.963,1.9436,1.94475,4.40,1.60
2009.02.06 11:32:47.202,1.94355,1.9446,2.00,1.00
2009.02.06 11:32:48.052,1.94355,1.94435,2.00,1.60
2009.02.06 11:32:48.802,1.94365,1.9443,2.40,2.60
2009.02.06 11:32:48.862,1.94365,1.9443,2.40,1.20
2009.02.06 11:32:49.642,1.9437,1.9443,2.40,1.20
2009.02.06 11:32:50.042,1.94335,1.9442,2.40,1.20
2009.02.06 11:32:50.731,1.9434,1.9442,2.40,1.20
2009.02.06 11:32:52.001,1.9435,1.94425,2.40,1.20
2009.02.06 11:32:52.501,1.9437,1.9446,2.40,1.00
2009.02.06 11:32:52.911,1.9438,1.94465,2.40,1.00
2009.02.06 11:32:54.241,1.9437,1.9445,2.40,1.00
2009.02.06 11:32:56.880,1.9438,1.94455,2.40,1.00
2009.02.06 11:32:58.999,1.94385,1.94465,2.40,1.00
2009.02.06 11:32:59.989,1.9437,1.9445,2.00,1.00
2009.02.06 11:33:00.430,1.94305,1.9445,2.00,1.00
2009.02.06 11:33:01.509,1.943,1.9444,4.40,1.20
2009.02.06 11:33:02.019,1.9432,1.9444,2.00,1.20
2009.02.06 11:33:04.218,1.9432,1.9442,2.00,1.00
2009.02.06 11:33:04.328,1.94335,1.9442,2.40,1.00
2009.02.06 11:33:05.288,1.9434,1.94445,2.40,1.60
2009.02.06 11:33:05.908,1.9434,1.9445,2.40,1.00
2009.02.06 11:33:06.558,1.94335,1.94405,2.00,1.00
2009.02.06 11:33:06.668,1.94325,1.94405,2.40,1.00
2009.02.06 11:33:06.967,1.9434,1.9442,2.40,1.60
2009.02.06 11:33:07.717,1.9435,1.94415,2.40,1.00
2009.02.06 11:33:08.668,1.94365,1.94435,2.40,1.60
2009.02.06 11:33:09.057,1.9443,1.94475,2.40,1.60
2009.02.06 11:33:09.407,1.944,1.9449,2.00,1.00
2009.02.06 11:33:09.937,1.9438,1.9449,8.00,1.00
2009.02.06 11:33:10.497,1.9438,1.9448,2.40,1.00
2009.02.06 11:33:11.466,1.94385,1.94485,2.40,1.00
2009.02.06 11:33:12.897,1.94455,1.94505,2.40,3.20
2009.02.06 11:33:13.136,1.9443,1.94505,1.60,3.20
2009.02.06 11:33:13.256,1.944,1.9451,1.60,1.60
2009.02.06 11:33:13.616,1.94395,1.9451,2.40,1.60
2009.02.06 11:33:13.796,1.94375,1.9451,2.00,1.60
2009.02.06 11:33:14.216,1.94405,1.9451,2.40,1.60
2009.02.06 11:33:14.806,1.94405,1.9452,2.40,5.80
2009.02.06 11:33:15.176,1.9441,1.9453,4.40,1.20
2009.02.06 11:33:15.576,1.94415,1.94535,2.00,2.60
2009.02.06 11:33:15.975,1.94415,1.94535,2.00,1.20
2009.02.06 11:33:16.865,1.94415,1.94515,4.40,1.00
2009.02.06 11:33:17.275,1.94415,1.94515,2.40,1.00
2009.02.06 11:33:17.945,1.94415,1.94495,2.40,1.00
2009.02.06 11:33:19.085,1.9441,1.94485,2.40,1.00
2009.02.06 11:33:19.525,1.94425,1.94505,2.40,1.00
2009.02.06 11:33:20.734,1.94435,1.94505,2.80,1.00
2009.02.06 11:33:20.854,1.9446,1.94525,2.40,3.20
2009.02.06 11:33:21.264,1.9445,1.94525,4.40,1.60
2009.02.06 11:33:21.954,1.94455,1.9451,2.00,1.00
2009.02.06 11:33:22.524,1.94395,1.9451,2.40,1.00
2009.02.06 11:33:23.094,1.94395,1.94485,2.40,1.00
2009.02.06 11:33:23.504,1.9438,1.9447,2.40,1.00
2009.02.06 11:33:23.924,1.9446,1.9448,2.40,1.60
2009.02.06 11:33:24.533,1.94455,1.94495,2.40,11.20
2009.02.06 11:33:25.063,1.9449,1.9458,2.40,4.20
2009.02.06 11:33:25.563,1.945,1.9459,2.40,1.00
2009.02.06 11:33:26.263,1.9449,1.94555,2.40,1.00
2009.02.06 11:33:26.733,1.945,1.94565,2.40,1.00
2009.02.06 11:33:28.073,1.9449,1.94555,2.40,1.00
2009.02.06 11:33:28.722,1.94475,1.9454,4.00,1.60
2009.02.06 11:33:29.302,1.9448,1.9454,1.60,1.00
2009.02.06 11:33:29.412,1.94475,1.94545,2.00,1.00
2009.02.06 11:33:29.702,1.9447,1.94545,2.40,1.00
2009.02.06 11:33:29.822,1.9449,1.94555,2.40,1.00
2009.02.06 11:33:31.622,1.945,1.946,2.40,1.00
2009.02.06 11:33:33.091,1.94465,1.94555,2.40,1.00
2009.02.06 11:33:34.021,1.9449,1.9458,2.40,3.20
2009.02.06 11:33:34.401,1.9449,1.94575,2.40,1.00
2009.02.06 11:33:35.111,1.9449,1.9457,2.40,1.00
2009.02.06 11:33:36.440,1.94445,1.94565,1.60,1.00
2009.02.06 11:33:37.010,1.9443,1.94555,2.40,1.20
2009.02.06 11:33:38.210,1.94435,1.9454,2.40,1.00
2009.02.06 11:33:39.230,1.94435,1.9454,3.20,1.00
2009.02.06 11:33:39.400,1.9445,1.9454,2.40,1.00
2009.02.06 11:33:41.929,1.9447,1.94545,2.40,1.00
2009.02.06 11:33:42.379,1.94455,1.9453,2.40,1.00
2009.02.06 11:33:42.729,1.94445,1.94525,2.40,1.00
2009.02.06 11:33:43.989,1.9444,1.94505,2.40,1.00
2009.02.06 11:33:44.749,1.94445,1.9451,2.40,1.00
2009.02.06 11:33:45.338,1.94445,1.94525,2.40,1.00
2009.02.06 11:33:48.357,1.9446,1.94525,2.40,1.00
2009.02.06 11:33:53.537,1.94455,1.9452,2.40,1.00
2009.02.06 11:33:54.066,1.9446,1.94525,2.40,1.00
2009.02.06 11:34:02.434,1.9446,1.94525,2.40,3.20
2009.02.06 11:34:02.714,1.9446,1.94525,2.40,4.80
2009.02.06 11:34:03.674,1.94455,1.9452,2.40,1.00
2009.02.06 11:34:03.914,1.94455,1.9452,2.40,1.40
2009.02.06 11:34:03.974,1.94455,1.9452,2.40,6.20
2009.02.06 11:34:07.083,1.9446,1.9451,2.40,1.60
2009.02.06 11:34:07.753,1.94445,1.9451,2.40,1.60
2009.02.06 11:34:08.313,1.94445,1.94505,2.40,3.20
2009.02.06 11:34:09.182,1.9446,1.94505,2.40,3.20
2009.02.06 11:34:09.742,1.9445,1.94505,1.60,3.20
2009.02.06 11:34:10.372,1.9446,1.94505,2.40,3.20
2009.02.06 11:34:11.892,1.9444,1.94505,2.40,3.20
2009.02.06 11:34:12.802,1.94405,1.94495,2.40,3.20
2009.02.06 11:34:13.212,1.94405,1.94505,2.40,4.20
2009.02.06 11:34:13.502,1.9442,1.94505,2.40,3.20
2009.02.06 11:34:13.911,1.9442,1.9451,2.40,1.20
2009.02.06 11:34:14.031,1.9443,1.94515,2.40,1.20
2009.02.06 11:34:15.001,1.9443,1.94505,2.40,1.20
2009.02.06 11:34:15.961,1.9443,1.94515,2.40,1.20
2009.02.06 11:34:16.571,1.9447,1.94515,2.40,1.20
2009.02.06 11:34:16.991,1.9447,1.94535,2.40,4.80
2009.02.06 11:34:17.391,1.9447,1.94535,2.40,3.20
2009.02.06 11:34:19.070,1.9447,1.94535,2.40,3.20
2009.02.06 11:34:22.429,1.9447,1.94535,2.40,1.00
2009.02.06 11:34:27.048,1.94485,1.94545,2.40,3.20
2009.02.06 11:34:27.848,1.9447,1.94535,2.40,1.00
2009.02.06 11:34:28.378,1.94465,1.9452,1.60,1.00
2009.02.06 11:34:28.898,1.9446,1.94525,2.40,1.00
2009.02.06 11:34:30.397,1.94475,1.94545,2.40,3.20
2009.02.06 11:34:31.027,1.9446,1.94525,2.40,1.00
2009.02.06 11:34:32.877,1.94445,1.9451,2.40,1.00
2009.02.06 11:34:33.527,1.9446,1.94525,2.40,1.00
2009.02.06 11:34:33.986,1.94475,1.94535,1.60,1.00
2009.02.06 11:34:35.026,1.9447,1.94535,2.40,1.00
2009.02.06 11:34:35.826,1.94475,1.9454,2.40,1.60
2009.02.06 11:34:36.066,1.94475,1.9454,4.00,1.60
2009.02.06 11:34:36.746,1.9448,1.9454,1.60,1.60
2009.02.06 11:34:37.276,1.9448,1.94535,1.60,1.00
2009.02.06 11:34:37.506,1.9447,1.94535,2.40,1.00
2009.02.06 11:34:41.175,1.94465,1.94525,1.60,1.60
2009.02.06 11:34:42.794,1.9446,1.94525,2.40,1.00
2009.02.06 11:34:43.264,1.9447,1.94535,2.40,3.20
2009.02.06 11:34:43.794,1.9447,1.94535,2.40,1.00
2009.02.06 11:34:45.094,1.9447,1.94535,2.40,4.20
2009.02.06 11:34:45.424,1.9447,1.94535,2.40,1.00
2009.02.06 11:34:49.706,1.9449,1.94545,2.40,1.20
2009.02.06 11:34:50.103,1.94485,1.9455,2.40,1.00
2009.02.06 11:34:50.622,1.9448,1.9454,4.00,1.00
2009.02.06 11:34:51.802,1.945,1.94575,2.40,1.00
2009.02.06 11:34:52.232,1.9449,1.9457,2.40,1.00
2009.02.06 11:34:55.161,1.945,1.94565,2.40,1.00
2009.02.06 11:34:55.281,1.9449,1.9456,2.40,1.00
2009.02.06 11:34:58.292,1.945,1.94565,2.40,1.00
2009.02.06 11:35:00.200,1.94495,1.94555,1.60,1.00
2009.02.06 11:35:00.320,1.94475,1.94555,7.20,1.00
2009.02.06 11:35:00.430,1.94475,1.94555,2.40,1.00
2009.02.06 11:35:01.010,1.9447,1.94565,2.00,1.00
2009.02.06 11:35:01.480,1.9447,1.9457,2.40,1.00
2009.02.06 11:35:01.950,1.9448,1.9457,1.60,1.00
2009.02.06 11:35:02.310,1.94515,1.94605,2.40,1.00
2009.02.06 11:35:02.779,1.9451,1.9459,1.60,1.00
2009.02.06 11:35:03.949,1.94515,1.9458,2.40,1.00
2009.02.06 11:35:04.810,1.9451,1.946,4.40,1.60
2009.02.06 11:35:05.309,1.945,1.9458,2.00,1.60
2009.02.06 11:35:05.949,1.94495,1.94585,2.00,1.00
2009.02.06 11:35:06.759,1.945,1.94585,2.00,1.00
2009.02.06 11:35:07.468,1.9451,1.94585,2.40,1.00
2009.02.06 11:35:08.558,1.9451,1.946,2.40,1.00
2009.02.06 11:35:10.717,1.94515,1.946,2.00,1.00
2009.02.06 11:35:11.178,1.9453,1.9461,2.40,1.00
2009.02.06 11:35:12.427,1.9453,1.9461,2.40,1.20
2009.02.06 11:35:12.827,1.94545,1.9461,2.40,1.20
2009.02.06 11:35:13.407,1.94545,1.9461,2.40,1.00
2009.02.06 11:35:14.957,1.94555,1.9462,2.40,1.00
2009.02.06 11:35:16.207,1.9454,1.946,4.00,1.00
2009.02.06 11:35:16.586,1.94555,1.94635,2.40,1.00
2009.02.06 11:35:17.007,1.9454,1.9462,2.40,1.00
2009.02.06 11:35:18.006,1.9457,1.9463,2.40,1.60
2009.02.06 11:35:18.476,1.9458,1.9464,2.40,1.00
2009.02.06 11:35:18.886,1.9457,1.9463,4.00,1.00
2009.02.06 11:35:19.755,1.9458,1.9464,2.40,1.00
2009.02.06 11:35:20.265,1.9457,1.9463,1.60,1.00
2009.02.06 11:35:20.725,1.9453,1.9462,1.60,1.20
2009.02.06 11:35:21.215,1.94525,1.94595,1.60,1.00
2009.02.06 11:35:21.565,1.94525,1.94575,1.60,1.00
2009.02.06 11:35:22.325,1.9448,1.94545,1.60,1.00
2009.02.06 11:35:23.654,1.94495,1.94555,4.00,1.00
2009.02.06 11:35:24.404,1.9451,1.94575,2.40,1.00
2009.02.06 11:35:25.604,1.94525,1.94585,2.40,1.00
2009.02.06 11:35:26.424,1.94525,1.94585,4.00,1.00
2009.02.06 11:35:27.544,1.94525,1.94575,1.60,1.00
2009.02.06 11:35:27.944,1.9451,1.94575,3.20,1.00
2009.02.06 11:35:28.233,1.9451,1.94575,2.40,1.00
2009.02.06 11:35:31.013,1.94515,1.9458,2.40,1.00
2009.02.06 11:35:33.342,1.9453,1.94595,2.40,3.20
2009.02.06 11:35:33.512,1.9453,1.94595,2.40,1.00
2009.02.06 11:35:36.821,1.94545,1.946,2.40,1.60
2009.02.06 11:35:36.991,1.9453,1.94595,2.40,1.00
2009.02.06 11:35:39.141,1.94525,1.9458,1.60,1.00
2009.02.06 11:35:39.494,1.94515,1.9458,2.40,1.00
2009.02.06 11:35:40.990,1.94525,1.9459,2.40,1.00
2009.02.06 11:35:42.990,1.9453,1.94595,2.40,1.00
2009.02.06 11:35:45.739,1.94515,1.9458,2.40,1.00
2009.02.06 11:35:46.270,1.9451,1.94575,4.00,1.00
2009.02.06 11:35:46.719,1.9451,1.94575,2.40,1.00
2009.02.06 11:35:47.359,1.94515,1.9458,2.40,1.00
2009.02.06 11:35:48.468,1.9451,1.94575,2.40,1.00
2009.02.06 11:35:52.847,1.945,1.94565,2.40,1.00
2009.02.06 11:35:53.577,1.9451,1.94575,2.40,1.00
2009.02.06 11:35:54.277,1.945,1.94565,2.40,1.00
2009.02.06 11:35:55.596,1.94495,1.9456,2.40,1.00
2009.02.06 11:35:56.007,1.94485,1.9455,2.40,1.00
2009.02.06 11:35:57.876,1.9448,1.94545,2.40,1.00
2009.02.06 11:36:02.125,1.94465,1.94525,4.00,1.00
2009.02.06 11:36:02.545,1.9448,1.94545,2.40,1.00
2009.02.06 11:36:06.644,1.94495,1.94555,4.00,1.00
2009.02.06 11:36:13.032,1.94495,1.94545,1.60,1.00
2009.02.06 11:36:13.712,1.9448,1.94545,2.40,1.00
2009.02.06 11:36:18.431,1.94465,1.94525,4.00,1.00
2009.02.06 11:36:19.071,1.94475,1.94535,2.40,1.00
2009.02.06 11:36:20.201,1.9449,1.9455,2.40,1.00
2009.02.06 11:36:20.551,1.94505,1.94565,2.40,1.00
2009.02.06 11:36:21.291,1.94495,1.9455,1.60,1.00
2009.02.06 11:36:21.870,1.94485,1.9455,2.40,1.00
2009.02.06 11:36:22.220,1.94475,1.94535,2.40,1.00
2009.02.06 11:36:26.279,1.94495,1.94555,2.40,1.00
2009.02.06 11:36:26.339,1.94495,1.94555,4.00,1.00
2009.02.06 11:36:28.938,1.94515,1.9457,2.40,1.60
2009.02.06 11:36:29.568,1.94515,1.9458,4.00,4.80
2009.02.06 11:36:29.798,1.94515,1.94585,4.00,1.00
2009.02.06 11:36:32.728,1.94525,1.9457,1.60,1.00
2009.02.06 11:36:33.898,1.9452,1.9459,2.40,1.00
2009.02.06 11:36:34.997,1.9454,1.946,2.40,1.00
2009.02.06 11:36:35.347,1.9454,1.946,4.00,1.00
2009.02.06 11:36:36.677,1.94545,1.9461,2.40,1.00
2009.02.06 11:36:37.287,1.94565,1.94625,2.40,3.20
2009.02.06 11:36:37.826,1.94565,1.9464,2.40,1.00
2009.02.06 11:36:38.446,1.9459,1.94655,2.40,1.00
2009.02.06 11:36:39.256,1.94635,1.94655,1.00,1.00
2009.02.06 11:36:39.366,1.94665,1.947,2.40,2.60
2009.02.06 11:36:39.726,1.94665,1.94735,2.40,1.60
2009.02.06 11:36:39.906,1.94665,1.94755,2.40,1.00
2009.02.06 11:36:40.086,1.9467,1.94775,2.40,1.00
2009.02.06 11:36:40.606,1.94665,1.94785,4.40,17.60
2009.02.06 11:36:40.776,1.94665,1.94775,2.40,1.20
2009.02.06 11:36:41.396,1.9468,1.9479,2.40,1.00
2009.02.06 11:36:44.285,1.94695,1.948,2.40,2.60
2009.02.06 11:36:44.755,1.9468,1.9477,2.40,1.00
2009.02.06 11:36:45.125,1.94695,1.94785,2.40,1.00
2009.02.06 11:36:45.745,1.94695,1.94775,2.40,1.00
2009.02.06 11:36:46.404,1.947,1.94765,2.40,1.00
2009.02.06 11:36:46.864,1.9469,1.9475,4.00,1.00
2009.02.06 11:36:47.224,1.9469,1.9474,1.60,1.00
2009.02.06 11:36:47.734,1.9468,1.94735,1.60,1.00
2009.02.06 11:36:48.124,1.94675,1.94735,2.40,1.00
2009.02.06 11:36:51.403,1.94685,1.9475,2.40,1.60
2009.02.06 11:36:51.993,1.94685,1.94765,2.40,1.00
2009.02.06 11:36:52.913,1.9467,1.9476,2.00,1.00
2009.02.06 11:36:53.453,1.9463,1.9476,2.00,1.00
2009.02.06 11:36:56.632,1.94645,1.94755,2.40,1.20
2009.02.06 11:36:56.852,1.94645,1.94755,2.40,1.00
2009.02.06 11:36:58.351,1.9465,1.94735,4.40,1.00
2009.02.06 11:36:58.523,1.9465,1.94735,2.40,1.00
2009.02.06 11:36:59.471,1.9467,1.94735,2.40,1.00
2009.02.06 11:37:01.641,1.9466,1.9472,2.40,1.00
2009.02.06 11:37:03.420,1.9467,1.94735,2.40,1.60
2009.02.06 11:37:03.590,1.9467,1.94735,2.40,1.00
2009.02.06 11:37:06.880,1.9468,1.94745,2.40,1.00
2009.02.06 11:37:07.459,1.9469,1.94745,1.00,1.00
2009.02.06 11:37:07.759,1.94685,1.9475,4.00,1.00
2009.02.06 11:37:09.379,1.94685,1.94745,1.60,1.00
2009.02.06 11:37:09.829,1.9468,1.94745,2.40,1.00
2009.02.06 11:37:10.639,1.94675,1.94735,1.60,1.00
2009.02.06 11:37:11.388,1.9467,1.94735,2.40,1.00
2009.02.06 11:37:14.138,1.9466,1.9472,2.40,1.00
2009.02.06 11:37:14.198,1.9467,1.94735,2.40,1.60
2009.02.06 11:37:14.308,1.9466,1.9473,2.40,1.00
2009.02.06 11:37:15.468,1.9465,1.94725,2.40,1.00
2009.02.06 11:37:15.977,1.94645,1.94715,2.40,1.00
2009.02.06 11:37:16.787,1.94665,1.94725,2.40,1.00
2009.02.06 11:37:17.897,1.94675,1.94745,2.40,1.00
2009.02.06 11:37:19.936,1.94665,1.94725,2.40,1.00
2009.02.06 11:37:22.426,1.94665,1.9474,2.40,1.00
2009.02.06 11:37:23.025,1.94655,1.9472,1.60,1.00
2009.02.06 11:37:23.525,1.9465,1.94735,2.40,1.00
2009.02.06 11:37:23.995,1.94645,1.94715,2.40,1.00
2009.02.06 11:37:24.345,1.9465,1.94725,2.40,1.00
2009.02.06 11:37:25.665,1.94665,1.9474,2.40,1.20
2009.02.06 11:37:27.614,1.9468,1.9474,2.40,1.20
2009.02.06 11:37:30.224,1.9457,1.947,1.60,3.20
2009.02.06 11:37:30.684,1.9456,1.947,1.60,1.00
2009.02.06 11:37:30.804,1.94555,1.947,2.00,1.00
2009.02.06 11:37:32.743,1.9459,1.94685,1.00,1.00
2009.02.06 11:37:33.033,1.9461,1.9469,2.40,1.00
2009.02.06 11:37:33.803,1.94595,1.9467,2.00,1.00
2009.02.06 11:37:34.193,1.9459,1.94655,2.40,1.00
2009.02.06 11:37:34.953,1.94575,1.94655,2.40,1.00
2009.02.06 11:37:35.472,1.9456,1.9464,2.00,1.00
2009.02.06 11:37:36.082,1.9455,1.9464,2.40,1.00
2009.02.06 11:37:36.792,1.94565,1.9464,2.40,1.00
2009.02.06 11:37:37.022,1.9455,1.9462,2.40,1.00
2009.02.06 11:37:37.492,1.94545,1.94615,4.00,1.00
2009.02.06 11:37:38.122,1.94555,1.94615,2.40,1.00
2009.02.06 11:37:38.532,1.94545,1.94605,2.40,1.00
2009.02.06 11:37:40.451,1.94555,1.94615,2.40,1.00
2009.02.06 11:37:41.301,1.94535,1.946,2.40,1.00
2009.02.06 11:37:42.351,1.94555,1.94615,2.40,1.00
2009.02.06 11:37:45.810,1.9455,1.94605,1.60,1.00
2009.02.06 11:37:45.910,1.94545,1.94605,4.00,1.00
2009.02.06 11:37:46.790,1.94545,1.94595,1.60,1.00
2009.02.06 11:37:46.910,1.9453,1.94595,2.40,1.00
2009.02.06 11:37:48.240,1.94545,1.94605,2.40,1.00
2009.02.06 11:37:48.939,1.94545,1.94605,4.00,1.00
2009.02.06 11:37:51.609,1.94545,1.946,1.60,1.00
2009.02.06 11:37:51.839,1.9454,1.946,2.40,1.00
2009.02.06 11:37:52.358,1.9455,1.94615,2.40,1.60
2009.02.06 11:37:53.738,1.94535,1.94615,4.00,1.60
2009.02.06 11:37:54.138,1.94535,1.94615,2.40,1.60
2009.02.06 11:37:57.167,1.9455,1.9463,2.40,1.60
2009.02.06 11:37:57.517,1.94545,1.9462,2.40,1.00
2009.02.06 11:38:04.735,1.94535,1.94615,2.40,1.00
2009.02.06 11:38:08.155,1.9452,1.946,2.40,1.00
2009.02.06 11:38:09.074,1.94535,1.9461,2.40,1.00
2009.02.06 11:38:10.924,1.9456,1.94625,2.40,3.20
2009.02.06 11:38:11.524,1.94555,1.94615,1.60,1.00
2009.02.06 11:38:12.284,1.9455,1.94615,2.40,1.00
2009.02.06 11:38:12.703,1.94535,1.94635,2.40,1.00
2009.02.06 11:38:14.113,1.9454,1.9467,2.00,6.40
2009.02.06 11:38:14.274,1.9454,1.9467,2.00,1.00
2009.02.06 11:38:14.623,1.9454,1.94665,2.00,1.00
2009.02.06 11:38:16.163,1.9454,1.9466,2.00,1.00
2009.02.06 11:38:18.582,1.94545,1.94665,2.40,1.20
2009.02.06 11:38:18.692,1.94545,1.94665,4.40,1.20
2009.02.06 11:38:20.392,1.9455,1.94665,2.40,1.20
2009.02.06 11:38:20.802,1.9455,1.94675,4.40,1.20
2009.02.06 11:38:21.851,1.94555,1.9467,2.00,1.00
2009.02.06 11:38:24.121,1.94545,1.94665,2.40,1.20
2009.02.06 11:38:24.401,1.9455,1.9467,2.00,1.00
2009.02.06 11:38:24.751,1.9455,1.9466,2.00,1.60
2009.02.06 11:38:25.151,1.9455,1.94645,2.00,1.60
2009.02.06 11:38:25.440,1.94545,1.94645,2.00,1.60
2009.02.06 11:38:25.900,1.94565,1.94645,2.40,1.60
2009.02.06 11:38:26.310,1.9456,1.94635,2.40,1.00
2009.02.06 11:38:32.569,1.9455,1.94615,2.40,1.00
2009.02.06 11:38:36.748,1.9456,1.94625,2.40,1.00
2009.02.06 11:38:37.677,1.94525,1.94615,4.40,1.00
2009.02.06 11:38:38.197,1.94525,1.94615,2.40,1.00
2009.02.06 11:38:43.786,1.9453,1.94605,2.40,1.00
2009.02.06 11:38:44.346,1.9455,1.94615,2.40,1.00
2009.02.06 11:38:45.556,1.94555,1.94615,1.00,1.00
2009.02.06 11:38:45.965,1.94565,1.9463,4.00,1.00
2009.02.06 11:38:54.723,1.94535,1.94615,2.40,1.00
2009.02.06 11:38:57.463,1.94545,1.9462,2.40,1.00
2009.02.06 11:39:00.462,1.9455,1.9463,2.40,1.00
2009.02.06 11:39:05.321,1.94565,1.9465,2.40,1.00
2009.02.06 11:39:06.141,1.94555,1.94655,2.40,1.00
2009.02.06 11:39:07.670,1.94575,1.9465,2.40,1.00
2009.02.06 11:39:12.919,1.9456,1.9465,3.60,1.00
2009.02.06 11:39:13.029,1.9456,1.9465,1.60,1.00
2009.02.06 11:39:13.199,1.9455,1.9465,4.00,1.00
2009.02.06 11:39:13.599,1.94555,1.9466,2.40,1.00
2009.02.06 11:39:17.738,1.9455,1.9465,6.00,1.00
2009.02.06 11:39:18.138,1.9454,1.94645,4.40,1.00
2009.02.06 11:39:18.848,1.9454,1.94645,2.40,1.00
2009.02.06 11:39:19.937,1.9455,1.9465,2.40,1.00
2009.02.06 11:39:22.497,1.94555,1.9466,2.40,1.00
2009.02.06 11:39:32.124,1.94555,1.9466,4.40,1.00
2009.02.06 11:39:33.324,1.94565,1.94665,2.40,1.00
2009.02.06 11:39:33.794,1.94555,1.9466,4.40,1.00
2009.02.06 11:39:34.304,1.94555,1.9466,2.40,1.00
2009.02.06 11:39:39.442,1.9458,1.9466,1.00,1.00
2009.02.06 11:39:40.022,1.9461,1.9468,2.40,1.00
2009.02.06 11:39:40.472,1.946,1.94675,2.40,1.00
2009.02.06 11:39:42.222,1.9462,1.94685,2.40,1.00
2009.02.06 11:39:42.622,1.9461,1.94675,2.40,1.00
2009.02.06 11:39:45.111,1.9462,1.94685,2.40,1.00
2009.02.06 11:39:45.631,1.94625,1.9469,2.40,1.00
2009.02.06 11:39:47.001,1.9464,1.9473,2.40,1.60
2009.02.06 11:39:47.301,1.9464,1.94735,2.40,3.20
2009.02.06 11:39:47.641,1.9464,1.9475,2.40,1.00
2009.02.06 11:39:49.830,1.94645,1.9475,2.40,1.00
2009.02.06 11:39:50.620,1.9466,1.9476,2.40,1.60
2009.02.06 11:39:50.680,1.94655,1.94735,4.40,1.00
2009.02.06 11:39:51.150,1.94655,1.94735,2.40,1.00
2009.02.06 11:39:51.679,1.9462,1.94705,1.60,1.00
