2013.03.07 04:00:00.853,1.26772,1.26792,2.25,2.48
2013.03.07 04:00:03.664,1.26774,1.26792,1.50,1.73
2013.03.07 04:00:03.784,1.26774,1.26794,2.25,1.50
2013.03.07 04:00:03.845,1.26776,1.26796,2.25,1.73
2013.03.07 04:00:04.153,1.26777,1.26796,1.50,1.73
2013.03.07 04:00:05.157,1.26777,1.26797,1.50,1.73
2013.03.07 04:00:05.353,1.26777,1.26797,1.50,1.73
2013.03.07 04:00:05.804,1.26775,1.26796,2.25,1.73
2013.03.07 04:00:06.043,1.26775,1.26796,3.00,1.73
2013.03.07 04:00:15.694,1.26779,1.26796,1.50,1.73
2013.03.07 04:00:16.835,1.26775,1.26795,1.13,1.73
2013.03.07 04:00:17.104,1.26775,1.26795,1.13,1.73
2013.03.07 04:00:17.583,1.26779,1.26797,1.50,1.73
2013.03.07 04:00:18.354,1.26775,1.26796,1.50,1.73
2013.03.07 04:00:22.903,1.26777,1.26798,1.50,1.73
2013.03.07 04:00:26.397,1.26778,1.26798,1.50,1.73
2013.03.07 04:00:27.804,1.26777,1.26794,1.50,1.73
2013.03.07 04:00:27.924,1.26774,1.26793,1.50,1.73
2013.03.07 04:00:28.055,1.26772,1.26792,1.50,1.73
2013.03.07 04:00:29.386,1.26772,1.26792,1.50,1.73
2013.03.07 04:00:29.633,1.26769,1.26787,1.50,1.50
2013.03.07 04:00:29.695,1.26769,1.26787,1.50,1.73
2013.03.07 04:00:30.026,1.26777,1.26792,1.50,1.27
2013.03.07 04:00:30.154,1.26778,1.26797,1.50,1.73
2013.03.07 04:00:30.334,1.26779,1.26798,1.50,1.73
2013.03.07 04:00:30.894,1.26779,1.26799,1.50,1.73
2013.03.07 04:00:31.136,1.26779,1.26799,1.73,1.73
2013.03.07 04:00:33.253,1.2678,1.26798,1.50,1.50
2013.03.07 04:00:35.462,1.2678,1.26795,1.50,1.50
2013.03.07 04:00:35.964,1.26779,1.26794,1.73,1.50
2013.03.07 04:00:38.925,1.26779,1.26797,1.73,1.50
2013.03.07 04:00:41.147,1.26779,1.26797,2.48,1.50
2013.03.07 04:00:41.277,1.26785,1.26802,1.50,1.50
2013.03.07 04:00:41.525,1.26786,1.26807,1.50,2.93
2013.03.07 04:00:42.314,1.26785,1.26803,2.25,1.50
2013.03.07 04:00:43.723,1.26785,1.26802,1.50,1.50
2013.03.07 04:00:44.235,1.26785,1.26804,1.50,1.50
2013.03.07 04:00:48.025,1.26784,1.26801,1.50,1.50
2013.03.07 04:00:48.094,1.26782,1.26799,1.73,1.50
2013.03.07 04:00:48.397,1.2678,1.26797,1.73,1.50
2013.03.07 04:00:49.603,1.26783,1.26805,2.48,1.88
2013.03.07 04:00:49.724,1.26785,1.26805,1.50,1.88
2013.03.07 04:00:59.624,1.26785,1.26806,2.07,1.73
2013.03.07 04:00:59.945,1.26788,1.26803,1.13,1.50
2013.03.07 04:01:00.277,1.26785,1.26804,2.25,1.50
2013.03.07 04:01:00.966,1.26783,1.26802,1.50,1.50
2013.03.07 04:01:02.864,1.26785,1.26802,1.50,1.50
2013.03.07 04:01:03.223,1.26786,1.26807,1.50,1.73
2013.03.07 04:01:03.744,1.26784,1.26802,1.50,1.50
2013.03.07 04:01:04.103,1.26783,1.26802,1.50,2.48
2013.03.07 04:01:04.417,1.26783,1.26802,1.73,2.25
2013.03.07 04:01:09.165,1.26786,1.26802,1.73,1.50
2013.03.07 04:01:09.474,1.26786,1.26802,1.73,1.50
2013.03.07 04:01:09.604,1.26786,1.26802,1.73,1.50
2013.03.07 04:01:10.114,1.26782,1.26801,1.73,1.50
2013.03.07 04:01:11.454,1.26784,1.26803,1.73,1.50
2013.03.07 04:01:12.662,1.26783,1.26801,1.73,1.50
2013.03.07 04:01:14.684,1.26786,1.26803,1.73,1.50
2013.03.07 04:01:14.753,1.26786,1.26807,1.73,1.50
2013.03.07 04:01:14.815,1.26787,1.26806,1.73,1.50
2013.03.07 04:01:14.965,1.2679,1.26806,1.45,1.50
2013.03.07 04:01:15.233,1.26791,1.26811,2.48,2.25
2013.03.07 04:01:19.185,1.26793,1.26811,1.73,2.25
2013.03.07 04:01:20.315,1.26794,1.26812,1.73,1.50
2013.03.07 04:01:20.666,1.26796,1.26816,1.73,1.50
2013.03.07 04:01:21.233,1.26797,1.26815,1.73,2.25
2013.03.07 04:01:22.013,1.26795,1.26815,1.73,2.25
2013.03.07 04:01:22.495,1.26799,1.26817,1.54,1.50
2013.03.07 04:01:22.566,1.26799,1.26816,2.29,1.50
2013.03.07 04:01:22.696,1.268,1.26818,1.54,1.50
2013.03.07 04:01:22.764,1.26801,1.26818,1.54,1.50
2013.03.07 04:01:23.075,1.26801,1.26818,2.48,1.50
2013.03.07 04:01:23.146,1.26799,1.26817,1.73,1.50
2013.03.07 04:01:23.273,1.26795,1.26816,1.73,1.50
2013.03.07 04:01:23.575,1.26794,1.26813,1.73,1.50
2013.03.07 04:01:23.885,1.26798,1.26818,1.41,1.50
2013.03.07 04:01:24.135,1.26796,1.26817,1.93,1.50
2013.03.07 04:01:24.204,1.26799,1.26817,1.65,1.50
2013.03.07 04:01:24.786,1.26799,1.26817,1.73,1.50
2013.03.07 04:01:25.845,1.26797,1.26816,1.73,1.50
2013.03.07 04:01:26.345,1.26795,1.26813,1.73,3.75
2013.03.07 04:01:26.415,1.26793,1.26812,1.73,1.50
2013.03.07 04:01:26.725,1.26792,1.26809,1.73,1.50
2013.03.07 04:01:28.050,1.26795,1.26814,1.55,1.50
2013.03.07 04:01:28.244,1.26798,1.26815,1.73,1.13
2013.03.07 04:01:28.364,1.26798,1.26816,2.48,1.50
2013.03.07 04:01:30.465,1.26799,1.2682,2.48,1.50
2013.03.07 04:01:33.903,1.26804,1.26821,1.50,1.88
2013.03.07 04:01:34.204,1.26804,1.26824,1.50,3.00
2013.03.07 04:01:34.324,1.26807,1.26823,1.50,2.25
2013.03.07 04:01:34.384,1.26807,1.26822,1.50,1.50
2013.03.07 04:01:34.744,1.26804,1.26824,2.48,1.13
2013.03.07 04:01:34.950,1.26805,1.26823,1.73,1.50
2013.03.07 04:01:42.494,1.26806,1.26825,1.73,1.50
2013.03.07 04:01:46.744,1.26806,1.26827,3.62,3.00
2013.03.07 04:01:46.924,1.2681,1.26831,2.48,2.25
2013.03.07 04:01:47.473,1.26811,1.26832,1.73,2.25
2013.03.07 04:01:50.724,1.26812,1.26834,2.63,3.38
2013.03.07 04:01:50.785,1.26816,1.26834,1.73,2.63
2013.03.07 04:01:50.854,1.26816,1.26836,1.73,3.38
2013.03.07 04:01:58.053,1.26814,1.26833,1.47,1.50
2013.03.07 04:02:04.553,1.26815,1.26835,2.48,1.50
2013.03.07 04:02:20.523,1.26818,1.26835,1.73,1.50
2013.03.07 04:02:25.303,1.26822,1.26842,1.73,1.88
2013.03.07 04:02:25.736,1.26822,1.26842,1.73,1.13
2013.03.07 04:02:26.055,1.26828,1.26846,1.73,1.50
2013.03.07 04:02:29.543,1.26823,1.26844,1.95,3.00
2013.03.07 04:02:29.604,1.26823,1.26842,1.73,1.50
2013.03.07 04:02:29.843,1.2682,1.26842,2.48,1.50
2013.03.07 04:02:30.437,1.26822,1.26842,2.48,1.50
2013.03.07 04:02:31.226,1.26822,1.26839,1.73,1.50
2013.03.07 04:02:31.294,1.26821,1.26839,1.73,1.50
2013.03.07 04:02:31.616,1.26822,1.26842,1.73,1.50
2013.03.07 04:02:31.805,1.26822,1.26844,2.48,2.25
2013.03.07 04:02:31.925,1.26825,1.26842,1.50,1.50
2013.03.07 04:02:32.236,1.26823,1.26841,1.73,1.50
2013.03.07 04:02:34.983,1.26823,1.26842,1.73,1.50
2013.03.07 04:02:37.833,1.2682,1.26838,1.73,1.50
2013.03.07 04:02:39.306,1.26825,1.26841,1.73,1.50
2013.03.07 04:02:39.495,1.26825,1.26841,1.73,1.50
2013.03.07 04:02:39.814,1.26826,1.26841,1.73,1.50
2013.03.07 04:02:40.345,1.26824,1.26843,1.73,1.50
2013.03.07 04:02:41.105,1.26824,1.26841,1.73,1.50
2013.03.07 04:02:41.994,1.26824,1.26841,1.73,1.50
2013.03.07 04:02:42.234,1.26824,1.26842,1.73,1.50
2013.03.07 04:02:42.304,1.26823,1.26842,1.73,1.50
2013.03.07 04:02:45.043,1.26822,1.26841,2.25,1.50
2013.03.07 04:02:45.553,1.26822,1.2684,2.25,1.50
2013.03.07 04:02:45.673,1.26822,1.26839,2.25,1.50
2013.03.07 04:02:45.734,1.26822,1.26839,2.25,2.25
2013.03.07 04:02:45.794,1.26822,1.26839,1.50,1.50
2013.03.07 04:02:46.283,1.2682,1.26836,1.13,1.50
2013.03.07 04:02:50.045,1.26815,1.26834,1.50,1.50
2013.03.07 04:02:50.115,1.26815,1.26834,1.50,2.48
2013.03.07 04:02:50.334,1.26813,1.26833,1.50,1.73
2013.03.07 04:02:51.305,1.26813,1.26832,1.50,1.73
2013.03.07 04:02:52.524,1.26808,1.2683,1.88,2.48
2013.03.07 04:02:52.584,1.26808,1.2683,1.88,2.48
2013.03.07 04:02:52.766,1.26806,1.26827,1.50,2.48
2013.03.07 04:03:02.175,1.26804,1.26824,1.50,1.50
2013.03.07 04:03:02.486,1.26801,1.26821,1.50,1.50
2013.03.07 04:03:02.556,1.26801,1.26818,1.50,1.50
2013.03.07 04:03:02.624,1.268,1.26818,2.40,1.50
2013.03.07 04:03:03.125,1.268,1.26818,1.50,1.50
2013.03.07 04:03:05.384,1.268,1.26819,2.25,1.50
2013.03.07 04:03:10.778,1.268,1.26819,1.50,1.50
2013.03.07 04:03:11.276,1.26796,1.26813,1.50,1.50
2013.03.07 04:03:11.403,1.26795,1.26813,1.50,1.50
2013.03.07 04:03:11.585,1.26794,1.26813,1.50,1.73
2013.03.07 04:03:12.144,1.26794,1.2681,1.50,1.73
2013.03.07 04:03:23.255,1.26794,1.26813,1.50,1.73
2013.03.07 04:03:26.868,1.26792,1.26811,1.50,1.73
2013.03.07 04:03:27.054,1.26792,1.26811,1.50,1.73
2013.03.07 04:03:27.175,1.26789,1.26807,2.25,2.25
2013.03.07 04:03:27.295,1.26789,1.26807,1.50,1.73
2013.03.07 04:03:30.145,1.2679,1.26808,2.25,1.73
2013.03.07 04:03:30.573,1.2679,1.26809,3.00,1.73
2013.03.07 04:03:41.837,1.26792,1.26807,1.50,1.73
2013.03.07 04:03:42.498,1.26789,1.26807,1.50,2.48
2013.03.07 04:03:44.893,1.26788,1.26806,1.50,1.73
2013.03.07 04:03:49.874,1.26785,1.26803,1.50,1.73
2013.03.07 04:03:50.234,1.26782,1.26799,2.25,1.73
2013.03.07 04:03:50.737,1.26783,1.26801,1.50,1.73
2013.03.07 04:03:51.044,1.26784,1.26803,2.25,1.73
2013.03.07 04:03:51.524,1.26784,1.26803,2.25,1.73
2013.03.07 04:03:52.955,1.26784,1.26803,2.25,1.73
2013.03.07 04:04:00.304,1.26786,1.26805,1.50,1.73
2013.03.07 04:04:01.974,1.26789,1.26808,2.25,1.35
2013.03.07 04:04:02.094,1.26791,1.26808,2.25,1.13
2013.03.07 04:04:02.514,1.26792,1.26814,1.50,1.73
2013.03.07 04:04:02.634,1.26794,1.26814,1.50,1.73
2013.03.07 04:04:03.183,1.26796,1.26815,1.50,1.73
2013.03.07 04:04:04.385,1.26795,1.26813,1.50,1.73
2013.03.07 04:04:06.566,1.26795,1.26814,1.50,1.73
2013.03.07 04:04:07.424,1.26796,1.26813,1.50,1.73
2013.03.07 04:04:07.544,1.26799,1.26817,1.50,1.73
2013.03.07 04:04:08.067,1.26799,1.26817,3.00,1.73
2013.03.07 04:04:08.134,1.268,1.26816,3.15,1.73
2013.03.07 04:04:08.445,1.26805,1.26822,1.13,1.73
2013.03.07 04:04:08.746,1.26805,1.26822,1.50,1.50
2013.03.07 04:04:08.814,1.26804,1.26822,1.73,1.50
2013.03.07 04:04:09.175,1.26802,1.2682,1.50,1.73
2013.03.07 04:04:09.244,1.26804,1.26822,2.25,1.73
2013.03.07 04:04:09.424,1.26803,1.26822,1.50,2.48
2013.03.07 04:04:09.847,1.26805,1.2682,1.50,1.73
2013.03.07 04:04:09.914,1.26805,1.26821,1.50,1.73
2013.03.07 04:04:10.034,1.26803,1.26821,3.00,1.73
2013.03.07 04:04:10.154,1.26803,1.26821,1.50,1.73
2013.03.07 04:04:10.334,1.26804,1.26822,1.50,2.18
2013.03.07 04:04:10.515,1.26804,1.26821,1.50,1.73
2013.03.07 04:04:11.092,1.26804,1.26822,1.50,2.18
2013.03.07 04:04:11.484,1.26804,1.26822,1.50,1.73
2013.03.07 04:04:15.024,1.26804,1.26821,1.50,1.73
2013.03.07 04:04:15.395,1.26801,1.2682,1.50,1.73
2013.03.07 04:04:19.823,1.26801,1.2682,1.50,1.73
2013.03.07 04:04:20.675,1.26801,1.26816,1.50,1.50
2013.03.07 04:04:21.213,1.26796,1.26815,2.25,1.73
2013.03.07 04:04:21.394,1.26796,1.26814,2.25,1.73
2013.03.07 04:04:21.455,1.26794,1.26814,1.50,1.73
2013.03.07 04:04:21.776,1.26791,1.2681,2.25,1.73
2013.03.07 04:04:21.848,1.26791,1.2681,1.50,2.48
2013.03.07 04:04:31.074,1.2679,1.2681,1.50,1.73
2013.03.07 04:04:33.065,1.26791,1.2681,2.25,1.73
2013.03.07 04:04:33.135,1.26792,1.2681,1.50,1.73
2013.03.07 04:04:33.314,1.26792,1.2681,1.50,1.73
2013.03.07 04:04:45.935,1.26789,1.26809,2.25,1.73
2013.03.07 04:04:46.303,1.26785,1.26807,2.25,2.48
2013.03.07 04:04:50.164,1.2679,1.26808,2.25,1.73
2013.03.07 04:04:50.226,1.2679,1.26809,2.25,1.73
2013.03.07 04:05:03.257,1.2679,1.26809,1.50,2.48
2013.03.07 04:05:03.687,1.26788,1.26808,1.50,2.48
2013.03.07 04:05:05.844,1.2679,1.26807,1.50,1.73
2013.03.07 04:05:05.964,1.26788,1.26805,1.50,1.73
2013.03.07 04:05:06.276,1.26785,1.26805,2.25,1.73
2013.03.07 04:05:06.345,1.26785,1.26805,2.25,1.73
2013.03.07 04:05:10.625,1.26789,1.26808,1.50,3.11
2013.03.07 04:05:10.768,1.26789,1.26808,1.50,2.48
2013.03.07 04:05:12.174,1.26792,1.26808,1.50,1.73
2013.03.07 04:05:12.354,1.26792,1.2681,1.50,2.48
2013.03.07 04:05:12.993,1.26793,1.26811,3.00,1.73
2013.03.07 04:05:15.024,1.26796,1.26812,1.50,1.73
2013.03.07 04:05:15.383,1.26798,1.26816,1.50,1.73
2013.03.07 04:05:16.543,1.26795,1.26812,1.50,1.73
2013.03.07 04:05:17.044,1.26797,1.26812,1.50,1.73
2013.03.07 04:05:19.955,1.26798,1.26815,1.50,1.73
2013.03.07 04:05:20.136,1.26799,1.26815,1.50,1.73
2013.03.07 04:05:20.265,1.268,1.26818,1.50,1.73
2013.03.07 04:05:21.534,1.268,1.2682,1.50,1.73
2013.03.07 04:05:23.455,1.26801,1.26816,1.50,1.73
2013.03.07 04:05:23.636,1.26798,1.26816,1.50,1.73
2013.03.07 04:05:25.984,1.26796,1.26814,1.50,1.73
2013.03.07 04:05:32.598,1.26796,1.26814,1.50,1.73
2013.03.07 04:05:33.984,1.268,1.26817,1.50,1.73
2013.03.07 04:05:35.904,1.26795,1.26812,1.50,1.73
2013.03.07 04:05:36.434,1.26797,1.26815,1.50,1.73
2013.03.07 04:05:38.165,1.26797,1.26815,1.50,1.73
2013.03.07 04:05:39.285,1.268,1.26818,1.50,1.73
2013.03.07 04:05:39.996,1.26794,1.2681,1.88,1.73
2013.03.07 04:05:40.244,1.26795,1.26811,1.13,1.73
2013.03.07 04:05:40.305,1.26796,1.26814,1.50,1.73
2013.03.07 04:05:40.604,1.26797,1.26816,1.50,2.48
2013.03.07 04:05:56.284,1.26797,1.26814,1.50,1.73
2013.03.07 04:05:56.985,1.26797,1.26814,1.50,1.73
2013.03.07 04:06:07.087,1.26797,1.26814,1.50,1.73
2013.03.07 04:06:07.361,1.26792,1.2681,1.50,1.73
2013.03.07 04:06:07.874,1.26792,1.2681,1.50,1.73
2013.03.07 04:06:08.526,1.26791,1.2681,1.50,1.73
2013.03.07 04:06:08.956,1.26788,1.26807,1.50,1.73
2013.03.07 04:06:26.604,1.26786,1.26806,1.88,1.73
2013.03.07 04:06:26.744,1.26786,1.26805,1.88,1.50
2013.03.07 04:06:30.144,1.26783,1.26804,1.88,2.25
2013.03.07 04:06:30.267,1.26783,1.26802,1.50,1.50
2013.03.07 04:06:30.528,1.26783,1.268,1.50,2.25
2013.03.07 04:06:30.858,1.26779,1.26798,1.50,1.73
2013.03.07 04:06:32.204,1.26781,1.26799,1.50,1.73
2013.03.07 04:06:33.285,1.2678,1.26799,1.50,2.48
2013.03.07 04:06:40.946,1.26778,1.26797,2.40,2.25
2013.03.07 04:06:41.256,1.26774,1.26794,2.25,1.73
2013.03.07 04:06:42.026,1.26771,1.26793,1.50,1.50
2013.03.07 04:06:42.555,1.26771,1.26793,1.50,1.73
2013.03.07 04:06:42.634,1.26769,1.26791,2.25,2.48
2013.03.07 04:06:45.008,1.26769,1.26788,1.50,1.73
2013.03.07 04:06:45.135,1.26765,1.26786,2.63,2.25
2013.03.07 04:06:53.226,1.26767,1.26784,1.50,1.50
2013.03.07 04:06:53.694,1.26765,1.26783,1.50,1.50
2013.03.07 04:06:55.858,1.26765,1.26782,1.50,1.50
2013.03.07 04:06:56.264,1.26761,1.2678,1.50,1.50
2013.03.07 04:06:56.444,1.26761,1.2678,1.50,1.50
2013.03.07 04:06:56.885,1.26761,1.2678,1.50,1.50
2013.03.07 04:06:59.736,1.26766,1.26785,1.50,1.73
2013.03.07 04:07:00.044,1.26766,1.26785,1.50,1.73
2013.03.07 04:07:02.925,1.2677,1.26787,1.50,1.73
2013.03.07 04:07:02.986,1.2677,1.26787,1.50,1.73
2013.03.07 04:07:03.785,1.26772,1.26789,1.50,1.73
2013.03.07 04:07:07.256,1.26768,1.26786,1.50,1.73
2013.03.07 04:07:07.576,1.2677,1.2679,1.50,1.73
2013.03.07 04:07:12.304,1.26767,1.26788,1.50,1.73
2013.03.07 04:07:14.654,1.26767,1.2679,2.25,1.73
2013.03.07 04:07:18.756,1.26769,1.26786,1.50,1.50
2013.03.07 04:07:19.126,1.26765,1.26785,1.50,1.50
2013.03.07 04:07:19.685,1.26769,1.26785,1.50,1.50
2013.03.07 04:07:20.234,1.2677,1.26786,1.50,1.13
2013.03.07 04:07:20.691,1.2677,1.26787,1.50,1.50
2013.03.07 04:07:20.757,1.2677,1.26787,1.50,1.50
2013.03.07 04:07:22.144,1.26771,1.26791,1.50,1.88
2013.03.07 04:07:23.694,1.26773,1.26792,1.50,1.50
2013.03.07 04:07:24.657,1.26773,1.26795,1.50,1.73
2013.03.07 04:07:25.350,1.26773,1.26795,1.50,2.10
2013.03.07 04:07:27.227,1.26773,1.2679,1.50,1.50
2013.03.07 04:07:27.354,1.26773,1.26791,1.50,1.73
2013.03.07 04:07:27.534,1.26773,1.2679,1.50,1.73
2013.03.07 04:07:30.176,1.26773,1.26791,2.25,1.73
2013.03.07 04:07:30.726,1.26775,1.26792,1.50,1.73
2013.03.07 04:07:30.794,1.26775,1.26794,1.50,2.48
2013.03.07 04:07:34.404,1.26774,1.26794,1.50,2.48
2013.03.07 04:07:36.925,1.26772,1.2679,1.50,1.73
2013.03.07 04:07:47.514,1.26773,1.26792,1.50,1.73
2013.03.07 04:07:48.534,1.26771,1.26792,2.25,3.23
2013.03.07 04:07:48.655,1.26771,1.26789,1.50,1.73
2013.03.07 04:07:49.249,1.26771,1.26789,1.50,1.73
2013.03.07 04:08:00.755,1.26769,1.26787,1.50,1.73
2013.03.07 04:08:08.604,1.26769,1.26786,1.50,1.73
2013.03.07 04:08:08.844,1.26769,1.26786,1.50,2.48
2013.03.07 04:08:09.365,1.26769,1.26787,1.50,2.48
2013.03.07 04:08:12.234,1.26769,1.26787,1.50,1.73
2013.03.07 04:08:12.535,1.26771,1.26784,1.50,1.50
2013.03.07 04:08:12.895,1.26764,1.26777,1.50,1.50
2013.03.07 04:08:12.965,1.26758,1.26777,2.25,1.73
2013.03.07 04:08:13.276,1.26758,1.26773,1.50,1.73
2013.03.07 04:08:13.645,1.26757,1.26772,1.50,1.50
2013.03.07 04:08:16.746,1.26755,1.26772,1.13,1.73
2013.03.07 04:08:16.815,1.2675,1.26771,1.50,1.73
2013.03.07 04:08:17.365,1.26752,1.26775,2.25,2.85
2013.03.07 04:08:24.904,1.26749,1.26769,1.65,2.25
2013.03.07 04:08:25.266,1.26749,1.26767,1.50,1.73
2013.03.07 04:08:25.863,1.26748,1.26767,2.25,1.73
2013.03.07 04:08:26.414,1.26749,1.26767,2.25,1.73
2013.03.07 04:08:27.554,1.26749,1.26767,2.25,1.73
2013.03.07 04:08:28.155,1.2675,1.26768,1.50,1.35
2013.03.07 04:08:28.225,1.2675,1.26768,1.50,1.35
2013.03.07 04:08:28.774,1.26752,1.26769,2.25,1.73
2013.03.07 04:08:28.834,1.26752,1.26769,3.00,1.73
2013.03.07 04:08:29.375,1.26752,1.26769,1.50,2.48
2013.03.07 04:08:30.505,1.26749,1.26768,2.25,1.73
2013.03.07 04:08:30.824,1.26746,1.26765,1.50,1.73
2013.03.07 04:08:32.084,1.26746,1.26763,1.50,1.73
2013.03.07 04:08:32.644,1.26742,1.26761,1.50,1.50
2013.03.07 04:08:34.075,1.26742,1.2676,1.50,1.50
2013.03.07 04:08:34.315,1.26745,1.26765,1.50,2.10
2013.03.07 04:08:34.695,1.26747,1.26767,1.50,1.73
2013.03.07 04:08:34.935,1.2675,1.26768,1.50,1.73
2013.03.07 04:08:35.175,1.26752,1.26769,1.50,1.73
2013.03.07 04:08:35.534,1.26751,1.26769,1.50,1.73
2013.03.07 04:08:38.665,1.26748,1.26766,1.50,1.50
2013.03.07 04:08:38.724,1.26747,1.26765,1.88,1.50
2013.03.07 04:08:38.845,1.26745,1.26762,1.88,2.25
2013.03.07 04:08:38.975,1.2674,1.26761,2.78,1.73
2013.03.07 04:08:39.316,1.2674,1.26759,1.50,1.73
2013.03.07 04:08:40.875,1.26739,1.26756,1.50,1.73
2013.03.07 04:08:41.814,1.26739,1.26757,3.00,1.73
2013.03.07 04:08:42.352,1.2674,1.26759,1.50,1.73
2013.03.07 04:08:43.635,1.2674,1.26759,1.88,1.73
2013.03.07 04:08:43.884,1.26745,1.26765,2.25,1.73
2013.03.07 04:08:44.005,1.26747,1.26766,1.50,1.73
2013.03.07 04:08:44.365,1.2675,1.26766,1.50,1.73
2013.03.07 04:08:44.700,1.26747,1.26765,1.50,1.73
2013.03.07 04:08:47.658,1.26747,1.26765,1.50,1.73
2013.03.07 04:08:49.855,1.26747,1.26762,1.50,1.73
2013.03.07 04:08:50.046,1.26743,1.26762,1.50,1.73
2013.03.07 04:08:50.665,1.26741,1.26761,1.50,1.73
2013.03.07 04:08:51.195,1.26739,1.26759,1.88,1.73
2013.03.07 04:08:51.375,1.26738,1.26758,1.50,1.73
2013.03.07 04:08:51.735,1.26734,1.26754,1.50,1.73
2013.03.07 04:08:52.297,1.26739,1.26755,1.50,1.73
2013.03.07 04:08:52.424,1.2674,1.26759,1.50,1.73
2013.03.07 04:08:52.724,1.26742,1.26761,2.25,1.73
2013.03.07 04:08:53.455,1.2674,1.26759,1.73,1.50
2013.03.07 04:08:53.516,1.2674,1.26759,1.50,1.73
2013.03.07 04:08:53.765,1.26742,1.26761,1.50,1.73
2013.03.07 04:08:53.826,1.26742,1.26761,2.25,1.73
2013.03.07 04:08:54.335,1.26742,1.26761,1.50,1.73
2013.03.07 04:08:56.165,1.26745,1.26762,1.50,1.73
2013.03.07 04:08:56.613,1.26746,1.26763,1.50,1.73
2013.03.07 04:08:57.403,1.26747,1.26764,1.50,1.73
2013.03.07 04:08:59.636,1.26748,1.26768,3.00,2.48
2013.03.07 04:09:00.035,1.26751,1.26768,1.50,1.73
2013.03.07 04:09:00.605,1.26754,1.2677,2.25,1.73
2013.03.07 04:09:00.784,1.26755,1.26774,1.50,1.73
2013.03.07 04:09:00.905,1.26756,1.26776,1.50,1.73
2013.03.07 04:09:01.026,1.2676,1.26776,1.50,1.73
2013.03.07 04:09:01.356,1.2676,1.26775,1.50,1.73
2013.03.07 04:09:01.474,1.26756,1.26775,1.50,1.73
2013.03.07 04:09:01.595,1.26755,1.26774,1.50,1.73
2013.03.07 04:09:02.025,1.26754,1.2677,1.50,1.50
2013.03.07 04:09:04.869,1.26749,1.26768,1.13,1.50
2013.03.07 04:09:06.235,1.26751,1.26768,1.65,1.50
2013.03.07 04:09:06.996,1.26753,1.26775,3.04,1.73
2013.03.07 04:09:07.065,1.26756,1.26775,1.50,1.50
2013.03.07 04:09:07.204,1.26758,1.26775,1.50,1.50
2013.03.07 04:09:09.414,1.26754,1.26773,1.92,1.50
2013.03.07 04:09:09.715,1.26754,1.26769,1.13,2.25
2013.03.07 04:09:09.955,1.26749,1.26767,1.50,1.73
2013.03.07 04:09:10.074,1.26749,1.26766,1.50,1.73
2013.03.07 04:09:11.957,1.26747,1.26766,1.50,1.73
2013.03.07 04:09:12.707,1.26747,1.26766,1.50,1.73
2013.03.07 04:09:13.221,1.26748,1.26766,2.25,1.73
2013.03.07 04:09:13.744,1.26748,1.26766,2.25,1.73
2013.03.07 04:09:14.455,1.26748,1.26766,1.50,1.73
2013.03.07 04:09:15.244,1.26748,1.26766,2.25,1.73
2013.03.07 04:09:15.406,1.26754,1.26767,1.35,1.73
2013.03.07 04:09:15.537,1.26755,1.26772,1.50,1.35
2013.03.07 04:09:15.786,1.26757,1.26776,2.25,1.73
2013.03.07 04:09:15.977,1.26757,1.26774,2.25,1.73
2013.03.07 04:09:16.047,1.26757,1.26774,3.00,1.73
2013.03.07 04:09:16.246,1.26754,1.26771,2.25,1.73
2013.03.07 04:09:16.316,1.26754,1.26771,1.50,2.48
2013.03.07 04:09:16.388,1.26748,1.26769,2.25,1.73
2013.03.07 04:09:16.575,1.26748,1.26769,2.25,1.73
2013.03.07 04:09:16.635,1.26748,1.26769,1.88,1.73
2013.03.07 04:09:17.445,1.26746,1.26765,1.50,1.50
2013.03.07 04:09:17.803,1.26743,1.26762,1.50,1.73
2013.03.07 04:09:20.281,1.26743,1.26762,1.50,1.73
2013.03.07 04:09:21.304,1.26744,1.26763,1.50,1.73
2013.03.07 04:09:21.606,1.26744,1.26763,1.50,1.73
2013.03.07 04:09:24.617,1.26745,1.26763,1.50,1.73
2013.03.07 04:09:25.381,1.26747,1.26764,1.50,1.73
2013.03.07 04:09:26.385,1.26745,1.26762,1.50,1.73
2013.03.07 04:09:27.495,1.26745,1.26763,1.50,1.73
2013.03.07 04:09:28.744,1.26745,1.26763,1.50,1.73
2013.03.07 04:09:36.775,1.26743,1.2676,1.50,1.73
2013.03.07 04:09:36.835,1.26744,1.2676,1.50,2.48
2013.03.07 04:09:37.015,1.26745,1.2676,1.50,1.73
2013.03.07 04:09:37.564,1.26742,1.26761,1.50,1.73
2013.03.07 04:09:37.924,1.26744,1.26761,1.50,1.73
2013.03.07 04:09:42.427,1.26741,1.26761,2.25,2.48
2013.03.07 04:09:42.614,1.26741,1.2676,1.50,1.73
2013.03.07 04:09:47.424,1.26744,1.26761,1.50,2.48
2013.03.07 04:09:48.215,1.26745,1.26762,1.50,1.73
2013.03.07 04:09:48.464,1.26746,1.26765,1.50,1.73
2013.03.07 04:09:52.755,1.26744,1.26763,1.50,1.73
2013.03.07 04:09:52.815,1.26741,1.26762,1.88,1.73
2013.03.07 04:09:52.875,1.26741,1.26762,1.88,1.73
2013.03.07 04:09:54.645,1.26743,1.26762,1.50,1.73
2013.03.07 04:09:56.884,1.26747,1.26762,1.50,1.73
2013.03.07 04:09:57.005,1.2675,1.26767,2.25,1.73
2013.03.07 04:09:57.247,1.26747,1.26764,1.13,1.73
2013.03.07 04:09:57.555,1.26752,1.26769,1.50,2.48
2013.03.07 04:09:57.795,1.26748,1.26765,1.50,1.36
2013.03.07 04:09:57.855,1.26746,1.26763,1.13,1.36
2013.03.07 04:09:57.915,1.26746,1.26765,1.13,2.48
2013.03.07 04:09:58.274,1.26744,1.26765,2.25,1.73
2013.03.07 04:09:58.416,1.26744,1.26765,2.25,2.48
2013.03.07 04:09:59.735,1.26744,1.26763,1.50,2.48
2013.03.07 04:09:59.976,1.26741,1.2676,1.50,1.50
2013.03.07 04:10:00.285,1.26739,1.26758,2.25,1.73
2013.03.07 04:10:01.465,1.26747,1.26762,1.50,2.48
2013.03.07 04:10:01.535,1.26747,1.26765,1.50,1.73
2013.03.07 04:10:01.655,1.26748,1.26769,1.50,1.35
2013.03.07 04:10:02.194,1.26752,1.2677,1.50,2.48
2013.03.07 04:10:07.919,1.26744,1.26763,1.35,1.50
2013.03.07 04:10:07.985,1.26746,1.26759,1.13,1.50
2013.03.07 04:10:08.166,1.26743,1.2676,1.50,2.48
2013.03.07 04:10:08.355,1.26744,1.26765,1.50,1.73
2013.03.07 04:10:08.426,1.26746,1.26763,1.50,1.73
2013.03.07 04:10:08.675,1.26748,1.26766,1.50,2.48
2013.03.07 04:10:10.695,1.26747,1.26766,1.50,2.48
2013.03.07 04:10:11.724,1.26748,1.26767,1.50,2.48
2013.03.07 04:10:14.905,1.2675,1.26767,1.50,1.73
2013.03.07 04:10:15.248,1.2675,1.26769,1.50,1.73
2013.03.07 04:10:17.526,1.26754,1.26771,1.50,1.73
2013.03.07 04:10:17.596,1.26755,1.26773,1.50,1.73
2013.03.07 04:10:17.666,1.26757,1.26774,1.50,1.73
2013.03.07 04:10:17.736,1.26759,1.26776,1.50,1.73
2013.03.07 04:10:18.164,1.26761,1.26779,1.50,1.73
2013.03.07 04:10:26.895,1.26761,1.26778,1.50,1.73
2013.03.07 04:10:28.107,1.26761,1.26778,2.25,1.73
2013.03.07 04:10:32.375,1.26762,1.2678,1.50,2.48
2013.03.07 04:10:33.185,1.2676,1.26775,1.50,1.73
2013.03.07 04:10:33.245,1.2676,1.26775,1.50,1.73
2013.03.07 04:10:33.684,1.26761,1.26775,1.50,1.73
2013.03.07 04:10:34.046,1.26762,1.26779,1.50,1.73
2013.03.07 04:10:34.116,1.26763,1.26782,1.50,1.73
2013.03.07 04:10:39.986,1.26758,1.2677,1.13,1.50
2013.03.07 04:10:40.055,1.26757,1.2677,1.50,1.50
2013.03.07 04:10:40.248,1.2676,1.26778,1.50,3.60
2013.03.07 04:10:40.316,1.2676,1.26777,1.50,1.35
2013.03.07 04:10:41.105,1.26753,1.26775,1.88,3.23
2013.03.07 04:10:41.428,1.26758,1.26778,2.25,2.48
2013.03.07 04:10:41.495,1.2676,1.26778,1.50,1.73
2013.03.07 04:10:42.102,1.2676,1.26778,2.25,1.73
2013.03.07 04:10:49.444,1.26759,1.26774,2.25,1.50
2013.03.07 04:10:49.745,1.26754,1.26774,1.50,3.23
2013.03.07 04:10:50.072,1.26754,1.26774,1.50,3.23
2013.03.07 04:10:51.435,1.26756,1.26774,1.50,1.50
2013.03.07 04:10:51.506,1.26759,1.26777,1.50,1.73
2013.03.07 04:10:57.915,1.26758,1.26775,1.50,1.50
2013.03.07 04:10:57.975,1.26756,1.26775,1.50,1.73
2013.03.07 04:10:58.154,1.26755,1.26772,1.13,1.73
2013.03.07 04:11:01.628,1.26757,1.26772,1.50,1.73
2013.03.07 04:11:01.995,1.26759,1.26777,1.50,3.23
2013.03.07 04:11:13.114,1.26758,1.26777,2.25,3.23
2013.03.07 04:11:13.675,1.26758,1.26775,1.50,1.73
2013.03.07 04:11:15.925,1.26758,1.26777,1.50,1.73
2013.03.07 04:11:16.176,1.26754,1.26773,1.50,1.73
2013.03.07 04:11:17.925,1.26753,1.26772,1.50,1.73
2013.03.07 04:11:21.244,1.26754,1.26774,1.50,1.73
2013.03.07 04:11:21.546,1.26757,1.26776,1.50,1.73
2013.03.07 04:11:22.515,1.26755,1.26776,1.50,1.73
2013.03.07 04:11:27.845,1.26757,1.26776,1.50,2.48
2013.03.07 04:11:30.486,1.26757,1.26772,1.50,1.50
2013.03.07 04:11:30.796,1.26753,1.26772,1.50,1.73
2013.03.07 04:11:32.786,1.26751,1.26769,1.13,1.73
2013.03.07 04:11:33.445,1.26751,1.26769,1.50,1.73
2013.03.07 04:11:33.565,1.26746,1.26766,1.50,1.73
2013.03.07 04:11:33.874,1.26746,1.26766,1.50,1.73
2013.03.07 04:11:37.737,1.26746,1.26761,1.50,1.73
2013.03.07 04:11:41.105,1.26747,1.26761,1.50,1.73
2013.03.07 04:11:41.289,1.26747,1.26762,2.25,1.73
2013.03.07 04:11:41.417,1.26752,1.26767,1.50,1.73
2013.03.07 04:11:41.673,1.26749,1.26766,1.50,1.18
2013.03.07 04:11:41.914,1.26749,1.26767,1.50,2.25
2013.03.07 04:11:42.774,1.2675,1.26767,1.50,2.40
2013.03.07 04:11:43.294,1.26746,1.26766,1.50,3.15
2013.03.07 04:11:43.415,1.26746,1.26765,1.50,1.65
2013.03.07 04:11:43.775,1.26745,1.26762,1.50,1.73
2013.03.07 04:11:48.967,1.26744,1.26763,1.50,2.48
2013.03.07 04:11:54.699,1.26746,1.26763,2.25,1.73
2013.03.07 04:11:57.870,1.26746,1.26763,2.25,2.48
2013.03.07 04:11:58.008,1.26744,1.26762,1.50,2.48
2013.03.07 04:11:58.136,1.26744,1.26761,1.50,1.73
2013.03.07 04:12:10.336,1.26746,1.26762,1.50,1.73
2013.03.07 04:12:10.919,1.26747,1.26763,2.25,1.04
2013.03.07 04:12:11.045,1.26749,1.26767,1.50,1.35
2013.03.07 04:12:11.165,1.26751,1.26768,1.50,1.88
2013.03.07 04:12:11.586,1.26753,1.26773,1.50,1.50
2013.03.07 04:12:11.644,1.26756,1.26774,1.50,2.48
2013.03.07 04:12:12.657,1.26753,1.26771,1.50,1.50
2013.03.07 04:12:12.845,1.26751,1.26771,1.50,1.50
2013.03.07 04:12:21.214,1.26751,1.26771,2.25,2.25
2013.03.07 04:12:43.555,1.26752,1.26769,1.50,1.50
2013.03.07 04:12:43.914,1.26752,1.26768,1.50,1.73
2013.03.07 04:12:47.145,1.26749,1.26767,1.50,1.73
2013.03.07 04:12:47.836,1.26745,1.26763,1.50,2.48
2013.03.07 04:12:48.086,1.26743,1.26763,1.95,3.23
2013.03.07 04:12:50.465,1.26745,1.26763,1.50,2.48
2013.03.07 04:12:55.075,1.26746,1.26764,1.50,1.73
2013.03.07 04:12:57.004,1.26749,1.26768,1.50,1.73
2013.03.07 04:12:57.068,1.26749,1.26768,2.25,1.73
2013.03.07 04:12:57.135,1.26751,1.26769,1.50,1.73
2013.03.07 04:13:00.405,1.26747,1.26764,1.13,1.50
2013.03.07 04:13:00.645,1.26747,1.26758,1.13,1.50
2013.03.07 04:13:00.706,1.26744,1.26758,1.50,1.50
2013.03.07 04:13:00.887,1.26738,1.26758,1.13,1.73
2013.03.07 04:13:00.955,1.26738,1.26758,1.13,2.48
2013.03.07 04:13:01.194,1.2674,1.26758,1.50,2.48
2013.03.07 04:13:03.708,1.2674,1.26758,1.50,1.73
2013.03.07 04:13:06.293,1.26743,1.26758,1.13,1.73
2013.03.07 04:13:17.354,1.26737,1.26758,2.63,2.48
2013.03.07 04:13:21.242,1.26733,1.26748,1.13,1.50
2013.03.07 04:13:21.365,1.26732,1.26746,1.88,1.50
2013.03.07 04:13:21.545,1.26732,1.26744,1.50,3.00
2013.03.07 04:13:21.606,1.26732,1.26744,1.50,3.00
2013.03.07 04:13:21.924,1.26732,1.26744,1.50,1.73
2013.03.07 04:13:22.049,1.26725,1.26739,1.13,2.48
2013.03.07 04:13:22.296,1.26721,1.26739,1.13,2.48
2013.03.07 04:13:22.796,1.26719,1.26739,1.88,1.73
2013.03.07 04:13:23.345,1.26719,1.26738,2.25,1.73
2013.03.07 04:13:23.706,1.26719,1.26738,1.50,2.48
2013.03.07 04:13:24.016,1.26718,1.26738,1.50,2.02
2013.03.07 04:13:24.101,1.26718,1.26738,1.73,1.73
2013.03.07 04:13:24.827,1.26718,1.26739,1.73,3.23
2013.03.07 04:13:28.216,1.26724,1.26739,1.50,2.48
2013.03.07 04:13:28.335,1.26726,1.26742,1.50,2.25
2013.03.07 04:13:28.515,1.26727,1.26744,1.50,1.50
2013.03.07 04:13:28.868,1.26725,1.26744,2.48,1.50
2013.03.07 04:13:29.175,1.26725,1.26744,1.50,2.25
2013.03.07 04:13:29.296,1.26725,1.26744,2.48,1.50
2013.03.07 04:13:29.626,1.26725,1.26744,1.50,2.25
2013.03.07 04:13:31.404,1.26727,1.26746,1.50,1.50
2013.03.07 04:13:31.465,1.26727,1.26747,1.73,1.50
2013.03.07 04:13:31.715,1.26726,1.26747,1.50,2.48
2013.03.07 04:13:31.957,1.26726,1.26744,1.50,1.50
2013.03.07 04:13:32.025,1.26726,1.26745,3.23,1.50
2013.03.07 04:13:32.335,1.26724,1.26743,1.50,1.50
2013.03.07 04:13:32.396,1.26725,1.26746,1.50,2.48
2013.03.07 04:13:32.575,1.26725,1.26746,1.73,2.25
2013.03.07 04:13:32.635,1.26728,1.26745,1.50,1.50
2013.03.07 04:13:32.695,1.26725,1.26745,1.50,2.25
2013.03.07 04:13:37.086,1.26722,1.26743,1.73,1.50
2013.03.07 04:13:39.556,1.26729,1.26745,1.50,1.50
2013.03.07 04:13:39.675,1.26727,1.26746,1.50,1.73
2013.03.07 04:13:39.736,1.26726,1.26746,1.35,3.00
2013.03.07 04:13:39.865,1.26726,1.26745,1.35,1.50
2013.03.07 04:13:39.925,1.26726,1.26745,1.13,1.50
2013.03.07 04:13:40.045,1.26723,1.26743,1.50,1.50
2013.03.07 04:13:40.108,1.26721,1.26741,1.50,1.50
2013.03.07 04:13:40.326,1.26721,1.26739,1.13,1.50
2013.03.07 04:13:41.617,1.26722,1.26741,1.73,1.50
2013.03.07 04:13:41.745,1.26724,1.26742,1.50,1.50
2013.03.07 04:13:41.865,1.26724,1.26743,1.50,1.50
2013.03.07 04:13:48.235,1.26725,1.26744,1.50,1.50
2013.03.07 04:13:48.594,1.26722,1.26742,1.13,1.50
2013.03.07 04:13:49.125,1.26722,1.26742,1.13,1.50
2013.03.07 04:13:51.405,1.26725,1.26743,1.50,2.25
2013.03.07 04:13:51.926,1.26721,1.26743,2.10,2.25
2013.03.07 04:13:52.175,1.26725,1.26743,1.50,1.50
2013.03.07 04:13:52.477,1.26722,1.26742,3.23,1.50
2013.03.07 04:13:53.725,1.26721,1.26737,2.10,1.50
2013.03.07 04:13:54.001,1.26719,1.26737,1.50,1.50
2013.03.07 04:13:54.072,1.26717,1.26736,1.35,1.50
2013.03.07 04:13:55.944,1.26719,1.26738,1.50,1.73
2013.03.07 04:14:00.447,1.26722,1.26741,1.50,1.73
2013.03.07 04:14:00.515,1.26722,1.26741,1.50,1.50
2013.03.07 04:14:00.575,1.26724,1.26743,1.50,2.25
2013.03.07 04:14:00.885,1.26727,1.26745,1.50,1.50
2013.03.07 04:14:01.006,1.26726,1.26746,2.25,1.50
2013.03.07 04:14:01.305,1.26729,1.26749,1.50,1.50
2013.03.07 04:14:01.724,1.26727,1.26749,1.88,2.25
2013.03.07 04:14:04.307,1.26727,1.26747,1.13,1.50
2013.03.07 04:14:04.694,1.26724,1.26747,3.08,2.25
2013.03.07 04:14:05.356,1.26724,1.26746,3.08,1.50
2013.03.07 04:14:05.905,1.2672,1.26742,2.10,3.00
2013.03.07 04:14:06.607,1.26722,1.26742,1.50,2.25
2013.03.07 04:14:07.115,1.26722,1.26742,1.50,2.25
2013.03.07 04:14:10.995,1.26722,1.26742,1.50,1.50
2013.03.07 04:14:18.485,1.26724,1.26739,1.50,1.50
2013.03.07 04:14:18.606,1.26718,1.26738,2.85,1.73
2013.03.07 04:14:18.725,1.26719,1.2674,1.73,2.25
2013.03.07 04:14:18.785,1.26719,1.26739,1.73,1.50
2013.03.07 04:14:18.906,1.26721,1.26738,1.73,1.50
2013.03.07 04:14:19.156,1.26719,1.26738,1.13,1.73
2013.03.07 04:14:19.225,1.26719,1.26741,2.10,2.25
2013.03.07 04:14:19.285,1.26721,1.26742,1.73,2.25
2013.03.07 04:14:19.787,1.26721,1.26741,1.73,1.50
2013.03.07 04:14:20.095,1.26717,1.26739,2.48,1.50
2013.03.07 04:14:20.156,1.26717,1.26739,2.48,2.25
2013.03.07 04:14:20.228,1.26717,1.26733,1.73,1.50
2013.03.07 04:14:20.545,1.26712,1.26729,1.73,1.50
2013.03.07 04:14:20.724,1.2671,1.26727,1.88,1.50
2013.03.07 04:14:20.905,1.26713,1.26729,1.50,1.50
2013.03.07 04:14:20.966,1.26713,1.26729,1.73,1.50
2013.03.07 04:14:21.084,1.26713,1.2673,1.73,1.50
2013.03.07 04:14:22.095,1.26713,1.26731,1.73,1.50
2013.03.07 04:14:22.445,1.2671,1.2673,1.73,1.50
2013.03.07 04:14:22.505,1.2671,1.2673,1.50,1.50
2013.03.07 04:14:31.695,1.26713,1.2673,1.50,1.50
2013.03.07 04:14:31.756,1.26713,1.26731,1.73,1.50
2013.03.07 04:14:31.825,1.26714,1.26732,1.73,1.50
2013.03.07 04:14:32.426,1.26713,1.26733,2.48,1.50
2013.03.07 04:14:34.436,1.26722,1.26735,1.50,1.50
2013.03.07 04:14:34.508,1.26722,1.26739,2.25,2.25
2013.03.07 04:14:34.636,1.2672,1.26739,2.48,1.50
2013.03.07 04:14:35.185,1.26718,1.26739,1.73,2.48
2013.03.07 04:14:38.676,1.26718,1.26739,1.73,3.75
2013.03.07 04:14:38.865,1.26718,1.26735,1.73,1.50
2013.03.07 04:14:39.569,1.26715,1.26735,2.33,2.25
2013.03.07 04:14:42.717,1.26714,1.26734,1.73,2.25
2013.03.07 04:14:43.042,1.26714,1.2673,1.73,1.50
2013.03.07 04:14:44.845,1.26714,1.26731,1.73,1.50
2013.03.07 04:14:46.995,1.26714,1.26734,1.73,1.50
2013.03.07 04:14:47.742,1.26714,1.26732,1.73,1.50
2013.03.07 04:14:50.766,1.26714,1.26734,1.73,1.50
2013.03.07 04:14:51.194,1.26712,1.26732,1.73,2.25
2013.03.07 04:14:51.375,1.2671,1.2673,1.73,1.50
2013.03.07 04:14:53.640,1.26714,1.2673,1.13,1.50
2013.03.07 04:14:53.706,1.26716,1.26732,1.50,1.50
2013.03.07 04:14:53.775,1.26717,1.26735,1.50,2.48
2013.03.07 04:14:53.896,1.26716,1.26733,1.73,1.50
2013.03.07 04:14:54.205,1.26716,1.26733,1.50,2.25
2013.03.07 04:14:54.324,1.26716,1.26731,1.73,1.50
2013.03.07 04:14:54.445,1.26716,1.26734,1.73,1.50
2013.03.07 04:14:57.535,1.26715,1.26733,1.13,2.25
2013.03.07 04:14:57.774,1.26715,1.26733,1.13,1.50
2013.03.07 04:14:59.085,1.26715,1.26733,1.13,2.25
2013.03.07 04:15:00.586,1.26715,1.26733,1.13,1.50
2013.03.07 04:15:00.928,1.26715,1.26733,1.13,2.25
2013.03.07 04:15:00.997,1.26713,1.26733,1.73,2.25
2013.03.07 04:15:01.535,1.2671,1.26731,2.48,2.25
2013.03.07 04:15:05.005,1.26714,1.26735,1.73,1.50
2013.03.07 04:15:05.245,1.26714,1.26735,1.73,1.50
2013.03.07 04:15:06.031,1.26714,1.26734,1.73,2.25
2013.03.07 04:15:06.155,1.26721,1.26735,1.50,2.25
2013.03.07 04:15:06.525,1.26716,1.26735,1.35,1.50
2013.03.07 04:15:06.771,1.26721,1.26735,1.73,1.50
2013.03.07 04:15:07.016,1.26721,1.26735,1.73,1.50
2013.03.07 04:15:08.405,1.2672,1.26735,1.50,1.50
2013.03.07 04:15:08.466,1.26717,1.26735,1.13,1.50
2013.03.07 04:15:08.894,1.26714,1.26732,2.10,1.50
2013.03.07 04:15:14.975,1.26712,1.26732,1.73,1.50
2013.03.07 04:15:15.947,1.26717,1.26736,1.50,1.73
2013.03.07 04:15:16.254,1.26721,1.26736,1.73,1.50
2013.03.07 04:15:16.708,1.26721,1.26736,1.73,1.50
2013.03.07 04:15:20.146,1.26717,1.26736,1.73,1.50
2013.03.07 04:15:20.216,1.26717,1.26736,1.73,1.50
2013.03.07 04:15:20.705,1.26718,1.26737,2.48,1.50
2013.03.07 04:15:21.065,1.26726,1.26743,1.50,1.13
2013.03.07 04:15:22.918,1.26721,1.26738,1.88,1.50
2013.03.07 04:15:23.165,1.26718,1.26738,1.43,2.25
2013.03.07 04:15:26.145,1.2672,1.26738,1.50,1.50
2013.03.07 04:15:26.326,1.2672,1.26742,2.48,2.25
2013.03.07 04:15:26.444,1.2672,1.26738,1.50,1.50
2013.03.07 04:15:26.625,1.26718,1.26738,1.35,1.50
2013.03.07 04:15:28.956,1.26719,1.26737,1.35,1.50
2013.03.07 04:15:29.026,1.26718,1.26737,1.13,1.73
2013.03.07 04:15:29.207,1.26716,1.26735,1.50,1.73
2013.03.07 04:15:39.795,1.26712,1.26733,1.73,1.50
2013.03.07 04:15:41.346,1.26715,1.26734,2.48,1.50
2013.03.07 04:15:44.145,1.26715,1.26734,1.73,1.50
2013.03.07 04:15:46.111,1.26715,1.26734,1.73,1.50
2013.03.07 04:15:56.945,1.26713,1.26733,1.73,1.50
2013.03.07 04:15:57.246,1.26712,1.26728,1.50,1.50
2013.03.07 04:15:57.606,1.26712,1.26732,1.73,2.25
2013.03.07 04:16:00.926,1.26712,1.26732,1.73,2.25
2013.03.07 04:16:12.745,1.26715,1.26736,1.73,1.50
2013.03.07 04:16:13.045,1.26716,1.26737,1.73,2.25
2013.03.07 04:16:14.424,1.26714,1.26736,2.85,1.50
2013.03.07 04:16:14.727,1.2672,1.26737,1.73,1.50
2013.03.07 04:16:15.105,1.26723,1.26741,1.73,1.50
2013.03.07 04:16:15.895,1.26723,1.2674,1.73,2.25
2013.03.07 04:16:16.074,1.26716,1.26737,1.73,1.50
2013.03.07 04:16:21.656,1.26716,1.26737,1.35,3.00
2013.03.07 04:16:21.725,1.26716,1.26736,1.35,1.50
2013.03.07 04:16:26.335,1.26717,1.26737,1.73,1.50
2013.03.07 04:16:28.185,1.26719,1.26739,1.73,1.50
2013.03.07 04:16:28.705,1.26717,1.26737,1.73,1.50
2013.03.07 04:16:29.216,1.26716,1.26737,1.73,2.25
2013.03.07 04:16:29.525,1.2672,1.26741,1.73,3.00
2013.03.07 04:16:29.715,1.26718,1.26737,2.48,1.50
2013.03.07 04:16:29.835,1.26716,1.26736,1.73,1.50
2013.03.07 04:16:31.807,1.26713,1.26735,2.10,2.25
2013.03.07 04:16:31.953,1.26712,1.26732,1.73,1.50
2013.03.07 04:16:37.715,1.26715,1.26732,1.73,1.50
2013.03.07 04:16:38.265,1.26715,1.26735,2.48,1.50
2013.03.07 04:16:39.307,1.26715,1.26733,1.73,1.50
2013.03.07 04:16:39.496,1.2671,1.26729,1.73,1.50
2013.03.07 04:16:39.566,1.26709,1.26726,1.73,1.50
2013.03.07 04:16:40.036,1.26709,1.26728,1.73,1.50
2013.03.07 04:16:42.136,1.2671,1.2673,1.73,1.50
2013.03.07 04:16:48.096,1.26713,1.26732,2.48,1.50
2013.03.07 04:16:48.585,1.2671,1.2673,1.73,1.50
2013.03.07 04:16:50.374,1.26711,1.26731,1.73,1.50
2013.03.07 04:17:01.705,1.26711,1.26731,1.73,2.25
2013.03.07 04:17:02.617,1.26711,1.26729,1.73,2.25
2013.03.07 04:17:03.051,1.26711,1.26727,1.73,1.50
2013.03.07 04:17:03.120,1.26705,1.26726,1.73,1.50
2013.03.07 04:17:03.185,1.26705,1.26726,1.73,1.50
2013.03.07 04:17:04.825,1.26705,1.26726,2.48,2.25
2013.03.07 04:17:05.065,1.2671,1.26726,1.73,1.50
2013.03.07 04:17:05.185,1.2671,1.26728,1.73,1.50
2013.03.07 04:17:05.246,1.26712,1.26731,3.23,1.50
2013.03.07 04:17:05.379,1.26716,1.26731,1.73,1.50
2013.03.07 04:17:05.885,1.26716,1.26735,1.73,4.50
2013.03.07 04:17:06.962,1.26717,1.26734,1.25,2.25
2013.03.07 04:17:07.235,1.26715,1.26731,1.35,1.50
2013.03.07 04:17:07.498,1.26717,1.26732,1.20,1.50
2013.03.07 04:17:07.696,1.26715,1.26732,1.35,1.50
2013.03.07 04:17:07.828,1.26717,1.26732,1.35,1.50
2013.03.07 04:17:08.137,1.26716,1.26737,1.32,2.25
2013.03.07 04:17:08.269,1.26715,1.26735,2.48,1.50
2013.03.07 04:17:08.338,1.26715,1.26735,2.48,3.00
2013.03.07 04:17:08.707,1.26718,1.26733,2.13,1.50
2013.03.07 04:17:09.016,1.26717,1.26739,1.73,2.25
2013.03.07 04:17:09.086,1.2672,1.26737,1.73,1.50
2013.03.07 04:17:09.267,1.26721,1.26738,1.73,1.50
2013.03.07 04:17:09.516,1.26717,1.26736,2.48,1.50
2013.03.07 04:17:09.575,1.26717,1.26737,1.73,2.25
2013.03.07 04:17:09.698,1.2672,1.26737,2.48,1.50
2013.03.07 04:17:10.001,1.26718,1.26737,2.48,1.50
2013.03.07 04:17:10.251,1.26721,1.26738,1.73,1.50
2013.03.07 04:17:10.686,1.26721,1.26737,1.73,1.50
2013.03.07 04:17:10.876,1.26722,1.26737,1.73,2.25
2013.03.07 04:17:11.245,1.26719,1.26738,1.50,1.50
2013.03.07 04:17:11.425,1.26718,1.26736,1.13,1.73
2013.03.07 04:17:11.786,1.26713,1.26732,1.50,1.50
2013.03.07 04:17:13.477,1.26709,1.26725,1.73,1.50
2013.03.07 04:17:13.666,1.26706,1.26724,1.13,2.25
2013.03.07 04:17:13.915,1.26704,1.26724,1.73,1.50
2013.03.07 04:17:14.516,1.26706,1.26724,1.50,3.00
2013.03.07 04:17:14.591,1.26701,1.26721,1.73,1.50
2013.03.07 04:17:14.898,1.26699,1.26717,1.73,1.50
2013.03.07 04:17:15.086,1.26699,1.26717,1.73,1.50
2013.03.07 04:17:15.147,1.26699,1.26717,1.73,2.25
2013.03.07 04:17:15.456,1.26698,1.26715,1.73,1.50
2013.03.07 04:17:15.765,1.26698,1.26716,1.73,2.25
2013.03.07 04:17:16.305,1.26698,1.26718,1.73,2.25
2013.03.07 04:17:16.425,1.26698,1.26717,1.50,1.50
2013.03.07 04:17:17.396,1.26698,1.26717,1.73,1.50
2013.03.07 04:17:26.465,1.26699,1.26717,1.73,1.50
2013.03.07 04:17:28.778,1.26694,1.26714,1.73,1.50
2013.03.07 04:17:29.095,1.26695,1.26716,1.73,2.25
2013.03.07 04:17:29.408,1.26697,1.26717,1.73,1.50
2013.03.07 04:17:38.975,1.26697,1.26717,2.48,1.50
2013.03.07 04:17:45.785,1.26699,1.26715,1.73,2.25
2013.03.07 04:17:46.105,1.26696,1.26711,1.73,1.50
2013.03.07 04:17:49.786,1.2669,1.26709,1.35,1.50
2013.03.07 04:17:49.966,1.26694,1.26709,1.73,2.25
2013.03.07 04:17:50.209,1.2669,1.2671,2.48,1.50
2013.03.07 04:17:50.335,1.26688,1.26706,1.35,1.50
2013.03.07 04:17:51.654,1.26691,1.26708,1.73,1.50
2013.03.07 04:17:51.956,1.26692,1.26712,2.48,2.25
2013.03.07 04:17:52.810,1.26688,1.26705,1.73,1.50
2013.03.07 04:17:52.877,1.26686,1.26705,2.48,1.50
2013.03.07 04:17:56.485,1.26688,1.26706,1.73,1.50
2013.03.07 04:18:00.475,1.26688,1.26707,1.73,1.50
2013.03.07 04:18:00.596,1.2669,1.26707,1.73,1.50
2013.03.07 04:18:00.896,1.26691,1.2671,1.73,1.50
2013.03.07 04:18:00.966,1.26691,1.26711,1.73,1.50
2013.03.07 04:18:02.975,1.26692,1.26712,1.73,1.50
2013.03.07 04:18:04.426,1.26695,1.26713,1.50,1.73
2013.03.07 04:18:04.866,1.26697,1.26716,1.73,1.50
2013.03.07 04:18:06.695,1.26697,1.26718,1.73,1.50
2013.03.07 04:18:07.057,1.26702,1.26721,2.48,1.50
2013.03.07 04:18:07.305,1.26698,1.2672,1.88,2.25
2013.03.07 04:18:07.735,1.26696,1.26718,1.73,1.50
2013.03.07 04:18:08.661,1.267,1.26718,1.65,1.50
2013.03.07 04:18:08.966,1.26701,1.26718,1.13,1.50
2013.03.07 04:18:11.404,1.267,1.26717,1.88,1.50
2013.03.07 04:18:11.525,1.26699,1.26717,1.50,2.40
2013.03.07 04:18:11.585,1.26697,1.26714,1.35,1.50
2013.03.07 04:18:11.646,1.26697,1.26715,2.10,1.50
2013.03.07 04:18:11.765,1.267,1.26719,1.50,1.50
2013.03.07 04:18:11.945,1.26698,1.26719,1.13,1.50
2013.03.07 04:18:12.315,1.26697,1.26716,1.13,1.50
2013.03.07 04:18:12.616,1.26697,1.26716,1.13,1.50
2013.03.07 04:18:17.145,1.26696,1.26716,1.73,1.50
2013.03.07 04:18:17.786,1.26697,1.26719,3.23,1.50
2013.03.07 04:18:18.095,1.26697,1.26719,3.23,1.50
2013.03.07 04:18:21.075,1.267,1.26718,1.73,1.50
2013.03.07 04:18:27.985,1.26698,1.26718,2.48,1.50
2013.03.07 04:18:46.017,1.267,1.26717,1.73,2.25
2013.03.07 04:18:46.325,1.26694,1.26713,1.43,1.50
2013.03.07 04:18:46.447,1.26693,1.26709,1.73,1.50
2013.03.07 04:18:47.005,1.26693,1.26713,1.73,1.50
2013.03.07 04:18:53.055,1.26695,1.26715,1.73,1.50
2013.03.07 04:19:06.927,1.26697,1.26718,2.63,1.50
2013.03.07 04:19:07.059,1.267,1.2672,2.25,1.50
2013.03.07 04:19:07.246,1.26702,1.26721,2.25,1.50
2013.03.07 04:19:07.306,1.26702,1.26721,2.48,1.50
2013.03.07 04:19:08.359,1.26702,1.26719,2.48,2.25
2013.03.07 04:19:08.906,1.267,1.26717,2.48,1.50
2013.03.07 04:19:09.156,1.267,1.26717,2.48,1.50
2013.03.07 04:19:09.227,1.267,1.26715,1.73,1.50
2013.03.07 04:19:09.295,1.267,1.26715,1.50,1.50
2013.03.07 04:19:09.595,1.26696,1.26715,1.58,2.25
2013.03.07 04:19:14.967,1.26696,1.26713,1.58,1.50
2013.03.07 04:19:15.996,1.26694,1.26712,1.58,1.50
2013.03.07 04:19:16.237,1.26689,1.26708,1.73,1.50
2013.03.07 04:19:16.486,1.26691,1.26709,1.17,1.50
2013.03.07 04:19:16.918,1.26694,1.26713,1.73,2.25
2013.03.07 04:19:16.988,1.26694,1.26713,1.73,2.25
2013.03.07 04:19:17.613,1.26694,1.26713,1.73,1.50
2013.03.07 04:19:18.727,1.26696,1.26715,1.17,2.25
2013.03.07 04:19:18.797,1.26697,1.26716,1.73,1.50
2013.03.07 04:19:19.047,1.26696,1.26717,4.02,1.50
2013.03.07 04:19:20.645,1.26699,1.26717,1.73,1.50
2013.03.07 04:19:21.201,1.26701,1.26718,1.73,1.50
2013.03.07 04:19:23.825,1.26701,1.26717,1.73,1.50
2013.03.07 04:19:30.415,1.26699,1.26717,1.73,1.50
2013.03.07 04:19:31.415,1.26698,1.26717,1.73,1.50
2013.03.07 04:19:33.155,1.26698,1.26719,2.48,2.25
2013.03.07 04:19:33.455,1.26701,1.26719,1.73,1.50
2013.03.07 04:19:33.516,1.26701,1.26721,1.73,1.50
2013.03.07 04:19:33.755,1.26701,1.26723,3.23,2.25
2013.03.07 04:19:34.056,1.26703,1.26724,1.73,1.50
2013.03.07 04:19:34.726,1.26701,1.26723,2.48,2.25
2013.03.07 04:19:34.965,1.26699,1.26718,1.58,1.50
2013.03.07 04:19:40.866,1.26698,1.26718,1.73,1.50
2013.03.07 04:19:41.166,1.26703,1.26721,1.50,1.73
2013.03.07 04:19:41.346,1.26706,1.26724,1.50,1.50
2013.03.07 04:19:41.706,1.2671,1.26727,1.50,2.25
2013.03.07 04:19:41.946,1.2671,1.26728,1.50,1.50
2013.03.07 04:19:42.007,1.2671,1.26728,1.73,1.50
2013.03.07 04:19:42.316,1.26714,1.26732,1.50,1.50
2013.03.07 04:19:43.315,1.26713,1.26731,1.73,1.50
2013.03.07 04:19:45.886,1.26714,1.26733,1.50,2.48
2013.03.07 04:19:45.947,1.26714,1.26733,1.50,2.48
2013.03.07 04:19:46.456,1.26718,1.26736,1.50,1.50
2013.03.07 04:19:46.707,1.26717,1.26736,1.50,1.50
2013.03.07 04:19:46.895,1.2672,1.26737,1.50,2.25
2013.03.07 04:19:47.196,1.26719,1.26737,1.73,1.50
2013.03.07 04:19:49.616,1.26718,1.26737,2.67,1.50
2013.03.07 04:19:49.805,1.26717,1.26737,1.73,1.50
2013.03.07 04:19:50.576,1.26716,1.26735,1.73,1.50
2013.03.07 04:19:53.482,1.26713,1.26733,1.73,3.00
2013.03.07 04:19:53.725,1.26713,1.2673,1.73,1.50
2013.03.07 04:19:54.902,1.26714,1.26732,1.50,1.50
2013.03.07 04:19:54.967,1.26714,1.26732,1.50,1.50
2013.03.07 04:19:55.339,1.26714,1.26732,1.50,1.50
2013.03.07 04:19:56.435,1.26716,1.26732,1.50,1.50
2013.03.07 04:19:56.736,1.26716,1.26734,1.50,1.50
2013.03.07 04:20:14.419,1.26718,1.26734,2.10,1.73
2013.03.07 04:20:14.486,1.26719,1.26737,2.25,1.35
2013.03.07 04:20:14.546,1.2672,1.26737,3.94,1.13
2013.03.07 04:20:14.846,1.26724,1.26741,1.73,1.50
2013.03.07 04:20:15.027,1.26725,1.26743,1.73,5.25
2013.03.07 04:20:15.627,1.26729,1.26745,1.50,1.73
2013.03.07 04:20:18.276,1.26724,1.26742,1.35,1.50
2013.03.07 04:20:19.666,1.26721,1.26742,1.73,1.50
2013.03.07 04:20:19.795,1.26721,1.26739,1.50,1.50
2013.03.07 04:20:20.235,1.2672,1.26736,1.50,1.50
2013.03.07 04:20:20.295,1.26717,1.26736,1.65,1.73
2013.03.07 04:20:20.476,1.26717,1.26735,1.13,1.50
2013.03.07 04:20:21.025,1.2672,1.26738,1.50,1.50
2013.03.07 04:20:22.218,1.26721,1.2674,1.50,2.25
2013.03.07 04:20:22.286,1.26721,1.2674,1.73,2.25
2013.03.07 04:20:23.025,1.26722,1.2674,1.73,1.50
2013.03.07 04:20:25.236,1.26722,1.2674,1.73,1.50
2013.03.07 04:20:25.425,1.26724,1.26742,1.50,1.50
2013.03.07 04:20:27.909,1.26727,1.26745,1.50,1.73
2013.03.07 04:20:28.109,1.26723,1.26742,1.50,1.73
2013.03.07 04:20:28.179,1.26723,1.26742,1.50,1.73
2013.03.07 04:20:28.489,1.26727,1.26744,1.50,1.50
2013.03.07 04:20:28.617,1.26729,1.26746,2.25,1.35
2013.03.07 04:20:28.808,1.26734,1.2675,1.50,1.73
2013.03.07 04:20:28.877,1.26734,1.26752,1.50,1.73
2013.03.07 04:20:32.466,1.26731,1.26751,1.73,1.50
2013.03.07 04:20:32.795,1.26732,1.26752,1.73,1.50
2013.03.07 04:20:33.766,1.26731,1.26752,1.73,2.25
2013.03.07 04:20:39.676,1.26733,1.26749,1.73,1.50
2013.03.07 04:20:40.507,1.26731,1.26748,1.50,1.50
2013.03.07 04:20:40.698,1.26726,1.26746,1.73,1.50
2013.03.07 04:20:40.827,1.26725,1.26744,1.50,1.73
2013.03.07 04:20:41.196,1.26725,1.26742,1.50,1.50
2013.03.07 04:20:45.947,1.26723,1.26742,1.73,1.50
2013.03.07 04:20:46.007,1.26723,1.26742,1.73,1.50
2013.03.07 04:20:48.595,1.2672,1.26741,2.10,1.50
2013.03.07 04:20:48.726,1.26722,1.26741,1.73,2.25
2013.03.07 04:20:48.855,1.26722,1.26741,1.73,2.25
2013.03.07 04:20:58.999,1.26719,1.26739,1.73,1.50
2013.03.07 04:20:59.196,1.26718,1.26738,1.73,1.50
2013.03.07 04:21:00.016,1.26718,1.26739,1.73,2.25
2013.03.07 04:21:00.781,1.2672,1.26739,1.73,1.50
2013.03.07 04:21:02.527,1.26722,1.26739,1.50,1.50
2013.03.07 04:21:02.597,1.26724,1.2674,1.50,1.73
2013.03.07 04:21:02.848,1.26724,1.26744,2.25,1.73
2013.03.07 04:21:02.918,1.26724,1.26743,1.73,1.50
2013.03.07 04:21:03.286,1.26724,1.26744,1.50,2.48
2013.03.07 04:21:04.042,1.26724,1.26741,1.50,1.50
2013.03.07 04:21:04.367,1.26729,1.26749,2.25,1.35
2013.03.07 04:21:04.616,1.26731,1.26749,1.50,1.35
2013.03.07 04:21:05.126,1.26731,1.26751,1.50,1.73
2013.03.07 04:21:06.726,1.26731,1.26751,1.73,1.50
2013.03.07 04:21:07.095,1.26727,1.26749,2.48,2.25
2013.03.07 04:21:10.995,1.26725,1.26746,1.73,1.50
2013.03.07 04:21:11.426,1.26727,1.26748,1.73,1.50
2013.03.07 04:21:19.766,1.26731,1.26751,1.50,1.50
2013.03.07 04:21:20.077,1.26731,1.26751,1.73,1.50
2013.03.07 04:21:20.467,1.26734,1.26752,1.73,1.50
2013.03.07 04:21:27.006,1.26731,1.26752,1.73,1.50
2013.03.07 04:21:30.726,1.26729,1.26749,1.13,1.50
2013.03.07 04:21:31.267,1.26726,1.26746,1.73,2.25
2013.03.07 04:21:33.038,1.2673,1.26748,1.73,1.50
2013.03.07 04:21:33.346,1.26727,1.26746,1.73,1.50
2013.03.07 04:21:33.465,1.26726,1.26746,1.73,1.50
2013.03.07 04:21:40.428,1.26727,1.26745,1.73,1.50
2013.03.07 04:21:43.126,1.26725,1.26745,1.50,1.73
2013.03.07 04:21:43.318,1.26726,1.26747,1.73,2.25
2013.03.07 04:21:43.386,1.26728,1.26747,1.50,2.25
2013.03.07 04:21:44.965,1.26726,1.26747,1.73,1.50
2013.03.07 04:21:46.607,1.26726,1.26747,1.73,1.50
2013.03.07 04:22:00.056,1.26729,1.26747,1.73,1.50
2013.03.07 04:22:01.177,1.26733,1.26752,1.73,1.88
2013.03.07 04:22:01.317,1.26735,1.26755,4.35,1.50
2013.03.07 04:22:01.628,1.2674,1.26757,1.50,1.73
2013.03.07 04:22:01.697,1.26737,1.26758,1.50,1.73
2013.03.07 04:22:01.767,1.26739,1.2676,1.73,1.50
2013.03.07 04:22:01.959,1.26739,1.26757,1.50,1.73
2013.03.07 04:22:02.026,1.26737,1.26756,1.50,1.73
2013.03.07 04:22:02.148,1.26737,1.26758,1.73,1.50
2013.03.07 04:22:02.466,1.26738,1.26756,1.73,1.50
2013.03.07 04:22:02.646,1.26735,1.26754,2.48,1.50
2013.03.07 04:22:02.708,1.26736,1.26758,1.50,1.73
2013.03.07 04:22:02.837,1.26737,1.26759,1.73,1.50
2013.03.07 04:22:06.007,1.26735,1.26757,2.48,1.50
2013.03.07 04:22:06.771,1.26735,1.26755,1.73,1.50
2013.03.07 04:22:07.431,1.26736,1.26756,1.73,1.50
2013.03.07 04:22:09.949,1.26734,1.26754,1.73,1.50
2013.03.07 04:22:10.076,1.26733,1.26752,1.73,1.50
2013.03.07 04:22:10.737,1.26737,1.26757,1.73,1.50
2013.03.07 04:22:10.927,1.26737,1.26759,1.73,2.25
2013.03.07 04:22:11.177,1.26736,1.26756,1.50,1.73
2013.03.07 04:22:11.761,1.26736,1.26755,1.73,1.50
2013.03.07 04:22:13.701,1.26736,1.26753,1.50,1.50
2013.03.07 04:22:14.006,1.26732,1.26751,1.73,1.50
2013.03.07 04:22:14.745,1.26731,1.26751,1.73,2.25
2013.03.07 04:22:14.866,1.26731,1.2675,1.73,1.50
2013.03.07 04:22:18.595,1.26733,1.26751,1.73,1.50
2013.03.07 04:22:33.446,1.26735,1.26751,1.50,1.50
2013.03.07 04:22:33.506,1.26736,1.26753,1.50,1.50
2013.03.07 04:22:35.447,1.26736,1.26754,1.73,1.50
2013.03.07 04:22:35.516,1.26739,1.26758,1.73,1.50
2013.03.07 04:22:35.818,1.26742,1.26762,1.73,1.50
2013.03.07 04:22:36.131,1.26739,1.2676,2.48,1.50
2013.03.07 04:22:38.365,1.26741,1.2676,1.73,1.50
2013.03.07 04:22:41.517,1.26742,1.26763,1.73,3.00
2013.03.07 04:22:42.426,1.26748,1.26763,1.50,1.50
2013.03.07 04:22:51.957,1.26745,1.26763,1.73,1.50
2013.03.07 04:23:28.261,1.26745,1.26764,1.73,1.50
2013.03.07 04:23:29.036,1.26744,1.26764,1.35,1.50
2013.03.07 04:23:31.907,1.26745,1.26765,2.48,1.88
2013.03.07 04:23:32.156,1.2675,1.26768,1.88,1.50
2013.03.07 04:23:32.216,1.26751,1.2677,1.88,1.50
2013.03.07 04:23:32.278,1.26752,1.2677,1.13,1.50
2013.03.07 04:23:32.405,1.26755,1.26773,1.73,1.50
2013.03.07 04:23:32.705,1.26755,1.26775,1.73,2.25
2013.03.07 04:23:33.975,1.26754,1.26775,1.73,1.50
2013.03.07 04:23:34.909,1.26757,1.26776,1.50,1.50
2013.03.07 04:23:35.346,1.26755,1.26774,1.35,1.50
2013.03.07 04:23:36.483,1.26755,1.26774,1.35,1.50
2013.03.07 04:23:36.625,1.26753,1.26774,1.50,1.50
2013.03.07 04:23:38.387,1.26753,1.26774,2.25,1.50
2013.03.07 04:23:38.946,1.26753,1.26774,1.13,2.25
2013.03.07 04:23:39.005,1.26753,1.26773,1.13,1.50
2013.03.07 04:23:39.577,1.26753,1.26774,1.88,2.25
2013.03.07 04:23:41.427,1.26753,1.26773,1.13,1.50
2013.03.07 04:23:41.496,1.26753,1.26773,1.13,1.50
2013.03.07 04:23:41.616,1.26755,1.26772,1.35,1.50
2013.03.07 04:23:42.945,1.26755,1.26775,1.73,1.50
2013.03.07 04:23:43.519,1.26753,1.26774,2.25,1.50
2013.03.07 04:23:45.195,1.26753,1.26773,1.13,1.50
2013.03.07 04:23:45.315,1.26753,1.26774,1.13,2.25
2013.03.07 04:23:46.397,1.26755,1.26773,1.73,2.25
2013.03.07 04:23:46.637,1.26756,1.26777,1.50,1.88
2013.03.07 04:23:46.707,1.26757,1.26777,1.50,1.13
2013.03.07 04:23:47.017,1.26755,1.2677,1.73,1.50
2013.03.07 04:23:47.146,1.26755,1.26775,1.88,1.65
2013.03.07 04:23:47.207,1.26755,1.26775,1.50,1.50
2013.03.07 04:23:47.276,1.26755,1.26775,1.50,2.25
2013.03.07 04:23:47.456,1.26755,1.26773,1.13,2.25
2013.03.07 04:23:47.756,1.26759,1.26777,1.73,1.50
2013.03.07 04:23:47.996,1.26759,1.26779,1.73,2.40
2013.03.07 04:23:48.726,1.26756,1.26777,6.23,2.25
2013.03.07 04:23:51.316,1.26757,1.26779,1.73,1.65
2013.03.07 04:23:51.438,1.26757,1.26779,2.10,1.65
2013.03.07 04:23:53.615,1.26757,1.26779,1.73,2.40
2013.03.07 04:23:54.234,1.26756,1.26776,1.73,1.50
2013.03.07 04:23:54.367,1.26754,1.26773,1.65,1.50
2013.03.07 04:23:57.837,1.26758,1.26776,1.50,1.88
2013.03.07 04:23:58.157,1.26754,1.26774,1.88,3.23
2013.03.07 04:23:58.226,1.26754,1.26774,1.88,3.23
2013.03.07 04:24:01.006,1.26754,1.26772,1.50,2.25
2013.03.07 04:24:02.388,1.26754,1.26773,1.50,1.50
2013.03.07 04:24:05.076,1.26755,1.26772,1.50,1.50
2013.03.07 04:24:06.701,1.26751,1.26772,1.50,1.50
2013.03.07 04:24:07.277,1.2675,1.26769,1.13,1.50
2013.03.07 04:24:11.874,1.26752,1.26772,1.73,1.50
2013.03.07 04:24:12.126,1.2675,1.2677,1.13,1.50
2013.03.07 04:24:12.426,1.26749,1.26767,1.50,1.50
2013.03.07 04:24:12.546,1.26747,1.26767,1.13,2.48
2013.03.07 04:24:12.787,1.26746,1.26764,1.13,1.50
2013.03.07 04:24:13.156,1.26742,1.26763,2.10,1.13
2013.03.07 04:24:13.569,1.26742,1.26762,1.88,1.13
2013.03.07 04:24:13.645,1.26746,1.26764,1.50,1.13
2013.03.07 04:24:18.679,1.26744,1.26765,1.73,3.00
2013.03.07 04:24:21.314,1.26744,1.26765,1.73,2.25
2013.03.07 04:24:24.465,1.26746,1.26765,1.50,1.50
2013.03.07 04:24:25.070,1.26743,1.26764,2.10,1.50
2013.03.07 04:24:35.005,1.26744,1.26764,1.13,2.25
2013.03.07 04:24:39.029,1.2674,1.26762,3.00,2.25
2013.03.07 04:24:40.256,1.26742,1.26764,1.73,2.25
2013.03.07 04:25:04.055,1.26741,1.26759,1.88,2.10
2013.03.07 04:25:04.493,1.26742,1.26758,1.13,1.65
2013.03.07 04:25:04.565,1.26736,1.26757,1.88,1.88
2013.03.07 04:25:05.906,1.26736,1.26757,1.88,1.88
2013.03.07 04:25:06.943,1.26736,1.26757,1.88,1.88
2013.03.07 04:25:07.006,1.26736,1.26757,1.88,1.88
2013.03.07 04:25:07.566,1.26734,1.26753,1.43,2.25
2013.03.07 04:25:07.733,1.26734,1.26753,1.43,2.25
2013.03.07 04:25:09.586,1.26735,1.26756,1.73,1.73
2013.03.07 04:25:12.586,1.26735,1.26757,1.73,3.38
2013.03.07 04:25:14.697,1.26737,1.26757,1.50,2.63
2013.03.07 04:25:17.037,1.26734,1.26753,1.43,1.50
2013.03.07 04:25:17.106,1.26734,1.26753,1.43,1.50
2013.03.07 04:25:17.347,1.26734,1.2675,1.43,1.50
2013.03.07 04:25:19.637,1.26731,1.26751,1.88,1.88
2013.03.07 04:25:20.595,1.26731,1.26751,1.88,2.63
2013.03.07 04:25:21.957,1.26732,1.26748,1.50,1.50
2013.03.07 04:25:22.206,1.26733,1.26754,1.73,1.50
2013.03.07 04:25:22.399,1.26733,1.26753,1.50,1.73
2013.03.07 04:25:22.706,1.26733,1.26749,1.50,1.50
2013.03.07 04:25:23.008,1.26733,1.26754,1.73,2.25
2013.03.07 04:25:23.386,1.26733,1.26755,2.48,3.90
2013.03.07 04:25:23.746,1.26731,1.26752,1.50,1.50
2013.03.07 04:25:24.306,1.26732,1.26753,1.73,1.50
2013.03.07 04:25:24.868,1.26731,1.26753,1.88,2.25
2013.03.07 04:25:26.136,1.26732,1.26754,1.73,1.50
2013.03.07 04:25:26.385,1.26731,1.26753,3.38,1.50
2013.03.07 04:25:27.688,1.26733,1.26753,1.73,1.50
2013.03.07 04:25:30.504,1.26733,1.26752,1.73,1.50
2013.03.07 04:25:34.573,1.26732,1.26754,1.73,3.00
2013.03.07 04:25:35.787,1.26734,1.26754,1.73,2.25
2013.03.07 04:25:35.916,1.26732,1.26754,1.73,2.25
2013.03.07 04:25:36.227,1.26731,1.26749,1.50,1.50
2013.03.07 04:25:36.477,1.26733,1.2675,1.73,1.50
2013.03.07 04:25:36.848,1.26737,1.26754,1.50,2.40
2013.03.07 04:25:36.978,1.26737,1.26754,1.73,1.50
2013.03.07 04:25:37.117,1.26738,1.26758,1.73,1.65
2013.03.07 04:25:40.429,1.26736,1.26759,1.73,3.90
2013.03.07 04:25:40.736,1.26733,1.26755,2.03,1.50
2013.03.07 04:25:42.256,1.26733,1.26755,1.50,2.40
2013.03.07 04:25:44.556,1.26732,1.26755,1.73,2.40
2013.03.07 04:25:45.736,1.26732,1.26752,1.73,1.50
2013.03.07 04:25:47.326,1.26734,1.26755,1.50,1.65
2013.03.07 04:25:48.435,1.26735,1.26755,1.50,1.65
2013.03.07 04:25:49.055,1.26735,1.26755,1.50,2.40
2013.03.07 04:25:49.357,1.2673,1.26752,2.85,1.50
2013.03.07 04:26:06.656,1.26736,1.26754,1.50,1.13
2013.03.07 04:26:08.887,1.26737,1.26754,1.50,1.13
2013.03.07 04:26:09.721,1.26737,1.26756,1.50,1.13
2013.03.07 04:26:10.170,1.26741,1.26758,2.25,1.50
2013.03.07 04:26:10.308,1.26742,1.26759,1.50,1.65
2013.03.07 04:26:10.627,1.26742,1.26761,1.88,1.13
2013.03.07 04:26:10.697,1.26742,1.26762,1.88,1.65
2013.03.07 04:26:11.336,1.26742,1.26763,1.50,2.22
2013.03.07 04:26:12.103,1.26744,1.26763,1.50,1.50
2013.03.07 04:26:12.178,1.26747,1.26768,1.73,1.65
2013.03.07 04:26:15.477,1.26744,1.26766,1.73,1.65
2013.03.07 04:26:15.547,1.26743,1.26763,1.73,1.50
2013.03.07 04:26:15.918,1.26743,1.26763,1.73,2.63
2013.03.07 04:26:15.987,1.26743,1.26762,1.73,1.50
2013.03.07 04:26:21.856,1.26741,1.2676,1.35,1.50
2013.03.07 04:26:26.848,1.2674,1.2676,1.73,1.50
2013.03.07 04:26:27.156,1.2674,1.26758,1.50,1.50
2013.03.07 04:26:27.696,1.26741,1.26758,1.50,1.88
2013.03.07 04:26:28.056,1.26738,1.26757,2.48,1.50
2013.03.07 04:26:28.246,1.26739,1.26756,1.50,1.65
2013.03.07 04:26:28.797,1.26738,1.26756,1.50,1.65
2013.03.07 04:26:33.216,1.26739,1.26759,1.50,1.50
2013.03.07 04:26:33.277,1.26739,1.26759,1.73,1.50
2013.03.07 04:26:33.526,1.26739,1.26759,1.73,1.50
2013.03.07 04:26:45.248,1.26738,1.26756,1.88,1.50
2013.03.07 04:26:45.316,1.26738,1.26756,1.13,2.25
2013.03.07 04:26:48.276,1.26735,1.26755,1.73,2.25
2013.03.07 04:26:51.676,1.26735,1.26754,1.73,1.50
2013.03.07 04:26:59.527,1.26736,1.26756,1.73,1.50
2013.03.07 04:27:03.467,1.26736,1.26757,2.48,1.65
2013.03.07 04:27:04.038,1.26738,1.26758,1.73,2.25
2013.03.07 04:27:13.316,1.2674,1.26758,1.73,1.50
2013.03.07 04:27:20.515,1.26741,1.26758,1.50,1.50
2013.03.07 04:27:21.261,1.2674,1.26758,1.73,1.50
2013.03.07 04:27:23.056,1.26741,1.26758,1.50,1.50
2013.03.07 04:27:25.006,1.26742,1.26759,2.25,1.50
2013.03.07 04:27:25.622,1.26743,1.26759,1.50,1.50
2013.03.07 04:27:36.637,1.26743,1.2676,1.50,3.72
2013.03.07 04:27:41.110,1.2674,1.2676,1.50,3.72
2013.03.07 04:27:42.272,1.2674,1.26759,1.50,1.73
2013.03.07 04:27:52.586,1.26733,1.26755,2.25,1.73
2013.03.07 04:27:52.767,1.26733,1.26753,1.50,2.10
2013.03.07 04:27:53.006,1.26732,1.2675,1.50,1.13
2013.03.07 04:27:53.306,1.26732,1.26748,1.50,1.73
2013.03.07 04:27:53.367,1.26728,1.26747,1.50,1.73
2013.03.07 04:28:15.082,1.26729,1.26748,1.50,2.63
2013.03.07 04:28:19.056,1.26728,1.26746,1.50,1.73
2013.03.07 04:28:20.802,1.26728,1.26746,1.50,1.73
2013.03.07 04:28:42.237,1.26728,1.26747,1.50,1.73
2013.03.07 04:28:44.420,1.26729,1.26747,1.50,1.73
2013.03.07 04:28:46.687,1.26729,1.26748,1.50,1.13
2013.03.07 04:28:46.998,1.26732,1.2675,1.50,2.36
2013.03.07 04:28:47.067,1.26732,1.26752,2.25,1.73
2013.03.07 04:28:47.687,1.26734,1.26752,1.50,1.73
2013.03.07 04:28:48.206,1.2673,1.2675,2.40,1.73
2013.03.07 04:28:54.288,1.26729,1.26747,1.65,1.73
2013.03.07 04:28:57.606,1.26729,1.26747,1.65,1.73
2013.03.07 04:28:59.567,1.26731,1.26751,1.50,1.73
2013.03.07 04:29:10.216,1.2673,1.26747,1.50,2.48
2013.03.07 04:29:10.337,1.26726,1.26745,1.88,1.73
2013.03.07 04:29:10.756,1.26724,1.26744,2.40,1.73
2013.03.07 04:29:14.471,1.26724,1.26741,2.25,1.73
2013.03.07 04:29:14.788,1.2672,1.26738,2.25,1.73
2013.03.07 04:29:15.546,1.26717,1.26734,1.50,1.73
2013.03.07 04:29:21.826,1.26717,1.26734,1.50,1.73
2013.03.07 04:29:22.186,1.26713,1.26733,1.50,2.25
2013.03.07 04:29:31.037,1.26711,1.26728,1.88,1.73
2013.03.07 04:29:31.407,1.26707,1.26726,2.03,1.73
2013.03.07 04:29:39.051,1.26704,1.26721,2.63,2.20
2013.03.07 04:29:39.177,1.26704,1.26721,2.63,1.73
2013.03.07 04:29:39.426,1.26702,1.26721,1.88,1.73
2013.03.07 04:29:52.807,1.26705,1.26725,1.65,1.73
2013.03.07 04:29:53.106,1.26709,1.26726,1.50,1.73
2013.03.07 04:29:53.228,1.2671,1.26729,1.50,1.88
2013.03.07 04:29:53.357,1.26714,1.26731,1.50,1.13
2013.03.07 04:29:57.997,1.26714,1.26732,2.25,1.73
2013.03.07 04:29:58.536,1.26714,1.26732,1.50,1.73
2013.03.07 04:29:59.180,1.26716,1.26732,1.13,1.73
2013.03.07 04:29:59.727,1.26714,1.26731,1.50,1.50
2013.03.07 04:30:03.497,1.26713,1.26734,1.65,1.73
2013.03.07 04:30:04.596,1.26713,1.26734,1.65,1.73
2013.03.07 04:30:06.269,1.26716,1.26734,1.50,1.73
2013.03.07 04:30:06.577,1.26728,1.26746,1.50,2.10
2013.03.07 04:30:06.996,1.26727,1.26746,1.50,2.25
2013.03.07 04:30:07.125,1.26726,1.26744,1.50,1.50
2013.03.07 04:30:07.666,1.26723,1.26743,1.50,1.50
2013.03.07 04:30:08.016,1.26723,1.26743,1.50,1.65
2013.03.07 04:30:08.981,1.26723,1.26743,1.50,1.73
2013.03.07 04:30:10.886,1.26726,1.26745,1.50,1.73
2013.03.07 04:30:11.068,1.26727,1.26746,2.25,1.73
2013.03.07 04:30:11.628,1.26727,1.26746,2.25,1.73
2013.03.07 04:30:11.937,1.26727,1.26746,2.25,1.73
2013.03.07 04:30:13.517,1.26727,1.26744,1.50,2.48
2013.03.07 04:30:14.118,1.26725,1.26744,1.50,2.48
2013.03.07 04:30:17.022,1.26721,1.2674,1.50,2.48
2013.03.07 04:30:17.390,1.26721,1.26738,1.50,1.73
2013.03.07 04:30:17.459,1.26716,1.26738,1.88,1.73
2013.03.07 04:30:17.595,1.26716,1.26735,1.88,1.50
2013.03.07 04:30:17.848,1.26719,1.26738,1.50,1.50
2013.03.07 04:30:18.490,1.26718,1.26738,1.50,1.50
2013.03.07 04:30:18.798,1.26718,1.26738,1.50,1.73
2013.03.07 04:30:19.452,1.2672,1.26738,1.50,1.50
2013.03.07 04:30:19.647,1.26722,1.26742,1.50,1.50
2013.03.07 04:30:20.007,1.26719,1.26738,2.03,1.50
2013.03.07 04:30:20.478,1.26717,1.26737,1.50,1.73
2013.03.07 04:30:21.678,1.26717,1.26737,1.50,1.73
2013.03.07 04:30:27.617,1.26718,1.26738,3.00,1.73
2013.03.07 04:30:27.939,1.26725,1.26745,1.88,1.73
2013.03.07 04:30:28.503,1.26722,1.26741,1.13,1.50
2013.03.07 04:30:28.808,1.26717,1.26739,1.80,2.48
2013.03.07 04:30:30.036,1.26717,1.26738,1.65,1.73
2013.03.07 04:30:39.381,1.26719,1.26738,1.50,1.73
2013.03.07 04:30:44.297,1.2672,1.26738,1.50,1.73
2013.03.07 04:30:48.958,1.26715,1.26734,1.35,2.48
2013.03.07 04:30:49.029,1.26715,1.26734,1.35,2.48
2013.03.07 04:30:49.285,1.26714,1.26733,2.25,1.73
2013.03.07 04:30:49.541,1.26716,1.26734,1.50,1.73
2013.03.07 04:30:50.077,1.26716,1.26733,1.50,1.73
2013.03.07 04:30:50.439,1.26711,1.26728,1.50,1.73
2013.03.07 04:30:50.568,1.26711,1.26728,1.50,1.73
2013.03.07 04:30:50.708,1.26711,1.26731,1.50,1.65
2013.03.07 04:30:50.777,1.26713,1.26732,1.50,1.13
2013.03.07 04:30:51.149,1.26715,1.26734,1.50,1.35
2013.03.07 04:30:52.782,1.26719,1.26736,1.50,1.88
2013.03.07 04:30:52.853,1.26722,1.26742,3.00,2.63
2013.03.07 04:30:53.038,1.26722,1.26744,3.00,2.63
2013.03.07 04:30:53.348,1.26722,1.26744,3.45,1.88
2013.03.07 04:30:53.420,1.26723,1.26741,1.13,1.65
2013.03.07 04:30:53.606,1.26721,1.2674,1.13,1.88
2013.03.07 04:30:56.807,1.26718,1.26738,2.25,2.48
2013.03.07 04:30:56.870,1.26718,1.26738,2.25,2.48
2013.03.07 04:30:59.519,1.26722,1.26742,1.50,1.50
2013.03.07 04:30:59.708,1.26724,1.26743,1.50,1.13
2013.03.07 04:31:00.017,1.26719,1.26741,2.78,1.50
2013.03.07 04:31:00.390,1.2672,1.2674,1.13,1.50
2013.03.07 04:31:01.031,1.26724,1.2674,1.13,1.50
2013.03.07 04:31:01.098,1.26724,1.26744,1.88,2.48
2013.03.07 04:31:01.227,1.26726,1.26745,1.50,1.73
2013.03.07 04:31:01.410,1.26726,1.26747,2.25,1.73
2013.03.07 04:31:06.970,1.26727,1.26749,1.50,2.48
2013.03.07 04:31:10.077,1.26733,1.2675,1.50,1.73
2013.03.07 04:31:11.799,1.26734,1.2675,1.50,1.73
2013.03.07 04:31:12.348,1.26733,1.26754,1.50,2.48
2013.03.07 04:31:14.049,1.26732,1.26752,1.50,3.23
2013.03.07 04:31:14.298,1.26737,1.26756,1.88,1.73
2013.03.07 04:31:14.487,1.26737,1.26756,1.88,1.73
2013.03.07 04:31:14.807,1.2674,1.2676,1.50,1.73
2013.03.07 04:31:15.411,1.2674,1.2676,1.50,1.73
2013.03.07 04:31:18.737,1.26738,1.26759,2.25,1.73
2013.03.07 04:31:19.202,1.26738,1.26759,1.88,2.48
2013.03.07 04:31:19.757,1.26738,1.26757,1.88,1.50
2013.03.07 04:31:21.587,1.26739,1.26759,1.50,2.48
2013.03.07 04:31:21.948,1.26738,1.26757,1.65,1.73
2013.03.07 04:31:22.018,1.26739,1.26759,1.50,1.73
2013.03.07 04:31:23.637,1.26738,1.26758,2.63,2.48
2013.03.07 04:31:24.027,1.26737,1.26756,1.88,1.73
2013.03.07 04:31:29.272,1.26741,1.26759,1.13,2.48
2013.03.07 04:31:34.549,1.26741,1.26759,1.13,1.73
2013.03.07 04:31:36.327,1.26743,1.26761,1.50,1.73
2013.03.07 04:31:39.637,1.26745,1.26762,1.50,2.48
2013.03.07 04:31:40.075,1.26741,1.26759,1.88,1.73
2013.03.07 04:31:40.212,1.2674,1.26757,1.50,1.73
2013.03.07 04:31:40.708,1.26744,1.26759,1.88,1.73
2013.03.07 04:31:40.839,1.26744,1.26763,2.63,1.35
2013.03.07 04:31:40.908,1.26747,1.26766,1.50,1.73
2013.03.07 04:31:48.466,1.26745,1.26766,1.88,2.48
2013.03.07 04:31:48.650,1.26747,1.26767,1.50,1.73
2013.03.07 04:31:51.350,1.26748,1.26768,1.50,1.73
2013.03.07 04:31:55.350,1.26748,1.26766,1.50,1.73
2013.03.07 04:31:55.597,1.26745,1.26765,1.88,1.50
2013.03.07 04:31:55.957,1.26745,1.26763,1.35,1.73
2013.03.07 04:31:56.197,1.26741,1.2676,1.50,2.10
2013.03.07 04:31:56.747,1.26744,1.26759,1.13,1.50
2013.03.07 04:31:56.806,1.26744,1.2676,1.13,1.50
2013.03.07 04:31:57.108,1.26739,1.2676,2.03,1.73
2013.03.07 04:31:57.238,1.26741,1.26758,1.50,1.73
2013.03.07 04:31:58.948,1.26742,1.26759,1.50,1.13
2013.03.07 04:32:00.418,1.26741,1.2676,1.73,1.50
2013.03.07 04:32:01.113,1.26739,1.26758,1.65,1.50
2013.03.07 04:32:10.077,1.26738,1.26757,1.50,1.65
2013.03.07 04:32:10.757,1.26737,1.26758,1.73,1.50
2013.03.07 04:32:15.507,1.26736,1.26756,1.35,2.25
2013.03.07 04:32:15.696,1.26736,1.26755,1.35,1.50
2013.03.07 04:32:19.267,1.26736,1.26754,1.35,2.25
2013.03.07 04:32:20.046,1.26736,1.26754,2.10,1.50
2013.03.07 04:32:26.647,1.26736,1.26754,2.10,1.50
2013.03.07 04:32:27.937,1.26739,1.26756,1.50,1.50
2013.03.07 04:32:28.218,1.26739,1.26759,1.88,1.35
2013.03.07 04:32:28.467,1.2674,1.2676,1.13,1.50
2013.03.07 04:32:31.847,1.2674,1.2676,1.13,2.25
2013.03.07 04:32:32.401,1.26738,1.26758,2.10,2.25
2013.03.07 04:32:32.697,1.26738,1.26758,1.88,2.25
2013.03.07 04:32:33.157,1.26738,1.26758,1.50,2.25
2013.03.07 04:32:34.806,1.2674,1.2676,1.73,1.50
2013.03.07 04:32:36.842,1.2674,1.26759,1.50,1.50
2013.03.07 04:32:37.027,1.26738,1.26757,1.88,1.50
2013.03.07 04:32:41.591,1.26738,1.26757,1.13,1.50
2013.03.07 04:32:41.787,1.26736,1.26754,1.88,1.50
2013.03.07 04:32:41.909,1.26735,1.26754,1.88,2.25
2013.03.07 04:32:42.390,1.26735,1.26749,1.50,1.50
2013.03.07 04:32:44.009,1.26733,1.26754,1.50,2.63
2013.03.07 04:32:44.208,1.26737,1.26755,1.50,1.65
2013.03.07 04:32:44.278,1.26737,1.26755,1.50,1.65
2013.03.07 04:32:44.657,1.26737,1.26755,1.50,1.65
2013.03.07 04:32:45.270,1.26739,1.26755,1.50,1.65
2013.03.07 04:32:47.098,1.26741,1.26756,1.50,1.65
2013.03.07 04:32:47.288,1.26741,1.2676,2.25,1.65
2013.03.07 04:32:47.359,1.26746,1.26761,1.50,1.50
2013.03.07 04:32:47.428,1.26746,1.26766,1.50,2.25
2013.03.07 04:32:47.608,1.26748,1.26766,1.50,2.25
2013.03.07 04:32:49.697,1.26748,1.26766,1.50,1.50
2013.03.07 04:32:50.079,1.26751,1.26768,1.50,1.50
2013.03.07 04:32:50.979,1.26747,1.26768,2.25,1.50
2013.03.07 04:32:51.288,1.26749,1.26764,1.50,1.50
2013.03.07 04:32:51.416,1.26747,1.26764,1.50,1.50
2013.03.07 04:32:53.337,1.26749,1.26765,1.50,1.13
2013.03.07 04:32:53.457,1.26749,1.26768,1.50,1.50
2013.03.07 04:32:53.859,1.26751,1.26769,1.50,2.25
2013.03.07 04:32:55.247,1.26747,1.26768,2.25,1.50
2013.03.07 04:32:55.789,1.26749,1.26769,1.50,3.00
2013.03.07 04:32:57.180,1.26747,1.26768,1.13,2.25
2013.03.07 04:32:57.781,1.26744,1.26766,2.10,1.65
2013.03.07 04:32:58.337,1.2675,1.2677,1.73,1.50
2013.03.07 04:32:58.856,1.2675,1.26767,2.25,1.50
2013.03.07 04:32:59.037,1.2675,1.26771,2.48,2.25
2013.03.07 04:33:01.677,1.2675,1.26767,2.48,1.50
2013.03.07 04:33:01.916,1.2675,1.2677,1.73,2.25
2013.03.07 04:33:02.277,1.26751,1.26769,1.73,1.50
2013.03.07 04:33:02.587,1.26747,1.26766,1.73,2.25
2013.03.07 04:33:10.169,1.26746,1.26766,1.73,1.50
2013.03.07 04:33:10.298,1.26745,1.26764,1.13,1.73
2013.03.07 04:33:10.431,1.26744,1.26764,1.50,1.73
2013.03.07 04:33:10.557,1.26748,1.26767,1.73,1.50
2013.03.07 04:33:13.150,1.26746,1.26765,1.50,1.50
2013.03.07 04:33:14.166,1.26745,1.26762,1.88,1.50
2013.03.07 04:33:15.147,1.26748,1.26764,1.50,2.48
2013.03.07 04:33:15.207,1.26748,1.26767,1.50,2.10
2013.03.07 04:33:15.328,1.26749,1.26769,1.50,1.73
2013.03.07 04:33:15.517,1.26748,1.26766,1.73,1.13
2013.03.07 04:33:16.032,1.26748,1.26766,1.50,1.35
2013.03.07 04:33:19.499,1.26747,1.26766,1.50,1.13
2013.03.07 04:33:20.939,1.26747,1.26766,1.50,1.13
2013.03.07 04:33:21.187,1.26744,1.26762,1.88,1.13
2013.03.07 04:33:22.486,1.26739,1.26762,1.73,1.88
2013.03.07 04:33:22.589,1.26739,1.26759,1.73,1.50
2013.03.07 04:33:24.197,1.26744,1.26762,1.73,1.50
2013.03.07 04:33:24.816,1.26744,1.26765,1.73,2.03
2013.03.07 04:33:25.477,1.26743,1.26763,1.73,1.50
2013.03.07 04:33:26.262,1.26743,1.26763,1.73,1.50
2013.03.07 04:33:26.457,1.26743,1.26766,1.73,3.38
2013.03.07 04:33:30.417,1.26744,1.26765,1.35,1.65
2013.03.07 04:33:30.657,1.26743,1.26762,1.73,1.50
2013.03.07 04:33:33.029,1.26743,1.26761,1.73,1.50
2013.03.07 04:33:36.226,1.26742,1.26762,1.73,2.25
2013.03.07 04:33:37.587,1.26742,1.26762,1.73,2.25
2013.03.07 04:33:37.987,1.26739,1.2676,2.10,1.50
2013.03.07 04:33:40.399,1.26741,1.26761,1.73,1.50
2013.03.07 04:33:53.807,1.26741,1.26761,1.73,1.50
2013.03.07 04:34:00.418,1.26743,1.26762,1.73,2.25
2013.03.07 04:34:00.939,1.26746,1.26764,1.50,1.50
2013.03.07 04:34:02.677,1.26747,1.26765,1.50,1.50
2013.03.07 04:34:07.129,1.26744,1.26764,1.73,2.25
2013.03.07 04:34:07.901,1.26743,1.26762,1.73,2.25
2013.03.07 04:34:10.688,1.26746,1.26765,1.50,1.50
2013.03.07 04:34:15.426,1.26746,1.26766,1.50,3.00
2013.03.07 04:34:17.277,1.26746,1.26765,1.50,1.50
2013.03.07 04:34:20.916,1.26746,1.26765,1.50,1.50
2013.03.07 04:34:21.448,1.26746,1.26765,1.88,2.25
2013.03.07 04:34:23.677,1.26746,1.26764,1.50,1.50
2013.03.07 04:35:05.366,1.26748,1.26765,1.50,1.50
2013.03.07 04:35:06.035,1.26747,1.26765,1.50,2.25
2013.03.07 04:35:20.457,1.26745,1.26765,1.73,2.25
2013.03.07 04:35:21.455,1.26746,1.26768,2.10,2.48
2013.03.07 04:35:21.788,1.26749,1.26768,1.73,1.50
2013.03.07 04:35:24.801,1.26752,1.26769,1.73,1.50
2013.03.07 04:35:26.018,1.26753,1.26769,1.73,1.50
2013.03.07 04:35:26.693,1.26754,1.26769,1.50,1.50
2013.03.07 04:35:27.378,1.26749,1.26769,2.48,2.25
2013.03.07 04:35:27.737,1.26747,1.26765,1.13,1.50
2013.03.07 04:35:28.039,1.26741,1.2676,1.95,1.73
2013.03.07 04:35:28.107,1.26741,1.2676,1.35,1.73
2013.03.07 04:35:28.227,1.26741,1.26759,1.35,1.50
2013.03.07 04:35:29.278,1.26737,1.26756,1.73,2.25
2013.03.07 04:35:29.396,1.26737,1.26756,1.73,2.25
2013.03.07 04:35:31.262,1.26735,1.26756,2.48,2.25
2013.03.07 04:35:33.177,1.26739,1.26758,1.73,1.50
2013.03.07 04:35:37.367,1.26736,1.26756,2.85,1.50
2013.03.07 04:35:38.607,1.26738,1.26757,1.73,1.50
2013.03.07 04:35:40.445,1.26738,1.26759,1.73,1.50
2013.03.07 04:35:40.767,1.26738,1.26757,1.73,1.50
2013.03.07 04:35:44.696,1.26737,1.26757,1.73,2.25
2013.03.07 04:36:18.515,1.26738,1.26759,1.73,3.00
2013.03.07 04:36:32.810,1.26736,1.26757,2.48,2.25
2013.03.07 04:36:33.057,1.26734,1.26755,1.35,1.50
2013.03.07 04:36:33.812,1.26735,1.26755,1.73,1.50
2013.03.07 04:36:35.312,1.26735,1.26756,1.73,1.50
2013.03.07 04:36:37.358,1.26738,1.26758,1.73,1.50
2013.03.07 04:36:52.507,1.26736,1.26757,2.10,2.25
2013.03.07 04:36:53.667,1.26737,1.26757,1.35,2.25
2013.03.07 04:36:58.767,1.26736,1.26757,2.48,1.50
2013.03.07 04:37:04.594,1.26739,1.26759,1.73,1.50
2013.03.07 04:37:05.369,1.2674,1.2676,2.48,1.50
2013.03.07 04:37:05.698,1.26743,1.26762,1.73,1.50
2013.03.07 04:37:15.546,1.26743,1.26763,1.73,2.25
2013.03.07 04:37:18.290,1.26745,1.26764,1.73,1.50
2013.03.07 04:37:20.131,1.26748,1.26767,1.73,1.50
2013.03.07 04:37:20.298,1.26748,1.26767,1.73,1.50
2013.03.07 04:37:28.208,1.26749,1.26769,1.73,2.25
2013.03.07 04:37:49.348,1.26748,1.26767,1.73,1.50
2013.03.07 04:37:57.107,1.26748,1.26769,1.73,3.00
2013.03.07 04:37:57.658,1.26747,1.26768,1.35,2.25
2013.03.07 04:38:24.388,1.26748,1.26769,1.73,1.50
2013.03.07 04:38:51.207,1.26748,1.26767,1.73,3.00
2013.03.07 04:38:51.449,1.26743,1.26764,1.73,1.50
2013.03.07 04:38:51.759,1.26742,1.26761,1.73,2.25
2013.03.07 04:38:52.292,1.2674,1.2676,2.85,2.25
2013.03.07 04:38:55.673,1.2674,1.2676,2.48,1.50
2013.03.07 04:39:01.426,1.2674,1.2676,2.48,1.50
2013.03.07 04:39:04.588,1.26742,1.26761,1.73,1.50
2013.03.07 04:39:04.652,1.26742,1.26761,2.48,1.50
2013.03.07 04:39:04.897,1.26742,1.26763,2.48,1.50
2013.03.07 04:39:05.471,1.26742,1.26764,2.48,1.50
2013.03.07 04:39:06.097,1.26742,1.26763,1.73,1.50
2013.03.07 04:39:06.667,1.26742,1.26762,1.73,1.50
2013.03.07 04:39:07.929,1.26742,1.26761,1.73,1.50
2013.03.07 04:39:08.001,1.26742,1.26759,1.73,1.50
2013.03.07 04:39:08.308,1.2674,1.2676,1.73,1.50
2013.03.07 04:39:08.739,1.26743,1.26764,2.48,1.50
2013.03.07 04:39:09.049,1.26748,1.26765,1.73,2.25
2013.03.07 04:39:11.227,1.26749,1.26765,1.73,1.50
2013.03.07 04:39:11.838,1.26748,1.26765,1.73,1.50
2013.03.07 04:39:11.968,1.26748,1.26765,1.73,1.50
2013.03.07 04:39:12.089,1.26748,1.26767,1.73,1.50
2013.03.07 04:39:12.398,1.26748,1.26767,1.73,1.50
2013.03.07 04:39:18.898,1.26744,1.26765,1.73,2.25
2013.03.07 04:39:18.970,1.26744,1.26763,1.73,1.50
2013.03.07 04:39:19.508,1.26742,1.26762,1.73,1.50
2013.03.07 04:39:19.747,1.26744,1.26765,2.48,2.25
2013.03.07 04:39:22.768,1.26744,1.26763,2.48,1.50
2013.03.07 04:39:25.958,1.26744,1.26761,1.73,2.25
2013.03.07 04:39:26.317,1.26738,1.2676,2.48,3.23
2013.03.07 04:39:29.107,1.26738,1.26759,2.48,1.50
2013.03.07 04:39:33.499,1.26741,1.26761,1.73,1.50
2013.03.07 04:39:35.878,1.26742,1.26762,1.73,2.25
2013.03.07 04:39:36.800,1.26741,1.26762,2.48,1.50
2013.03.07 04:39:46.920,1.26742,1.26761,1.73,1.50
2013.03.07 04:39:47.108,1.26742,1.26761,1.73,1.50
2013.03.07 04:39:47.419,1.26736,1.26751,1.35,1.50
2013.03.07 04:39:47.668,1.26729,1.26748,2.33,1.50
2013.03.07 04:39:47.847,1.26728,1.26747,1.73,1.50
2013.03.07 04:39:48.088,1.26726,1.26745,1.35,1.50
2013.03.07 04:39:48.777,1.26723,1.26745,1.73,2.25
2013.03.07 04:39:50.722,1.26728,1.26747,1.50,2.48
2013.03.07 04:39:51.278,1.26728,1.26747,1.50,2.25
2013.03.07 04:39:51.960,1.26727,1.26748,2.48,1.50
2013.03.07 04:39:52.618,1.2673,1.26747,1.50,1.50
2013.03.07 04:39:54.827,1.26729,1.26747,1.50,1.50
2013.03.07 04:39:59.548,1.26728,1.26746,2.48,1.50
2013.03.07 04:40:00.252,1.26727,1.26745,1.73,1.50
2013.03.07 04:40:00.589,1.26728,1.26747,1.73,2.25
2013.03.07 04:40:00.858,1.26727,1.26743,1.73,1.50
2013.03.07 04:40:01.159,1.26728,1.26746,1.73,2.25
2013.03.07 04:40:01.288,1.26731,1.26749,3.00,1.35
2013.03.07 04:40:01.529,1.26736,1.26753,1.50,1.50
2013.03.07 04:40:02.516,1.26734,1.26753,1.73,1.50
2013.03.07 04:40:05.299,1.26729,1.2675,1.73,1.50
2013.03.07 04:40:05.829,1.26729,1.2675,1.73,1.50
2013.03.07 04:40:09.278,1.26729,1.2675,1.73,1.50
2013.03.07 04:40:10.109,1.26729,1.26749,1.73,1.50
2013.03.07 04:40:10.608,1.26732,1.26749,1.50,1.50
2013.03.07 04:40:10.907,1.26724,1.26746,3.00,3.00
2013.03.07 04:40:13.627,1.26724,1.26746,1.73,3.00
2013.03.07 04:40:13.928,1.26728,1.26746,2.48,1.50
2013.03.07 04:40:14.393,1.26729,1.2675,1.73,1.50
2013.03.07 04:40:14.578,1.26729,1.2675,1.73,1.50
2013.03.07 04:40:21.459,1.26733,1.26755,2.25,1.50
2013.03.07 04:40:21.768,1.26735,1.26756,2.48,2.25
2013.03.07 04:40:23.497,1.26736,1.26756,1.73,2.25
2013.03.07 04:40:27.089,1.26738,1.26756,1.73,1.50
2013.03.07 04:40:40.939,1.26739,1.26756,1.73,1.50
2013.03.07 04:40:42.929,1.26739,1.26758,1.73,1.50
2013.03.07 04:40:42.998,1.26741,1.26762,1.73,2.63
2013.03.07 04:40:43.398,1.26743,1.26762,1.73,1.50
2013.03.07 04:40:46.449,1.26742,1.2676,1.73,1.50
2013.03.07 04:40:46.700,1.26741,1.2676,1.50,1.50
2013.03.07 04:40:46.770,1.26741,1.26761,3.23,2.25
2013.03.07 04:40:46.840,1.26743,1.26761,1.73,1.50
2013.03.07 04:40:47.028,1.2674,1.26757,2.48,1.50
2013.03.07 04:40:47.218,1.2674,1.26757,1.73,1.50
2013.03.07 04:40:47.277,1.2674,1.26757,2.48,1.50
2013.03.07 04:40:47.829,1.26743,1.26761,1.73,1.50
2013.03.07 04:40:47.898,1.26743,1.2676,1.73,1.50
2013.03.07 04:40:48.078,1.2674,1.26757,2.48,2.25
2013.03.07 04:40:48.921,1.2674,1.26757,1.73,2.25
2013.03.07 04:40:50.028,1.26736,1.26756,1.73,1.50
2013.03.07 04:40:50.090,1.26736,1.26755,1.73,1.50
2013.03.07 04:40:50.448,1.26736,1.26756,1.73,2.25
2013.03.07 04:40:50.688,1.26735,1.26756,2.48,3.00
2013.03.07 04:40:51.008,1.26734,1.26753,1.88,1.50
2013.03.07 04:40:51.128,1.26734,1.26751,1.50,1.50
2013.03.07 04:41:14.667,1.26734,1.26751,1.50,1.50
2013.03.07 04:41:14.789,1.26736,1.26756,1.92,2.63
2013.03.07 04:41:15.038,1.26736,1.26756,1.73,2.25
2013.03.07 04:41:19.239,1.2674,1.26756,1.73,1.50
2013.03.07 04:41:19.489,1.26737,1.26756,1.73,1.50
2013.03.07 04:41:19.628,1.26737,1.26757,1.73,2.25
2013.03.07 04:41:20.457,1.2674,1.26761,1.73,3.23
2013.03.07 04:41:20.519,1.26741,1.26761,1.73,2.25
2013.03.07 04:41:24.229,1.2674,1.26757,1.73,1.50
2013.03.07 04:41:24.478,1.26736,1.26757,2.48,2.25
2013.03.07 04:41:24.549,1.26736,1.26755,1.73,1.50
2013.03.07 04:41:25.182,1.26736,1.26754,1.73,1.50
2013.03.07 04:41:26.830,1.26737,1.26756,2.33,2.25
2013.03.07 04:41:32.038,1.26737,1.26755,1.58,2.25
2013.03.07 04:41:32.161,1.26737,1.26754,1.58,1.50
2013.03.07 04:41:34.954,1.26734,1.26752,1.73,2.25
2013.03.07 04:41:35.199,1.26731,1.26746,1.73,1.50
2013.03.07 04:41:35.740,1.26722,1.26743,1.73,1.50
2013.03.07 04:41:40.249,1.26722,1.26744,3.60,1.50
2013.03.07 04:41:40.895,1.26724,1.26744,1.73,1.50
2013.03.07 04:41:44.758,1.26728,1.26747,1.69,1.50
2013.03.07 04:41:45.117,1.26731,1.26749,2.33,1.50
2013.03.07 04:41:48.465,1.26732,1.26749,1.73,1.50
2013.03.07 04:41:49.720,1.26731,1.26748,1.73,1.50
2013.03.07 04:41:49.789,1.26728,1.26748,1.50,2.25
2013.03.07 04:41:50.098,1.26726,1.26747,1.73,2.25
2013.03.07 04:41:50.278,1.26725,1.26745,1.73,1.50
2013.03.07 04:41:54.479,1.26728,1.26746,1.50,1.50
2013.03.07 04:41:55.008,1.26726,1.26746,1.73,2.25
2013.03.07 04:41:56.998,1.26726,1.26744,1.73,1.50
2013.03.07 04:41:57.509,1.26726,1.26746,1.73,1.50
2013.03.07 04:41:58.530,1.26728,1.2675,2.10,1.50
2013.03.07 04:41:58.969,1.26728,1.2675,2.48,1.50
2013.03.07 04:41:59.421,1.26729,1.26748,1.73,1.50
2013.03.07 04:41:59.731,1.26729,1.26747,1.50,2.25
2013.03.07 04:42:00.412,1.26732,1.26747,1.50,2.25
2013.03.07 04:42:06.319,1.26731,1.26747,1.50,2.25
2013.03.07 04:42:06.571,1.26731,1.26747,1.73,1.50
2013.03.07 04:42:06.780,1.26731,1.2675,1.73,1.50
2013.03.07 04:42:07.322,1.26729,1.26747,1.50,1.50
2013.03.07 04:42:15.559,1.26729,1.26749,2.48,1.50
2013.03.07 04:42:15.887,1.26729,1.26749,2.48,1.50
2013.03.07 04:42:18.950,1.26734,1.26753,1.50,1.50
2013.03.07 04:42:19.258,1.26736,1.26754,1.73,1.50
2013.03.07 04:42:19.808,1.26737,1.26756,1.73,1.50
2013.03.07 04:42:29.509,1.2674,1.26757,1.73,1.50
2013.03.07 04:42:32.537,1.26741,1.26757,1.73,1.50
2013.03.07 04:42:32.718,1.26741,1.26762,2.48,1.50
2013.03.07 04:42:32.988,1.26742,1.26762,1.73,1.50
2013.03.07 04:42:35.558,1.26741,1.26763,2.48,2.25
2013.03.07 04:42:39.899,1.26744,1.26762,1.73,2.25
2013.03.07 04:42:40.088,1.26742,1.26758,1.50,2.25
2013.03.07 04:42:45.879,1.26741,1.26758,1.73,1.50
2013.03.07 04:42:46.177,1.26744,1.26762,1.50,1.50
2013.03.07 04:42:48.352,1.26746,1.26762,1.50,1.50
2013.03.07 04:42:49.051,1.26743,1.26762,1.73,1.50
2013.03.07 04:42:50.232,1.26746,1.26764,1.50,1.50
2013.03.07 04:42:50.298,1.26746,1.26765,1.50,2.25
2013.03.07 04:42:50.479,1.26748,1.26765,1.73,1.50
2013.03.07 04:42:50.729,1.2675,1.26769,1.73,1.50
2013.03.07 04:42:50.980,1.26753,1.26769,1.73,1.50
2013.03.07 04:42:51.514,1.26746,1.26765,2.48,1.50
2013.03.07 04:42:56.669,1.26747,1.26764,2.48,1.50
2013.03.07 04:43:16.538,1.26744,1.26763,1.73,1.50
2013.03.07 04:43:16.658,1.26744,1.26763,1.50,1.50
2013.03.07 04:43:16.957,1.26741,1.2676,1.50,2.25
2013.03.07 04:43:17.259,1.26739,1.2676,1.73,3.00
2013.03.07 04:43:17.568,1.2674,1.2676,1.73,3.00
2013.03.07 04:43:22.339,1.26743,1.2676,1.13,3.75
2013.03.07 04:43:22.668,1.26749,1.2676,1.73,1.50
2013.03.07 04:43:22.970,1.26752,1.26764,2.48,2.25
2013.03.07 04:43:23.161,1.26752,1.26768,2.48,1.50
2013.03.07 04:43:23.289,1.26752,1.26772,2.48,2.25
2013.03.07 04:43:23.358,1.26752,1.26772,3.23,2.25
2013.03.07 04:43:25.790,1.26752,1.26771,3.23,1.50
2013.03.07 04:43:27.731,1.26752,1.26771,1.73,1.50
2013.03.07 04:43:32.168,1.26752,1.26772,2.48,2.25
2013.03.07 04:43:32.288,1.26754,1.26775,1.73,1.50
2013.03.07 04:43:33.041,1.26755,1.26775,1.73,1.50
2013.03.07 04:43:54.958,1.26755,1.26775,1.73,1.50
2013.03.07 04:43:55.198,1.26755,1.26775,1.73,1.50
2013.03.07 04:43:55.508,1.26755,1.26775,1.73,1.50
2013.03.07 04:43:55.919,1.26753,1.26773,1.73,2.25
2013.03.07 04:43:56.049,1.26752,1.2677,1.73,1.50
2013.03.07 04:43:58.248,1.26753,1.26771,1.50,1.50
2013.03.07 04:43:58.929,1.26753,1.26772,1.73,1.50
2013.03.07 04:44:05.874,1.26756,1.26773,1.50,1.50
2013.03.07 04:44:06.068,1.26757,1.26774,1.73,1.50
2013.03.07 04:44:06.310,1.26759,1.26779,2.48,1.50
2013.03.07 04:44:06.498,1.26764,1.2678,1.50,1.50
2013.03.07 04:44:14.128,1.26764,1.26784,1.73,3.00
2013.03.07 04:44:14.430,1.26764,1.26784,1.73,1.50
2013.03.07 04:44:16.074,1.26766,1.26785,1.73,1.13
2013.03.07 04:44:16.354,1.26766,1.26785,2.48,1.50
2013.03.07 04:44:16.479,1.26766,1.26785,1.73,1.50
2013.03.07 04:44:16.729,1.26768,1.26785,1.73,1.50
2013.03.07 04:44:17.659,1.26765,1.26783,2.48,1.50
2013.03.07 04:44:17.860,1.26763,1.26783,1.73,2.25
2013.03.07 04:44:25.298,1.26763,1.26783,1.73,2.25
2013.03.07 04:44:38.696,1.26761,1.26782,2.48,1.50
2013.03.07 04:44:38.878,1.26764,1.26783,1.73,1.50
2013.03.07 04:44:39.179,1.26766,1.26785,1.73,1.50
2013.03.07 04:44:39.489,1.26766,1.26786,2.48,1.50
2013.03.07 04:44:39.558,1.26766,1.26786,2.48,1.50
2013.03.07 04:44:40.592,1.26766,1.26786,1.73,1.50
2013.03.07 04:44:54.439,1.26766,1.26786,2.48,2.25
2013.03.07 04:44:56.598,1.26763,1.26785,2.48,2.25
2013.03.07 04:44:56.658,1.26763,1.26782,1.73,1.50
2013.03.07 04:44:58.767,1.26764,1.26783,1.73,1.50
2013.03.07 04:44:59.498,1.26766,1.26783,1.50,1.50
2013.03.07 04:45:00.038,1.26763,1.26783,1.73,1.50
2013.03.07 04:45:01.623,1.26763,1.26783,1.73,1.50
2013.03.07 04:45:02.148,1.26763,1.26782,1.73,1.50
2013.03.07 04:45:02.328,1.2676,1.26781,2.48,1.50
2013.03.07 04:45:03.383,1.2676,1.26781,2.48,1.50
2013.03.07 04:45:04.958,1.26764,1.26783,1.73,1.50
2013.03.07 04:45:05.311,1.26765,1.26784,2.48,1.50
2013.03.07 04:45:10.701,1.26768,1.26788,1.73,1.88
2013.03.07 04:45:10.771,1.26768,1.26788,1.73,1.88
2013.03.07 04:45:10.960,1.26768,1.26787,1.73,1.50
2013.03.07 04:45:16.620,1.26769,1.26789,1.73,2.25
2013.03.07 04:45:16.928,1.26769,1.26789,1.73,2.25
2013.03.07 04:45:19.508,1.26772,1.2679,1.73,1.50
2013.03.07 04:45:20.938,1.2677,1.26789,1.73,3.00
2013.03.07 04:45:21.118,1.26767,1.26788,3.98,1.50
2013.03.07 04:45:24.129,1.26767,1.26787,2.48,1.50
2013.03.07 04:45:24.200,1.26767,1.26787,2.48,1.50
2013.03.07 04:45:34.279,1.26765,1.26786,1.73,1.50
2013.03.07 04:45:34.973,1.26764,1.26785,2.48,1.50
2013.03.07 04:45:35.639,1.26765,1.26786,1.73,1.50
2013.03.07 04:45:35.888,1.26765,1.26786,1.73,1.50
2013.03.07 04:45:36.789,1.26764,1.26781,1.73,1.50
2013.03.07 04:45:42.400,1.26761,1.26781,3.98,1.50
2013.03.07 04:45:44.009,1.2676,1.2678,3.23,1.50
2013.03.07 04:45:46.211,1.26762,1.26781,1.73,1.50
2013.03.07 04:45:46.786,1.26762,1.26784,4.73,2.25
2013.03.07 04:45:46.860,1.26764,1.26784,2.48,1.50
2013.03.07 04:45:51.219,1.26764,1.26786,3.23,1.50
2013.03.07 04:45:56.058,1.26764,1.26784,2.48,1.50
2013.03.07 04:45:57.718,1.26764,1.26784,2.48,1.50
2013.03.07 04:45:58.328,1.26764,1.26784,2.48,2.25
2013.03.07 04:46:01.239,1.26763,1.26782,2.48,1.50
2013.03.07 04:46:07.050,1.26763,1.26781,1.73,1.50
2013.03.07 04:46:12.928,1.26764,1.26782,1.92,1.50
2013.03.07 04:46:12.991,1.26765,1.26784,1.73,1.50
2013.03.07 04:46:16.505,1.26767,1.26787,1.73,1.50
2013.03.07 04:46:17.080,1.26765,1.26787,2.85,1.50
2013.03.07 04:46:17.255,1.26765,1.26786,2.85,1.50
2013.03.07 04:46:17.801,1.26765,1.26785,1.73,1.50
2013.03.07 04:46:18.850,1.26763,1.26784,3.23,2.25
2013.03.07 04:46:19.401,1.26765,1.26783,1.73,1.50
2013.03.07 04:46:23.699,1.26765,1.26784,2.67,1.50
2013.03.07 04:46:26.719,1.26762,1.2678,2.00,1.50
2013.03.07 04:46:26.779,1.26762,1.2678,1.73,2.25
2013.03.07 04:46:26.929,1.2676,1.26779,1.73,1.50
2013.03.07 04:46:27.308,1.26755,1.26777,3.23,2.25
2013.03.07 04:46:27.568,1.2676,1.26778,2.48,1.50
2013.03.07 04:46:28.131,1.26761,1.26778,1.73,1.50
2013.03.07 04:46:28.645,1.2676,1.2678,2.48,1.50
2013.03.07 04:46:29.360,1.2676,1.2678,1.73,1.50
2013.03.07 04:46:33.010,1.26759,1.26776,1.73,1.50
2013.03.07 04:46:33.379,1.26758,1.26774,1.73,1.50
2013.03.07 04:46:34.079,1.26759,1.26779,1.73,1.13
2013.03.07 04:46:41.500,1.26757,1.26776,1.73,1.50
2013.03.07 04:46:41.569,1.26756,1.26776,1.73,3.00
2013.03.07 04:46:42.048,1.26757,1.26776,1.73,1.50
2013.03.07 04:46:42.539,1.2676,1.26778,1.73,1.50
2013.03.07 04:46:56.530,1.26762,1.26781,1.73,1.50
2013.03.07 04:47:06.679,1.26761,1.26779,1.73,1.50
2013.03.07 04:47:06.738,1.26761,1.26778,1.73,1.50
2013.03.07 04:47:07.269,1.2676,1.26776,2.48,1.50
2013.03.07 04:47:13.328,1.26755,1.26776,2.48,1.50
2013.03.07 04:47:15.318,1.26754,1.26774,1.73,1.50
2013.03.07 04:47:19.059,1.26754,1.26775,2.48,1.50
2013.03.07 04:47:21.758,1.26754,1.26775,2.48,1.50
2013.03.07 04:47:23.168,1.26754,1.26774,2.48,1.50
2013.03.07 04:47:23.529,1.26753,1.26772,1.35,2.48
2013.03.07 04:47:27.439,1.26751,1.2677,1.73,1.50
2013.03.07 04:47:27.747,1.26749,1.26769,2.48,1.50
2013.03.07 04:47:28.171,1.26751,1.26769,1.73,1.50
2013.03.07 04:47:30.828,1.26752,1.26772,1.73,2.25
2013.03.07 04:47:31.088,1.26751,1.26772,1.73,2.25
2013.03.07 04:47:38.048,1.2675,1.26768,1.73,1.50
2013.03.07 04:47:39.438,1.26748,1.26767,1.13,1.50
2013.03.07 04:47:39.619,1.26748,1.26767,1.13,1.50
2013.03.07 04:47:39.739,1.26748,1.26766,1.13,1.50
2013.03.07 04:47:40.098,1.26746,1.26767,1.73,1.13
2013.03.07 04:47:40.429,1.26746,1.26768,1.73,2.25
2013.03.07 04:47:44.637,1.26743,1.26765,1.73,1.50
2013.03.07 04:47:51.519,1.26745,1.26763,1.73,1.50
2013.03.07 04:47:52.245,1.26744,1.26763,1.73,1.50
2013.03.07 04:47:58.909,1.26741,1.26763,1.88,1.50
2013.03.07 04:48:00.028,1.26741,1.2676,1.88,1.50
2013.03.07 04:48:00.209,1.26739,1.26758,2.48,1.50
2013.03.07 04:48:00.459,1.26738,1.26758,1.73,2.25
2013.03.07 04:48:00.861,1.26737,1.26756,1.73,1.50
2013.03.07 04:48:02.401,1.26737,1.26754,1.73,2.25
2013.03.07 04:48:02.964,1.26735,1.26753,2.48,1.50
2013.03.07 04:48:03.449,1.26737,1.26758,1.73,1.50
2013.03.07 04:48:05.129,1.26737,1.26755,1.73,1.50
2013.03.07 04:48:05.488,1.2673,1.26751,1.73,3.00
2013.03.07 04:48:05.608,1.2673,1.26749,1.73,1.50
2013.03.07 04:48:08.588,1.2673,1.26748,2.48,3.00
2013.03.07 04:48:08.708,1.26728,1.26745,1.35,2.25
2013.03.07 04:48:08.829,1.26724,1.26745,2.33,2.48
2013.03.07 04:48:08.948,1.26722,1.26744,2.48,1.50
2013.03.07 04:48:15.758,1.26727,1.26746,1.50,2.48
2013.03.07 04:48:15.878,1.26724,1.26743,1.35,1.50
2013.03.07 04:48:19.529,1.26727,1.26746,1.50,2.48
2013.03.07 04:48:19.864,1.26727,1.26746,1.50,1.73
2013.03.07 04:48:22.940,1.26726,1.26743,1.13,1.73
2013.03.07 04:48:23.129,1.26725,1.26741,1.13,1.50
2013.03.07 04:48:23.498,1.26724,1.26744,1.73,2.25
2013.03.07 04:48:37.469,1.26727,1.26746,1.73,1.50
2013.03.07 04:48:37.828,1.26731,1.26752,2.25,2.25
2013.03.07 04:48:37.889,1.26732,1.26752,1.50,2.25
2013.03.07 04:48:38.529,1.2673,1.26752,3.38,3.00
2013.03.07 04:48:39.080,1.2673,1.26752,3.38,3.00
2013.03.07 04:48:39.390,1.2673,1.26752,1.50,3.00
2013.03.07 04:48:45.930,1.26735,1.26753,1.50,1.50
2013.03.07 04:48:46.001,1.26738,1.26753,1.50,1.50
2013.03.07 04:48:46.250,1.26738,1.26758,1.50,1.50
2013.03.07 04:48:46.499,1.26738,1.26758,1.73,1.50
2013.03.07 04:48:55.469,1.26739,1.2676,1.73,1.50
2013.03.07 04:48:59.638,1.26742,1.26762,1.73,2.25
2013.03.07 04:49:00.839,1.26744,1.26763,1.73,1.50
2013.03.07 04:49:00.912,1.26744,1.26765,1.73,1.50
2013.03.07 04:49:01.100,1.26746,1.26768,1.73,2.25
2013.03.07 04:49:01.563,1.26749,1.26768,1.73,1.50
2013.03.07 04:49:04.739,1.26748,1.26767,1.73,1.50
2013.03.07 04:49:05.050,1.26744,1.26765,1.73,1.50
2013.03.07 04:49:05.909,1.26744,1.26763,1.73,1.50
2013.03.07 04:49:06.099,1.26744,1.26761,1.50,1.50
2013.03.07 04:49:08.538,1.26743,1.26763,1.73,1.50
2013.03.07 04:49:08.778,1.26743,1.26765,1.73,1.50
2013.03.07 04:49:11.795,1.26743,1.26765,2.48,1.50
2013.03.07 04:49:19.210,1.26743,1.26762,1.73,1.50
2013.03.07 04:49:19.569,1.26742,1.26759,1.35,1.50
2013.03.07 04:49:19.868,1.26737,1.26757,2.10,1.50
2013.03.07 04:49:19.988,1.26737,1.26756,1.13,1.50
2013.03.07 04:49:32.659,1.26739,1.26755,1.50,1.73
2013.03.07 04:49:32.780,1.2674,1.26758,2.25,1.50
2013.03.07 04:49:33.450,1.2674,1.26759,2.48,1.50
2013.03.07 04:49:37.070,1.2674,1.26762,2.48,1.50
2013.03.07 04:49:37.138,1.2674,1.26762,2.48,1.50
2013.03.07 04:49:39.308,1.26742,1.26764,2.48,1.13
2013.03.07 04:49:39.429,1.26742,1.26764,1.73,1.50
2013.03.07 04:49:39.670,1.26746,1.26765,2.25,1.50
2013.03.07 04:49:41.964,1.26743,1.26762,1.73,1.50
2013.03.07 04:49:42.088,1.26743,1.26764,1.73,2.25
2013.03.07 04:49:42.230,1.26743,1.26762,1.73,1.50
2013.03.07 04:49:57.319,1.26742,1.26763,2.25,1.50
2013.03.07 04:50:02.459,1.26741,1.26762,1.73,1.50
2013.03.07 04:50:03.988,1.26742,1.26763,2.25,1.50
2013.03.07 04:50:04.110,1.26743,1.26762,1.50,1.50
2013.03.07 04:50:04.358,1.26745,1.26766,1.50,1.50
2013.03.07 04:50:09.811,1.26742,1.26764,2.25,1.50
2013.03.07 04:50:10.840,1.26746,1.26764,1.50,1.50
2013.03.07 04:50:17.209,1.26744,1.26766,1.50,2.25
2013.03.07 04:50:25.120,1.26746,1.26766,1.50,1.50
2013.03.07 04:50:25.192,1.26747,1.26766,1.50,1.50
2013.03.07 04:50:30.129,1.26749,1.26768,1.50,1.50
2013.03.07 04:50:56.110,1.26752,1.26772,1.50,1.73
2013.03.07 04:50:58.189,1.26749,1.2677,3.00,1.50
2013.03.07 04:50:58.509,1.26749,1.26769,3.00,1.50
2013.03.07 04:51:01.699,1.2675,1.2677,1.50,1.50
2013.03.07 04:51:09.289,1.26751,1.2677,1.50,1.50
2013.03.07 04:51:09.607,1.26751,1.2677,1.50,1.73
2013.03.07 04:51:31.020,1.26749,1.2677,1.50,1.73
2013.03.07 04:51:45.832,1.26748,1.26766,1.50,1.73
2013.03.07 04:51:46.138,1.26745,1.26765,1.50,1.73
2013.03.07 04:51:51.279,1.26746,1.26765,1.50,1.73
2013.03.07 04:51:51.583,1.26748,1.2677,1.50,1.73
2013.03.07 04:51:51.769,1.26751,1.26772,1.50,1.73
2013.03.07 04:52:30.861,1.26756,1.26773,1.50,1.13
2013.03.07 04:52:31.414,1.26755,1.26774,1.50,1.73
2013.03.07 04:52:31.915,1.26756,1.26774,1.50,1.73
2013.03.07 04:52:32.494,1.26754,1.26774,1.50,1.73
2013.03.07 04:52:33.258,1.26756,1.26775,2.25,1.73
2013.03.07 04:52:35.360,1.26754,1.26775,1.50,2.48
2013.03.07 04:52:35.430,1.26754,1.26773,1.50,1.50
2013.03.07 04:52:35.501,1.26754,1.26773,1.50,1.73
2013.03.07 04:52:36.971,1.2676,1.26777,1.50,1.73
2013.03.07 04:52:37.040,1.2676,1.26778,1.50,2.10
2013.03.07 04:52:37.249,1.26758,1.26778,2.25,3.23
2013.03.07 04:52:37.609,1.26757,1.26777,1.50,1.73
2013.03.07 04:52:39.268,1.26755,1.26775,1.50,1.73
2013.03.07 04:52:44.910,1.26753,1.26774,3.75,1.73
2013.03.07 04:53:10.423,1.26754,1.26776,2.25,1.73
2013.03.07 04:53:11.800,1.26758,1.26779,1.50,2.48
2013.03.07 04:53:13.830,1.26759,1.26779,1.50,2.48
2013.03.07 04:53:24.099,1.26755,1.26774,1.13,2.73
2013.03.07 04:53:24.219,1.26756,1.26774,1.50,1.73
2013.03.07 04:53:24.279,1.26757,1.26778,1.50,2.48
2013.03.07 04:53:24.789,1.26759,1.26778,2.25,1.73
2013.03.07 04:53:27.070,1.26759,1.26774,1.50,1.23
2013.03.07 04:53:27.609,1.26758,1.26772,1.50,1.73
2013.03.07 04:53:28.698,1.26754,1.26772,1.50,2.48
2013.03.07 04:53:29.869,1.2675,1.26771,1.50,1.73
2013.03.07 04:53:29.992,1.26755,1.26771,1.73,1.50
2013.03.07 04:53:30.062,1.26756,1.26773,1.50,3.75
2013.03.07 04:53:30.190,1.26762,1.26773,1.50,1.50
2013.03.07 04:53:30.320,1.26766,1.26773,2.25,1.50
2013.03.07 04:53:30.650,1.26766,1.26785,1.50,2.11
2013.03.07 04:53:30.839,1.26762,1.26781,1.50,1.73
2013.03.07 04:53:31.280,1.26763,1.26784,3.38,2.48
2013.03.07 04:53:33.239,1.26763,1.26782,1.50,1.73
2013.03.07 04:53:33.541,1.26758,1.26778,1.50,1.73
2013.03.07 04:53:34.226,1.2676,1.26779,1.50,1.73
2013.03.07 04:53:42.410,1.26762,1.26781,3.75,1.73
2013.03.07 04:53:42.495,1.26763,1.26783,1.50,1.35
2013.03.07 04:53:42.626,1.26766,1.26785,1.50,2.48
2013.03.07 04:53:43.068,1.26767,1.26786,1.50,1.73
2013.03.07 04:53:43.309,1.26763,1.26784,2.63,1.73
2013.03.07 04:53:43.378,1.26763,1.26784,4.13,1.73
2013.03.07 04:53:43.502,1.26762,1.26782,1.50,2.48
2013.03.07 04:53:43.689,1.26762,1.26782,1.50,3.23
2013.03.07 04:53:44.802,1.26762,1.26782,1.50,3.23
2013.03.07 04:53:49.894,1.26766,1.26781,1.50,1.73
2013.03.07 04:53:50.031,1.26766,1.26786,3.00,1.67
2013.03.07 04:53:50.103,1.26766,1.26787,1.50,1.73
2013.03.07 04:53:50.608,1.26766,1.26784,1.50,1.73
2013.03.07 04:53:53.008,1.26766,1.26784,1.50,1.73
2013.03.07 04:54:01.059,1.2677,1.2679,1.50,2.48
2013.03.07 04:54:01.119,1.2677,1.2679,1.50,2.48
2013.03.07 04:54:01.670,1.2677,1.26789,1.50,2.48
2013.03.07 04:54:01.859,1.26769,1.26788,1.50,1.73
2013.03.07 04:54:02.800,1.26767,1.26789,2.25,2.48
2013.03.07 04:54:04.100,1.26766,1.26785,1.50,1.73
2013.03.07 04:54:05.843,1.26768,1.26788,3.00,1.73
2013.03.07 04:54:05.911,1.26769,1.2679,1.50,2.48
2013.03.07 04:54:06.469,1.26771,1.2679,1.50,1.73
2013.03.07 04:54:06.540,1.26771,1.2679,1.50,1.73
2013.03.07 04:54:06.818,1.26771,1.26791,2.25,1.73
2013.03.07 04:54:07.397,1.26771,1.26791,3.00,2.48
2013.03.07 04:54:12.515,1.2677,1.26789,2.25,1.73
2013.03.07 04:54:13.140,1.26769,1.26788,1.50,1.50
2013.03.07 04:54:13.647,1.26768,1.26788,3.00,1.73
2013.03.07 04:54:13.950,1.26768,1.26788,3.00,1.73
2013.03.07 04:54:19.442,1.26768,1.26788,1.50,1.73
2013.03.07 04:54:25.999,1.26769,1.26791,4.50,1.73
2013.03.07 04:54:26.083,1.26771,1.2679,1.50,1.73
2013.03.07 04:54:38.998,1.2677,1.2679,1.50,2.48
2013.03.07 04:54:42.938,1.26771,1.26791,1.50,1.73
2013.03.07 04:54:43.301,1.26772,1.2679,1.50,1.73
2013.03.07 04:54:44.099,1.26775,1.26792,1.50,1.50
2013.03.07 04:54:44.279,1.26778,1.26798,1.50,1.50
2013.03.07 04:54:45.418,1.26775,1.26796,1.50,1.50
2013.03.07 04:54:51.238,1.26774,1.26795,2.25,1.50
2013.03.07 04:54:51.766,1.26777,1.26796,1.50,1.73
2013.03.07 04:54:55.451,1.26774,1.26795,1.50,1.50
2013.03.07 04:54:55.520,1.26772,1.26794,2.25,2.25
2013.03.07 04:54:56.024,1.26772,1.26794,1.50,3.23
2013.03.07 04:54:56.261,1.26772,1.26794,1.50,3.23
2013.03.07 04:55:00.260,1.26774,1.26796,1.50,1.73
2013.03.07 04:55:00.925,1.26774,1.26796,1.50,1.50
2013.03.07 04:55:06.709,1.26774,1.26794,1.50,1.50
2013.03.07 04:55:07.563,1.26776,1.26794,1.50,1.13
2013.03.07 04:55:07.689,1.26777,1.26794,1.50,1.13
2013.03.07 04:55:08.309,1.26777,1.26797,1.50,1.50
2013.03.07 04:55:10.251,1.26777,1.26796,1.50,1.50
2013.03.07 04:55:11.204,1.26777,1.26796,1.73,1.50
2013.03.07 04:55:13.459,1.26778,1.26798,1.73,2.25
2013.03.07 04:55:13.760,1.26778,1.26798,1.73,1.50
2013.03.07 04:55:15.120,1.26779,1.268,1.73,1.88
2013.03.07 04:55:31.690,1.26779,1.26799,1.50,2.25
2013.03.07 04:55:41.611,1.26778,1.26797,1.73,1.50
2013.03.07 04:55:42.715,1.26785,1.268,1.73,1.13
2013.03.07 04:55:42.971,1.26787,1.26808,2.48,3.00
2013.03.07 04:55:43.041,1.2679,1.26808,1.50,1.50
2013.03.07 04:55:43.409,1.26788,1.2681,2.48,1.50
2013.03.07 04:55:43.730,1.26787,1.26808,1.73,1.50
2013.03.07 04:55:44.100,1.26786,1.26805,1.73,1.50
2013.03.07 04:55:44.281,1.26788,1.26808,2.48,1.13
2013.03.07 04:55:45.120,1.26788,1.26808,1.73,1.50
2013.03.07 04:55:47.111,1.26788,1.26808,1.73,1.50
2013.03.07 04:55:47.240,1.26786,1.26805,2.48,1.50
2013.03.07 04:55:50.969,1.26784,1.26804,1.73,1.50
2013.03.07 04:55:51.351,1.26781,1.26801,1.50,1.50
2013.03.07 04:55:55.410,1.26781,1.268,1.50,1.50
2013.03.07 04:55:55.590,1.26778,1.26797,1.50,2.48
2013.03.07 04:55:55.833,1.26775,1.26796,2.48,2.25
2013.03.07 04:56:00.203,1.26778,1.26797,1.50,2.48
2013.03.07 04:56:00.761,1.2678,1.26797,1.73,1.50
2013.03.07 04:56:02.000,1.2678,1.26799,1.73,1.50
2013.03.07 04:56:03.160,1.26777,1.26799,3.23,2.25
2013.03.07 04:56:13.321,1.26777,1.26797,1.73,1.50
2013.03.07 04:56:15.069,1.26775,1.26797,2.85,1.73
2013.03.07 04:56:15.191,1.26779,1.26798,1.50,1.50
2013.03.07 04:56:15.731,1.26779,1.268,1.73,1.50
2013.03.07 04:56:30.944,1.26779,1.26798,1.73,1.50
2013.03.07 04:56:31.191,1.26777,1.26796,1.50,2.25
2013.03.07 04:56:33.603,1.26779,1.26796,1.50,1.50
2013.03.07 04:56:33.911,1.26781,1.26802,2.25,2.48
2013.03.07 04:56:34.101,1.26785,1.26802,1.73,1.50
2013.03.07 04:56:34.653,1.26783,1.26801,1.73,1.50
2013.03.07 04:56:39.859,1.26783,1.26801,1.50,1.50
2013.03.07 04:56:40.672,1.26785,1.26806,1.73,1.50
2013.03.07 04:56:40.747,1.26785,1.26806,1.73,2.25
2013.03.07 04:56:47.871,1.26784,1.26802,1.73,1.50
2013.03.07 04:56:48.090,1.26782,1.268,1.50,1.50
2013.03.07 04:56:52.381,1.26783,1.26801,1.50,1.50
2013.03.07 04:56:52.450,1.26783,1.26801,3.00,1.50
2013.03.07 04:56:54.405,1.26784,1.26805,2.48,1.13
2013.03.07 04:56:54.472,1.26788,1.26805,1.50,1.13
2013.03.07 04:56:54.543,1.26788,1.26806,1.73,1.13
2013.03.07 04:56:55.051,1.26789,1.2681,3.23,1.50
2013.03.07 04:56:57.539,1.26787,1.26807,1.50,1.50
2013.03.07 04:56:57.779,1.26783,1.26805,1.73,1.50
2013.03.07 04:57:08.862,1.26783,1.26803,1.73,1.50
2013.03.07 04:57:09.279,1.2678,1.268,1.73,1.50
2013.03.07 04:57:34.934,1.26779,1.26799,1.73,2.25
2013.03.07 04:57:40.780,1.26779,1.26799,1.73,2.48
2013.03.07 04:57:41.189,1.26777,1.26798,1.73,2.25
2013.03.07 04:57:50.570,1.26777,1.26798,1.73,2.25
2013.03.07 04:57:55.759,1.26777,1.26797,2.48,1.73
2013.03.07 04:58:06.831,1.26777,1.26795,2.48,1.50
2013.03.07 04:58:07.404,1.26777,1.26794,1.73,1.50
2013.03.07 04:58:09.730,1.26774,1.26793,2.63,2.25
2013.03.07 04:58:09.851,1.26771,1.2679,1.50,1.50
2013.03.07 04:58:10.159,1.2677,1.2679,2.25,1.50
2013.03.07 04:58:12.990,1.26767,1.26788,1.50,1.50
2013.03.07 04:58:31.629,1.26763,1.26784,1.73,1.50
2013.03.07 04:58:31.950,1.26763,1.26782,1.50,1.50
2013.03.07 04:58:39.420,1.26761,1.2678,1.50,1.50
2013.03.07 04:58:47.470,1.26759,1.26779,3.23,1.50
2013.03.07 04:58:48.012,1.26755,1.26774,1.88,1.50
2013.03.07 04:58:48.080,1.26755,1.26773,1.73,1.50
2013.03.07 04:58:48.140,1.26755,1.26773,1.50,1.50
2013.03.07 04:58:54.872,1.26757,1.26777,1.73,1.50
2013.03.07 04:58:54.999,1.26759,1.26777,2.25,1.50
2013.03.07 04:58:56.660,1.26757,1.26777,1.73,2.25
2013.03.07 04:58:57.019,1.26755,1.26773,2.48,1.50
2013.03.07 04:58:57.610,1.26755,1.26773,2.48,1.50
2013.03.07 04:58:59.114,1.26755,1.26773,2.48,1.50
2013.03.07 04:58:59.418,1.26759,1.26777,2.48,1.13
2013.03.07 04:58:59.539,1.2676,1.26779,1.50,1.50
2013.03.07 04:59:02.842,1.2676,1.26777,1.50,1.50
2013.03.07 04:59:02.914,1.26756,1.26776,1.35,1.50
2013.03.07 04:59:02.982,1.26756,1.26774,1.35,1.50
2013.03.07 04:59:03.600,1.26755,1.26777,1.50,1.50
2013.03.07 04:59:03.725,1.26755,1.26777,1.50,2.48
2013.03.07 04:59:03.971,1.26753,1.26773,1.50,1.73
2013.03.07 04:59:04.401,1.26758,1.26775,1.50,1.50
2013.03.07 04:59:04.471,1.2676,1.2678,1.50,1.88
2013.03.07 04:59:04.783,1.26762,1.26785,1.73,3.90
2013.03.07 04:59:05.031,1.26763,1.26785,1.50,1.73
2013.03.07 04:59:08.350,1.26761,1.26782,1.73,1.73
2013.03.07 04:59:08.531,1.26759,1.2678,1.50,1.73
2013.03.07 04:59:08.959,1.26762,1.26782,1.50,1.73
2013.03.07 04:59:11.990,1.26761,1.26781,1.50,1.73
2013.03.07 04:59:14.539,1.26763,1.26783,1.50,1.73
2013.03.07 04:59:14.600,1.26764,1.26783,1.50,1.73
2013.03.07 04:59:15.166,1.26764,1.26783,1.73,1.50
2013.03.07 04:59:15.479,1.26764,1.26779,1.73,1.50
2013.03.07 04:59:15.780,1.26757,1.26777,1.50,2.25
2013.03.07 04:59:16.020,1.26756,1.26777,1.73,2.25
2013.03.07 04:59:16.090,1.26757,1.26777,1.50,1.50
2013.03.07 04:59:16.150,1.26757,1.26776,1.50,1.50
2013.03.07 04:59:16.211,1.26757,1.26775,1.50,1.73
2013.03.07 04:59:17.701,1.26758,1.26775,1.73,1.50
2013.03.07 04:59:18.190,1.26761,1.26781,1.50,1.35
2013.03.07 04:59:18.440,1.26763,1.26781,1.73,1.50
2013.03.07 04:59:18.500,1.26762,1.26779,1.73,1.50
2013.03.07 04:59:19.039,1.2676,1.26781,1.50,1.73
2013.03.07 04:59:25.182,1.26758,1.26778,2.25,1.73
2013.03.07 04:59:25.671,1.26761,1.26781,1.50,1.73
2013.03.07 04:59:28.261,1.26759,1.26782,1.50,2.48
2013.03.07 04:59:28.769,1.2676,1.2678,1.50,1.73
2013.03.07 04:59:34.539,1.2676,1.26782,1.50,3.23
2013.03.07 04:59:35.580,1.26759,1.26779,1.50,1.73
2013.03.07 04:59:38.147,1.26763,1.26781,1.50,1.73
2013.03.07 04:59:49.384,1.26761,1.26783,1.50,2.48
2013.03.07 04:59:49.930,1.26759,1.2678,1.50,2.48
2013.03.07 04:59:50.000,1.26759,1.2678,1.50,2.48
2013.03.07 04:59:50.241,1.26759,1.2678,1.50,3.23
2013.03.07 04:59:52.000,1.26757,1.26778,1.50,1.73
2013.03.07 04:59:52.510,1.26756,1.26776,1.50,1.73
2013.03.07 04:59:57.910,1.26754,1.26773,1.50,1.73
2013.03.07 04:59:58.223,1.26747,1.26769,4.05,1.73
2013.03.07 04:59:58.290,1.26747,1.26767,1.50,1.73
2013.03.07 04:59:58.469,1.26747,1.26769,1.50,2.48
