2009.01.27 17:00:00.600,1.9927,1.99355,1.60,1.20
2009.01.27 17:00:00.950,1.9927,1.9936,1.60,1.00
2009.01.27 17:00:01.410,1.9927,1.9936,1.60,1.40
2009.01.27 17:00:01.890,1.9926,1.9934,2.00,1.00
2009.01.27 17:00:02.280,1.99255,1.9934,1.60,1.00
2009.01.27 17:00:02.640,1.9925,1.9935,1.60,1.60
2009.01.27 17:00:02.940,1.9925,1.99355,1.60,2.60
2009.01.27 17:00:04.749,1.99235,1.9933,1.60,1.00
2009.01.27 17:00:07.029,1.99225,1.9931,1.60,1.00
2009.01.27 17:00:07.379,1.99225,1.9931,1.60,1.60
2009.01.27 17:00:08.239,1.9922,1.99315,1.60,1.00
2009.01.27 17:00:08.658,1.9922,1.99325,1.60,1.20
2009.01.27 17:00:09.068,1.99235,1.99325,1.60,1.20
2009.01.27 17:00:09.358,1.99235,1.9933,1.60,1.20
2009.01.27 17:00:11.718,1.99235,1.99315,1.60,1.00
2009.01.27 17:00:13.687,1.99225,1.9931,1.60,1.00
2009.01.27 17:00:16.507,1.99195,1.99295,2.00,1.00
2009.01.27 17:00:16.906,1.9919,1.9931,1.60,1.20
2009.01.27 17:00:17.186,1.9919,1.99305,1.60,1.20
2009.01.27 17:00:17.416,1.9919,1.99285,1.60,1.00
2009.01.27 17:00:17.656,1.9919,1.99295,1.60,1.20
2009.01.27 17:00:18.296,1.9919,1.993,1.60,1.20
2009.01.27 17:00:18.586,1.9921,1.993,1.60,1.00
2009.01.27 17:00:24.505,1.9914,1.9921,1.00,1.00
2009.01.27 17:00:24.914,1.9912,1.99205,1.60,1.00
2009.01.27 17:00:25.374,1.9906,1.99195,5.20,1.00
2009.01.27 17:00:25.774,1.9906,1.9918,1.60,1.20
2009.01.27 17:00:26.175,1.9906,1.99185,1.60,1.20
2009.01.27 17:00:26.524,1.99115,1.99225,1.60,1.00
2009.01.27 17:00:27.384,1.99115,1.99215,1.60,1.00
2009.01.27 17:00:28.534,1.99075,1.99205,3.60,1.00
2009.01.27 17:00:28.824,1.9908,1.99195,1.60,1.20
2009.01.27 17:00:29.003,1.99055,1.99185,1.60,1.20
2009.01.27 17:00:30.113,1.99075,1.99185,3.20,1.20
2009.01.27 17:00:31.713,1.99075,1.99195,3.20,1.20
2009.01.27 17:00:32.453,1.99075,1.99185,3.20,1.20
2009.01.27 17:00:33.123,1.99065,1.9919,2.00,1.20
2009.01.27 17:00:33.362,1.99065,1.99185,2.00,1.20
2009.01.27 17:00:33.932,1.99065,1.9918,2.00,1.00
2009.01.27 17:00:34.332,1.9905,1.99175,2.00,1.20
2009.01.27 17:00:34.852,1.99045,1.99165,5.20,1.20
2009.01.27 17:00:35.252,1.9905,1.99175,2.00,1.20
2009.01.27 17:00:35.822,1.9907,1.9918,1.60,1.20
2009.01.27 17:00:36.352,1.9907,1.99195,3.60,10.60
2009.01.27 17:00:36.882,1.9907,1.99195,3.60,1.20
2009.01.27 17:00:37.302,1.9908,1.99205,2.00,1.20
2009.01.27 17:00:37.941,1.9908,1.99205,2.00,1.20
2009.01.27 17:00:38.401,1.99075,1.992,2.00,1.20
2009.01.27 17:00:40.711,1.9909,1.992,1.00,1.20
2009.01.27 17:00:40.991,1.99115,1.992,1.60,1.20
2009.01.27 17:00:41.111,1.99115,1.99205,1.60,1.00
2009.01.27 17:00:44.690,1.99115,1.992,1.60,1.00
2009.01.27 17:00:45.869,1.991,1.99185,1.60,1.00
2009.01.27 17:00:46.259,1.9908,1.99175,2.00,1.00
2009.01.27 17:00:46.489,1.99075,1.99175,3.60,1.00
2009.01.27 17:00:46.989,1.99075,1.9916,1.60,1.00
2009.01.27 17:00:47.729,1.99075,1.99175,1.60,1.00
2009.01.27 17:00:50.068,1.9908,1.99185,1.60,1.20
2009.01.27 17:00:50.588,1.9909,1.9919,1.60,1.20
2009.01.27 17:00:50.858,1.99095,1.99205,1.60,1.20
2009.01.27 17:00:51.338,1.991,1.99205,1.60,1.20
2009.01.27 17:00:51.748,1.99105,1.99215,1.60,1.20
2009.01.27 17:00:51.929,1.9912,1.99255,2.00,1.20
2009.01.27 17:00:54.147,1.9911,1.99235,2.00,1.20
2009.01.27 17:00:56.307,1.9911,1.9922,2.00,1.00
2009.01.27 17:00:56.687,1.99115,1.9922,2.00,1.00
2009.01.27 17:00:56.977,1.991,1.9922,3.60,1.00
2009.01.27 17:00:58.207,1.991,1.9922,1.60,1.20
2009.01.27 17:01:01.686,1.991,1.9922,1.60,1.20
2009.01.27 17:01:04.166,1.991,1.9922,1.60,2.40
2009.01.27 17:01:04.335,1.991,1.99205,1.60,1.00
2009.01.27 17:01:04.755,1.99085,1.9919,1.60,1.00
2009.01.27 17:01:05.085,1.99095,1.9919,1.60,1.00
2009.01.27 17:01:05.605,1.99085,1.9919,1.60,1.00
2009.01.27 17:01:06.345,1.99095,1.9919,1.60,1.00
2009.01.27 17:01:06.634,1.99095,1.9917,1.60,1.40
2009.01.27 17:01:07.084,1.9908,1.99155,2.00,1.00
2009.01.27 17:01:07.434,1.99075,1.99155,1.60,1.00
2009.01.27 17:01:08.224,1.99095,1.99175,1.60,1.20
2009.01.27 17:01:08.514,1.99095,1.9918,1.60,1.00
2009.01.27 17:01:08.864,1.99115,1.99215,1.60,2.60
2009.01.27 17:01:09.204,1.99115,1.9922,1.60,1.00
2009.01.27 17:01:09.585,1.99125,1.9923,1.60,1.00
2009.01.27 17:01:10.154,1.99125,1.9922,2.00,1.00
2009.01.27 17:01:10.503,1.9912,1.99225,2.00,1.00
2009.01.27 17:01:12.073,1.9912,1.9922,2.00,1.00
2009.01.27 17:01:12.404,1.9912,1.99215,2.00,1.00
2009.01.27 17:01:12.783,1.99105,1.99215,2.00,1.00
2009.01.27 17:01:13.073,1.9909,1.99215,2.00,1.20
2009.01.27 17:01:13.602,1.9908,1.99205,2.00,1.20
2009.01.27 17:01:16.202,1.9909,1.99215,2.00,1.20
2009.01.27 17:01:16.592,1.99095,1.99215,2.00,1.00
2009.01.27 17:01:17.632,1.99095,1.99205,2.00,1.00
2009.01.27 17:01:18.281,1.9909,1.99205,2.00,1.00
2009.01.27 17:01:18.742,1.99085,1.9914,2.00,1.00
2009.01.27 17:01:19.081,1.9907,1.9914,9.60,1.00
2009.01.27 17:01:19.381,1.9905,1.9914,3.20,1.00
2009.01.27 17:01:19.731,1.9905,1.9914,1.60,1.00
2009.01.27 17:01:22.641,1.9905,1.9911,1.60,1.00
2009.01.27 17:01:23.390,1.9905,1.9912,1.60,1.00
2009.01.27 17:01:24.300,1.99035,1.9912,1.60,1.00
2009.01.27 17:01:25.050,1.9905,1.9912,1.00,1.00
2009.01.27 17:01:25.230,1.99065,1.99125,1.60,1.00
2009.01.27 17:01:26.939,1.9905,1.9912,1.60,1.00
2009.01.27 17:01:30.699,1.99055,1.99115,1.60,1.00
2009.01.27 17:01:32.598,1.9905,1.9911,1.60,1.00
2009.01.27 17:01:39.807,1.9904,1.991,1.60,1.00
2009.01.27 17:01:40.046,1.9902,1.9909,1.60,1.00
2009.01.27 17:01:41.936,1.9902,1.9908,1.60,1.00
2009.01.27 17:01:42.226,1.99025,1.99085,1.60,1.00
2009.01.27 17:01:42.646,1.9901,1.9907,1.60,1.00
2009.01.27 17:01:43.446,1.9899,1.9906,1.60,1.00
2009.01.27 17:01:47.035,1.99015,1.9908,1.60,2.40
2009.01.27 17:01:47.146,1.99015,1.9908,1.60,1.20
2009.01.27 17:01:47.495,1.9901,1.9909,1.60,1.00
2009.01.27 17:01:47.724,1.9901,1.9909,3.20,1.00
2009.01.27 17:01:48.144,1.99035,1.99105,3.20,1.00
2009.01.27 17:01:49.074,1.9904,1.99105,1.60,1.00
2009.01.27 17:01:49.494,1.9902,1.99105,2.00,1.00
2009.01.27 17:01:49.724,1.99005,1.9909,3.20,1.00
2009.01.27 17:01:50.194,1.98995,1.9907,1.60,1.00
2009.01.27 17:01:51.034,1.99,1.99095,1.60,1.60
2009.01.27 17:01:51.714,1.9901,1.9913,1.60,1.20
2009.01.27 17:01:51.884,1.99025,1.99125,1.60,1.20
2009.01.27 17:01:52.123,1.99025,1.99135,1.60,1.20
2009.01.27 17:01:52.523,1.99015,1.99145,2.40,1.20
2009.01.27 17:01:52.763,1.99015,1.9914,1.60,1.20
2009.01.27 17:01:53.093,1.99025,1.9913,1.60,1.20
2009.01.27 17:01:55.343,1.99025,1.9914,1.60,1.20
2009.01.27 17:01:57.092,1.99025,1.9914,1.60,2.40
2009.01.27 17:01:57.622,1.99035,1.9912,1.60,1.00
2009.01.27 17:01:58.312,1.99035,1.9913,1.60,1.00
2009.01.27 17:01:59.632,1.99065,1.9915,1.60,1.20
2009.01.27 17:02:00.241,1.9904,1.9916,1.60,1.00
2009.01.27 17:02:00.541,1.9903,1.99165,3.60,1.20
2009.01.27 17:02:00.871,1.99055,1.9917,2.00,1.00
2009.01.27 17:02:01.171,1.9905,1.9917,2.00,1.00
2009.01.27 17:02:03.501,1.9905,1.9916,2.00,1.00
2009.01.27 17:02:03.621,1.99045,1.9916,2.00,1.00
2009.01.27 17:02:04.610,1.9904,1.9916,2.00,1.00
2009.01.27 17:02:05.900,1.99055,1.9916,1.60,1.00
2009.01.27 17:02:06.240,1.99045,1.99155,3.60,1.00
2009.01.27 17:02:06.690,1.99045,1.99155,1.60,1.00
2009.01.27 17:02:07.080,1.99065,1.9916,1.60,1.20
2009.01.27 17:02:07.430,1.9908,1.99175,1.60,1.00
2009.01.27 17:02:08.050,1.9907,1.99175,1.60,1.20
2009.01.27 17:02:08.339,1.99065,1.9916,1.60,1.00
2009.01.27 17:02:09.259,1.99045,1.9917,2.00,1.20
2009.01.27 17:02:10.039,1.99055,1.99165,1.60,1.20
2009.01.27 17:02:10.429,1.99045,1.9917,2.00,1.20
2009.01.27 17:02:10.949,1.9904,1.99165,3.60,1.20
2009.01.27 17:02:11.229,1.99045,1.99165,2.00,1.20
2009.01.27 17:02:11.619,1.9904,1.9915,2.00,1.00
2009.01.27 17:02:12.298,1.9904,1.99155,1.60,1.00
2009.01.27 17:02:12.688,1.9904,1.9915,1.60,1.20
2009.01.27 17:02:13.038,1.9904,1.99155,1.60,1.20
2009.01.27 17:02:13.328,1.9904,1.9916,3.60,1.00
2009.01.27 17:02:14.578,1.9904,1.9916,2.00,1.00
2009.01.27 17:02:14.968,1.99035,1.99155,2.00,1.20
2009.01.27 17:02:16.228,1.9904,1.99155,1.60,1.20
2009.01.27 17:02:16.688,1.9904,1.9916,3.60,1.00
2009.01.27 17:02:16.967,1.9905,1.99175,2.00,1.20
2009.01.27 17:02:17.297,1.9904,1.99165,2.00,1.20
2009.01.27 17:02:17.518,1.9905,1.99175,2.00,1.20
2009.01.27 17:02:17.867,1.9905,1.9916,2.00,1.00
2009.01.27 17:02:18.097,1.99055,1.99175,1.60,1.20
2009.01.27 17:02:18.497,1.99055,1.99175,3.60,1.00
2009.01.27 17:02:18.967,1.9907,1.99175,1.60,1.00
2009.01.27 17:02:19.427,1.99085,1.99185,1.60,1.20
2009.01.27 17:02:19.937,1.99085,1.9919,1.60,1.00
2009.01.27 17:02:20.287,1.991,1.99205,1.60,1.20
2009.01.27 17:02:20.517,1.99095,1.9919,1.60,1.00
2009.01.27 17:02:23.586,1.99095,1.9919,3.60,1.00
2009.01.27 17:02:23.816,1.99095,1.9919,5.20,1.00
2009.01.27 17:02:30.244,1.99095,1.99175,5.20,1.00
2009.01.27 17:02:30.704,1.99095,1.9918,3.60,1.00
2009.01.27 17:02:30.815,1.99085,1.9917,3.20,1.00
2009.01.27 17:02:31.054,1.99085,1.9917,1.60,1.00
2009.01.27 17:02:31.554,1.99085,1.9918,1.60,1.00
2009.01.27 17:02:35.163,1.991,1.99185,1.60,1.00
2009.01.27 17:02:35.633,1.9911,1.9919,1.60,1.00
2009.01.27 17:02:36.033,1.991,1.99185,1.60,1.00
2009.01.27 17:02:46.820,1.9912,1.99185,1.60,1.00
2009.01.27 17:02:47.230,1.9914,1.99195,1.60,1.00
2009.01.27 17:02:47.280,1.99085,1.99185,3.60,1.00
2009.01.27 17:02:47.340,1.991,1.99185,1.60,1.00
2009.01.27 17:02:47.510,1.99085,1.99185,1.60,1.00
2009.01.27 17:02:50.640,1.99085,1.9917,3.60,1.00
2009.01.27 17:02:51.049,1.99085,1.9918,1.60,1.00
2009.01.27 17:02:51.339,1.99085,1.99175,1.60,1.00
2009.01.27 17:02:51.619,1.99075,1.99175,1.60,1.00
2009.01.27 17:02:51.799,1.9907,1.99165,1.60,1.00
2009.01.27 17:02:52.079,1.9909,1.99155,1.60,1.00
2009.01.27 17:02:52.679,1.9904,1.9914,1.60,1.00
2009.01.27 17:02:52.969,1.9904,1.9914,2.40,1.00
2009.01.27 17:02:53.448,1.9907,1.9914,1.60,1.00
2009.01.27 17:02:57.717,1.99045,1.9914,1.60,1.00
2009.01.27 17:03:01.247,1.99045,1.99125,5.20,1.00
2009.01.27 17:03:01.597,1.99045,1.99135,1.60,1.00
2009.01.27 17:03:01.946,1.99045,1.9915,1.60,1.00
2009.01.27 17:03:02.187,1.99045,1.9915,3.60,1.00
2009.01.27 17:03:02.697,1.9905,1.9915,2.00,1.00
2009.01.27 17:03:02.807,1.99055,1.9915,1.60,1.00
2009.01.27 17:03:02.976,1.9906,1.99165,1.60,1.00
2009.01.27 17:03:03.276,1.9907,1.99155,1.60,1.00
2009.01.27 17:03:03.516,1.9907,1.99155,3.60,1.00
2009.01.27 17:03:05.296,1.9908,1.9916,1.60,1.00
2009.01.27 17:03:05.456,1.99085,1.9918,1.60,1.60
2009.01.27 17:03:05.686,1.99075,1.992,3.60,4.00
2009.01.27 17:03:05.916,1.9908,1.99205,2.00,2.60
2009.01.27 17:03:06.086,1.99075,1.99185,1.60,1.20
2009.01.27 17:03:06.376,1.9909,1.99195,1.60,1.20
2009.01.27 17:03:06.766,1.9909,1.99205,1.60,1.20
2009.01.27 17:03:07.345,1.9909,1.9921,1.60,1.20
2009.01.27 17:03:07.815,1.99085,1.9919,2.00,1.00
2009.01.27 17:03:08.105,1.9908,1.9919,5.20,1.00
2009.01.27 17:03:08.275,1.9908,1.99175,5.20,1.00
2009.01.27 17:03:08.635,1.9908,1.99175,3.20,1.00
2009.01.27 17:03:08.925,1.991,1.99175,1.60,1.00
2009.01.27 17:03:09.435,1.99095,1.99165,1.60,1.00
2009.01.27 17:03:09.955,1.9905,1.9915,1.60,1.00
2009.01.27 17:03:10.305,1.99025,1.9914,1.60,1.00
2009.01.27 17:03:10.674,1.9903,1.99145,1.60,1.20
2009.01.27 17:03:11.534,1.9905,1.9916,1.60,1.20
2009.01.27 17:03:12.094,1.9905,1.99155,1.60,1.20
2009.01.27 17:03:13.594,1.99075,1.9916,1.60,1.20
2009.01.27 17:03:13.934,1.99065,1.99165,1.60,1.20
2009.01.27 17:03:14.694,1.99075,1.9918,1.60,1.20
2009.01.27 17:03:16.724,1.99065,1.9918,1.60,1.20
2009.01.27 17:03:16.943,1.99065,1.99175,1.60,1.20
2009.01.27 17:03:17.233,1.9906,1.99175,1.60,1.20
2009.01.27 17:03:17.743,1.99085,1.99175,1.60,1.20
2009.01.27 17:03:18.194,1.9909,1.99215,1.60,1.20
2009.01.27 17:03:18.482,1.9909,1.9922,1.60,1.20
2009.01.27 17:03:18.832,1.99105,1.99225,1.60,1.20
2009.01.27 17:03:20.062,1.9911,1.99215,1.60,1.20
2009.01.27 17:03:20.392,1.9911,1.9922,1.60,1.20
2009.01.27 17:03:21.412,1.99105,1.9922,1.60,1.20
2009.01.27 17:03:22.052,1.99105,1.99215,1.60,1.20
2009.01.27 17:03:22.222,1.99105,1.9921,1.60,1.20
2009.01.27 17:03:34.119,1.99105,1.99215,1.60,1.20
2009.01.27 17:03:35.729,1.99105,1.9921,1.60,1.20
2009.01.27 17:03:36.288,1.9909,1.992,1.60,1.00
2009.01.27 17:03:36.748,1.9909,1.99185,1.60,1.00
2009.01.27 17:03:37.048,1.9909,1.99195,1.60,1.20
2009.01.27 17:03:37.728,1.9909,1.992,1.60,1.00
2009.01.27 17:03:38.678,1.9909,1.99185,1.60,1.00
2009.01.27 17:03:39.088,1.9909,1.992,1.60,1.20
2009.01.27 17:03:39.367,1.99115,1.99205,1.60,1.20
2009.01.27 17:03:39.758,1.99115,1.9921,1.60,1.00
2009.01.27 17:03:40.177,1.9908,1.9921,1.60,1.20
2009.01.27 17:03:40.527,1.9908,1.992,1.60,1.20
2009.01.27 17:03:40.767,1.9911,1.9921,1.60,1.20
2009.01.27 17:03:41.177,1.9908,1.992,1.60,1.20
2009.01.27 17:03:41.567,1.9908,1.992,1.60,1.20
2009.01.27 17:03:42.027,1.9908,1.99195,1.60,1.20
2009.01.27 17:03:44.326,1.991,1.99205,1.60,1.20
2009.01.27 17:03:45.646,1.991,1.99205,1.60,1.00
2009.01.27 17:03:49.155,1.99105,1.9921,1.60,1.20
2009.01.27 17:03:49.605,1.9912,1.99215,1.60,1.20
2009.01.27 17:03:50.065,1.9911,1.99215,1.60,1.20
2009.01.27 17:03:50.465,1.99135,1.99235,1.60,1.20
2009.01.27 17:03:51.105,1.99125,1.99245,3.60,1.00
2009.01.27 17:03:51.904,1.99135,1.99235,1.60,1.60
2009.01.27 17:03:52.144,1.9915,1.99255,1.60,4.20
2009.01.27 17:03:52.764,1.9915,1.9926,1.60,1.20
2009.01.27 17:03:55.934,1.9915,1.9926,1.60,1.20
2009.01.27 17:03:56.553,1.9916,1.9926,1.60,1.20
2009.01.27 17:03:56.963,1.9916,1.99265,1.60,1.00
2009.01.27 17:03:57.304,1.9916,1.9926,1.60,1.20
2009.01.27 17:03:57.713,1.9915,1.9926,1.60,1.00
2009.01.27 17:03:57.893,1.9915,1.9926,1.60,1.20
2009.01.27 17:04:04.612,1.99145,1.9925,1.60,1.00
2009.01.27 17:04:05.001,1.99135,1.99245,1.60,1.00
2009.01.27 17:04:05.421,1.9914,1.9925,1.60,1.20
2009.01.27 17:04:05.941,1.9914,1.99265,3.60,1.20
2009.01.27 17:04:06.441,1.99155,1.99265,1.60,1.20
2009.01.27 17:04:06.751,1.9914,1.99265,3.60,1.20
2009.01.27 17:04:08.410,1.99155,1.9927,1.60,1.20
2009.01.27 17:04:15.619,1.99145,1.9927,3.60,1.20
2009.01.27 17:04:16.079,1.99145,1.99265,1.60,1.20
2009.01.27 17:04:18.638,1.99155,1.9927,1.60,1.20
2009.01.27 17:04:21.607,1.9915,1.9927,1.60,1.20
2009.01.27 17:04:22.067,1.9915,1.99265,1.60,1.20
2009.01.27 17:04:24.956,1.9916,1.9927,1.60,10.60
2009.01.27 17:04:25.246,1.99155,1.9927,1.60,2.60
2009.01.27 17:04:25.536,1.99155,1.99265,1.60,1.20
2009.01.27 17:04:25.706,1.99155,1.9926,1.60,1.20
2009.01.27 17:04:25.936,1.99155,1.99265,1.60,1.20
2009.01.27 17:04:27.766,1.99155,1.9926,1.60,1.00
2009.01.27 17:04:28.356,1.9916,1.9926,1.60,1.20
2009.01.27 17:04:28.935,1.9916,1.99265,1.60,1.20
2009.01.27 17:04:29.165,1.9917,1.9927,1.60,1.20
2009.01.27 17:04:29.965,1.99165,1.9927,1.60,1.20
2009.01.27 17:04:32.125,1.99175,1.9928,1.60,1.20
2009.01.27 17:04:42.052,1.9917,1.99275,1.60,1.00
2009.01.27 17:04:45.002,1.99175,1.9928,1.60,1.20
2009.01.27 17:04:45.552,1.9918,1.9928,1.60,1.20
2009.01.27 17:04:45.951,1.9918,1.99295,1.60,1.20
2009.01.27 17:04:48.211,1.99165,1.99285,1.60,1.20
2009.01.27 17:04:54.479,1.99155,1.9928,3.60,1.20
2009.01.27 17:04:55.159,1.99155,1.9928,2.00,1.20
2009.01.27 17:04:55.449,1.9915,1.9927,1.60,1.20
2009.01.27 17:04:57.319,1.99145,1.9927,2.00,1.20
2009.01.27 17:04:58.719,1.9914,1.99265,5.20,1.20
2009.01.27 17:04:59.178,1.9916,1.9927,2.00,1.00
2009.01.27 17:04:59.358,1.9917,1.9927,2.00,1.00
2009.01.27 17:04:59.528,1.9915,1.9927,2.00,1.20
2009.01.27 17:05:01.248,1.9915,1.99275,3.60,1.20
2009.01.27 17:05:02.168,1.99155,1.99275,1.60,1.20
2009.01.27 17:05:04.017,1.9916,1.9928,2.00,1.00
2009.01.27 17:05:04.307,1.9915,1.99275,3.60,1.20
2009.01.27 17:05:06.627,1.9916,1.9928,2.00,1.00
2009.01.27 17:05:09.526,1.9916,1.9926,2.00,1.40
2009.01.27 17:05:09.636,1.9916,1.99235,2.00,1.00
2009.01.27 17:05:09.865,1.99145,1.99235,1.60,1.00
2009.01.27 17:05:10.925,1.99145,1.9924,1.60,1.00
2009.01.27 17:05:11.375,1.9921,1.99275,1.60,1.60
2009.01.27 17:05:11.495,1.9921,1.9932,1.60,1.00
2009.01.27 17:05:13.025,1.9923,1.99275,1.60,1.40
2009.01.27 17:05:13.435,1.99185,1.99255,9.60,1.00
2009.01.27 17:05:13.665,1.9913,1.99255,1.60,1.00
2009.01.27 17:05:15.564,1.99135,1.9922,3.60,1.00
2009.01.27 17:05:15.894,1.99135,1.9922,1.60,1.00
2009.01.27 17:05:16.064,1.9914,1.99225,1.60,1.00
2009.01.27 17:05:19.343,1.99145,1.9924,1.60,1.20
2009.01.27 17:05:19.953,1.99135,1.9922,1.60,1.00
2009.01.27 17:05:20.343,1.99145,1.99235,1.60,2.60
2009.01.27 17:05:20.733,1.99145,1.99235,1.60,1.20
2009.01.27 17:05:20.963,1.99145,1.9924,1.60,1.20
2009.01.27 17:05:21.842,1.99145,1.9924,1.60,1.00
2009.01.27 17:05:24.752,1.99135,1.9922,1.60,1.00
2009.01.27 17:05:25.202,1.99155,1.9924,1.60,1.00
2009.01.27 17:05:25.782,1.99145,1.9924,1.60,1.00
2009.01.27 17:05:35.259,1.99175,1.99285,1.60,1.20
2009.01.27 17:05:35.719,1.9919,1.99285,1.60,1.20
2009.01.27 17:05:36.010,1.9919,1.99285,1.60,1.00
2009.01.27 17:05:36.190,1.9919,1.993,1.60,1.20
2009.01.27 17:05:38.719,1.9919,1.9929,1.60,1.40
2009.01.27 17:05:38.889,1.99185,1.99275,2.00,1.00
2009.01.27 17:05:39.239,1.9918,1.99275,1.60,1.00
2009.01.27 17:05:39.588,1.9917,1.99265,3.60,1.00
2009.01.27 17:05:40.078,1.9917,1.99255,1.60,1.00
2009.01.27 17:05:40.528,1.9918,1.99265,1.60,1.00
2009.01.27 17:05:42.818,1.9919,1.99285,1.60,1.00
2009.01.27 17:05:43.168,1.99175,1.99285,1.60,1.00
2009.01.27 17:05:43.508,1.99195,1.99285,1.60,1.00
2009.01.27 17:05:43.977,1.9918,1.99285,1.60,1.00
2009.01.27 17:05:44.387,1.99165,1.99285,3.60,1.00
2009.01.27 17:05:44.727,1.9919,1.99285,1.60,1.00
2009.01.27 17:05:46.177,1.9921,1.99295,1.60,1.00
2009.01.27 17:05:47.557,1.99205,1.99285,1.60,1.00
2009.01.27 17:05:48.616,1.9919,1.99285,1.60,1.00
2009.01.27 17:05:51.206,1.99195,1.9928,1.60,1.00
2009.01.27 17:05:53.305,1.99215,1.993,1.60,2.60
2009.01.27 17:05:53.655,1.99215,1.9931,1.60,1.20
2009.01.27 17:05:54.075,1.99215,1.9931,1.60,1.00
2009.01.27 17:05:59.484,1.9922,1.993,1.60,1.00
2009.01.27 17:05:59.604,1.99205,1.993,5.20,1.00
2009.01.27 17:06:00.044,1.99205,1.99285,3.60,1.00
2009.01.27 17:06:00.343,1.99205,1.99285,1.60,1.00
2009.01.27 17:06:05.862,1.9919,1.99285,1.60,1.00
2009.01.27 17:06:07.212,1.9919,1.99285,3.60,1.00
2009.01.27 17:06:08.772,1.9919,1.9928,3.60,1.40
2009.01.27 17:06:09.133,1.9919,1.9928,1.60,1.40
2009.01.27 17:06:09.441,1.9919,1.99285,1.60,1.00
2009.01.27 17:06:09.781,1.9919,1.9927,1.60,1.00
2009.01.27 17:06:10.581,1.9921,1.99285,2.00,1.00
2009.01.27 17:06:11.101,1.9919,1.993,3.60,1.40
2009.01.27 17:06:11.331,1.9919,1.99285,3.60,1.00
2009.01.27 17:06:11.501,1.9919,1.9928,3.60,1.40
2009.01.27 17:06:11.791,1.9918,1.99265,1.60,1.00
2009.01.27 17:06:13.021,1.99175,1.9925,2.00,1.00
2009.01.27 17:06:13.420,1.99175,1.99255,2.00,1.00
2009.01.27 17:06:13.660,1.9917,1.99255,1.60,1.00
2009.01.27 17:06:14.070,1.9917,1.99255,3.60,1.00
2009.01.27 17:06:15.240,1.9918,1.99265,1.60,1.00
2009.01.27 17:06:18.889,1.9917,1.99255,1.60,1.00
2009.01.27 17:06:20.888,1.9917,1.99255,3.60,1.00
2009.01.27 17:06:21.528,1.9917,1.99255,5.20,1.00
2009.01.27 17:06:21.708,1.99185,1.99255,2.00,1.00
2009.01.27 17:06:21.938,1.99205,1.99295,1.60,1.00
2009.01.27 17:06:22.698,1.99205,1.9931,1.60,1.00
2009.01.27 17:06:23.118,1.99205,1.993,3.60,1.00
2009.01.27 17:06:23.868,1.99205,1.993,1.60,1.00
2009.01.27 17:06:24.108,1.9922,1.993,1.60,1.00
2009.01.27 17:06:28.476,1.9921,1.99295,3.60,1.00
2009.01.27 17:06:28.926,1.9921,1.99295,1.60,1.00
2009.01.27 17:06:29.147,1.9921,1.993,2.00,1.00
2009.01.27 17:06:29.426,1.99205,1.993,3.60,1.00
2009.01.27 17:06:29.896,1.99205,1.993,1.60,1.00
2009.01.27 17:06:32.056,1.99225,1.9931,1.60,1.00
2009.01.27 17:06:36.315,1.99235,1.99315,1.60,1.00
2009.01.27 17:06:40.524,1.99235,1.99315,2.40,1.00
2009.01.27 17:06:40.584,1.99255,1.99315,1.60,1.00
2009.01.27 17:06:41.374,1.99235,1.99315,1.60,1.00
2009.01.27 17:06:50.931,1.9919,1.99305,1.60,1.00
2009.01.27 17:06:51.551,1.9918,1.99285,1.60,1.00
2009.01.27 17:06:51.961,1.9917,1.9929,3.60,1.00
2009.01.27 17:06:52.301,1.9917,1.9929,1.60,1.00
2009.01.27 17:06:52.591,1.9919,1.99285,1.60,1.00
2009.01.27 17:06:53.430,1.9921,1.99305,1.60,1.00
2009.01.27 17:06:53.870,1.9923,1.99315,1.60,1.00
2009.01.27 17:06:54.381,1.99235,1.99315,1.60,1.00
2009.01.27 17:06:56.530,1.992,1.9931,9.60,1.00
2009.01.27 17:06:56.860,1.9918,1.9931,2.00,1.00
2009.01.27 17:06:58.110,1.99185,1.9931,2.00,1.20
2009.01.27 17:06:59.279,1.9918,1.99305,3.60,1.20
2009.01.27 17:07:01.909,1.99185,1.99305,2.00,1.00
2009.01.27 17:07:02.318,1.9918,1.993,2.00,1.20
2009.01.27 17:07:02.608,1.9918,1.99305,2.00,1.20
2009.01.27 17:07:02.788,1.9918,1.993,2.00,1.20
2009.01.27 17:07:03.249,1.9918,1.99305,2.00,1.20
2009.01.27 17:07:03.548,1.9918,1.99305,3.60,1.20
2009.01.27 17:07:03.908,1.99185,1.99305,3.20,1.20
2009.01.27 17:07:04.298,1.992,1.99325,2.00,1.20
2009.01.27 17:07:04.878,1.99205,1.99325,2.00,1.00
2009.01.27 17:07:09.837,1.9921,1.99335,2.00,1.20
2009.01.27 17:07:10.627,1.99215,1.99335,2.00,1.20
2009.01.27 17:07:10.926,1.9922,1.9934,2.00,1.20
2009.01.27 17:07:11.216,1.99215,1.99335,2.00,1.20
2009.01.27 17:07:11.736,1.99215,1.99335,2.00,1.00
2009.01.27 17:07:18.095,1.99215,1.9934,2.00,1.20
2009.01.27 17:07:18.265,1.9923,1.9935,2.00,1.20
2009.01.27 17:07:18.505,1.9923,1.9935,3.60,1.20
2009.01.27 17:07:18.624,1.99235,1.9936,2.00,2.60
2009.01.27 17:07:18.845,1.99235,1.9936,2.00,1.20
2009.01.27 17:07:19.894,1.99235,1.9936,2.00,2.60
2009.01.27 17:07:20.254,1.99245,1.99365,2.00,1.20
2009.01.27 17:07:21.004,1.9925,1.99365,1.60,1.20
2009.01.27 17:07:21.354,1.99255,1.9935,2.00,1.00
2009.01.27 17:07:21.944,1.99235,1.9935,1.60,1.00
2009.01.27 17:07:22.583,1.99235,1.99335,1.60,1.20
2009.01.27 17:07:22.764,1.9924,1.99335,1.00,1.20
2009.01.27 17:07:22.934,1.9925,1.99335,1.60,1.20
2009.01.27 17:07:23.213,1.9925,1.9933,1.60,1.20
2009.01.27 17:07:23.603,1.99235,1.99335,1.60,1.20
2009.01.27 17:07:24.023,1.9925,1.99335,1.60,1.20
2009.01.27 17:07:24.253,1.9925,1.9934,1.60,1.00
2009.01.27 17:07:25.183,1.99265,1.9934,1.60,1.00
2009.01.27 17:07:26.153,1.99265,1.9936,1.60,1.20
2009.01.27 17:07:26.862,1.99265,1.99365,1.60,1.20
2009.01.27 17:07:27.352,1.99265,1.9936,1.60,1.20
2009.01.27 17:07:27.932,1.99265,1.99365,1.60,1.20
2009.01.27 17:07:28.202,1.99265,1.9936,1.60,1.20
2009.01.27 17:07:28.772,1.99265,1.9934,1.60,1.00
2009.01.27 17:07:30.832,1.9928,1.9935,1.60,1.20
2009.01.27 17:07:31.191,1.9924,1.9935,1.60,1.00
2009.01.27 17:07:31.531,1.9927,1.99365,1.60,1.20
2009.01.27 17:07:32.041,1.9927,1.99375,1.60,1.20
2009.01.27 17:07:32.442,1.993,1.9936,1.60,1.20
2009.01.27 17:07:32.781,1.993,1.99395,1.60,1.00
2009.01.27 17:07:34.231,1.99295,1.99375,1.60,1.00
2009.01.27 17:07:35.471,1.99295,1.9938,1.60,1.00
2009.01.27 17:07:35.710,1.9931,1.9938,1.60,1.00
2009.01.27 17:07:36.281,1.9931,1.99375,1.60,1.00
2009.01.27 17:07:36.632,1.99295,1.99375,1.60,1.00
2009.01.27 17:07:37.220,1.99295,1.99365,1.60,1.00
2009.01.27 17:07:37.610,1.9928,1.99385,1.60,1.20
2009.01.27 17:07:38.030,1.99275,1.99385,3.60,1.00
2009.01.27 17:07:38.210,1.9928,1.99395,1.60,1.20
2009.01.27 17:07:38.670,1.99285,1.9941,2.00,1.20
2009.01.27 17:07:39.140,1.99285,1.99405,2.00,1.60
2009.01.27 17:07:39.540,1.99285,1.994,1.00,1.20
2009.01.27 17:07:39.889,1.99295,1.99415,2.00,1.20
2009.01.27 17:07:40.619,1.99295,1.994,2.00,1.00
2009.01.27 17:07:40.969,1.99315,1.994,2.00,1.60
2009.01.27 17:07:41.319,1.99325,1.994,2.00,1.60
2009.01.27 17:07:41.489,1.9933,1.994,2.00,1.60
2009.01.27 17:07:41.669,1.9933,1.9941,2.00,1.00
2009.01.27 17:07:41.949,1.9933,1.99415,2.00,1.00
2009.01.27 17:07:42.469,1.9935,1.99435,2.00,1.00
2009.01.27 17:07:42.819,1.9936,1.99435,2.00,1.60
2009.01.27 17:07:44.228,1.9935,1.9942,2.00,1.00
2009.01.27 17:07:44.648,1.9935,1.9944,3.60,1.00
2009.01.27 17:07:44.888,1.9934,1.9944,2.00,1.00
2009.01.27 17:07:45.278,1.99335,1.9944,3.60,1.00
2009.01.27 17:07:45.628,1.9934,1.9943,1.60,1.00
2009.01.27 17:07:45.958,1.9933,1.99415,2.00,1.60
2009.01.27 17:07:46.298,1.9931,1.9941,1.60,1.20
2009.01.27 17:07:47.318,1.9931,1.994,2.40,1.20
2009.01.27 17:07:47.597,1.9931,1.99405,1.60,1.20
2009.01.27 17:07:47.837,1.9933,1.99405,1.60,1.20
2009.01.27 17:07:48.008,1.9932,1.99425,2.00,9.60
2009.01.27 17:07:48.408,1.99315,1.99435,1.60,1.00
2009.01.27 17:07:49.157,1.9933,1.99445,1.60,2.60
2009.01.27 17:07:49.517,1.9934,1.9946,2.00,1.00
2009.01.27 17:07:49.967,1.9934,1.99435,2.00,1.00
2009.01.27 17:07:50.757,1.9933,1.99445,2.00,1.00
2009.01.27 17:07:51.117,1.9932,1.99445,2.00,1.20
2009.01.27 17:07:51.396,1.9932,1.9943,2.00,1.00
2009.01.27 17:07:51.697,1.9933,1.9943,1.00,1.00
2009.01.27 17:07:51.866,1.99335,1.9944,1.60,1.00
2009.01.27 17:07:52.196,1.99325,1.9942,2.00,1.00
2009.01.27 17:07:52.546,1.99335,1.99435,2.00,1.00
2009.01.27 17:07:53.966,1.99325,1.99435,2.00,1.00
2009.01.27 17:07:54.666,1.9933,1.99435,2.00,1.00
2009.01.27 17:07:55.106,1.99335,1.99435,2.00,1.00
2009.01.27 17:07:55.446,1.99345,1.9944,2.00,1.00
2009.01.27 17:07:56.106,1.9935,1.99455,5.20,1.00
2009.01.27 17:07:56.465,1.99355,1.99455,2.00,1.00
2009.01.27 17:07:56.865,1.9935,1.99455,5.20,1.00
2009.01.27 17:07:57.245,1.9935,1.9945,3.60,1.00
2009.01.27 17:07:57.365,1.9935,1.9945,2.00,1.00
2009.01.27 17:07:59.665,1.9935,1.9944,2.00,1.00
2009.01.27 17:07:59.834,1.99345,1.9944,2.00,1.00
2009.01.27 17:08:00.445,1.99345,1.9945,2.00,1.00
2009.01.27 17:08:01.034,1.9936,1.99455,2.00,1.00
2009.01.27 17:08:02.184,1.9936,1.9944,2.00,1.00
2009.01.27 17:08:02.634,1.99345,1.9944,2.00,1.00
2009.01.27 17:08:02.974,1.99345,1.9945,2.00,1.00
2009.01.27 17:08:03.323,1.9935,1.9945,2.00,1.00
2009.01.27 17:08:05.044,1.9935,1.99465,2.00,1.00
2009.01.27 17:08:05.443,1.99355,1.99465,2.00,1.00
2009.01.27 17:08:06.193,1.9935,1.99465,2.00,1.00
2009.01.27 17:08:07.793,1.99345,1.9946,3.20,1.20
2009.01.27 17:08:07.913,1.99345,1.9946,1.60,1.20
2009.01.27 17:08:08.423,1.9935,1.99465,2.00,1.00
2009.01.27 17:08:11.092,1.99355,1.99465,2.00,1.00
2009.01.27 17:08:11.452,1.99355,1.99465,2.80,1.00
2009.01.27 17:08:11.862,1.9937,1.99465,1.60,1.00
2009.01.27 17:08:12.161,1.9937,1.99465,2.00,1.00
2009.01.27 17:08:12.332,1.99365,1.99465,2.00,1.00
2009.01.27 17:08:12.842,1.99365,1.9948,2.00,1.00
2009.01.27 17:08:13.351,1.9937,1.9948,2.00,1.00
2009.01.27 17:08:13.971,1.9938,1.99485,1.60,1.00
2009.01.27 17:08:14.331,1.9937,1.9947,2.00,1.00
2009.01.27 17:08:14.841,1.99375,1.9948,2.00,1.00
2009.01.27 17:08:15.321,1.9937,1.9948,2.00,1.00
2009.01.27 17:08:17.610,1.9938,1.99485,1.60,1.00
2009.01.27 17:08:17.730,1.9938,1.99485,3.20,1.00
2009.01.27 17:08:17.970,1.99385,1.9947,2.00,1.00
2009.01.27 17:08:18.370,1.99385,1.99465,2.00,1.00
2009.01.27 17:08:18.660,1.99365,1.99475,2.00,1.00
2009.01.27 17:08:19.240,1.9936,1.99475,2.00,1.00
2009.01.27 17:08:19.910,1.99365,1.9947,3.20,1.00
2009.01.27 17:08:20.149,1.9937,1.99465,2.00,1.00
2009.01.27 17:08:20.619,1.9936,1.9945,2.00,1.00
2009.01.27 17:08:21.290,1.9935,1.99455,5.20,1.00
2009.01.27 17:08:21.639,1.9935,1.9943,2.00,1.00
2009.01.27 17:08:21.970,1.99365,1.9946,1.60,1.60
2009.01.27 17:08:22.259,1.99355,1.99455,3.60,1.00
2009.01.27 17:08:22.609,1.99345,1.99465,1.60,1.00
2009.01.27 17:08:23.199,1.9935,1.9945,2.00,1.00
2009.01.27 17:08:23.689,1.99365,1.99485,2.00,1.00
2009.01.27 17:08:24.219,1.9936,1.99485,2.00,1.00
2009.01.27 17:08:24.389,1.99355,1.99475,2.00,1.00
2009.01.27 17:08:25.068,1.9935,1.99465,2.00,1.00
2009.01.27 17:08:27.108,1.9935,1.99475,2.00,1.20
2009.01.27 17:08:27.468,1.9937,1.99475,3.20,1.20
2009.01.27 17:08:27.798,1.9936,1.99465,2.00,1.00
2009.01.27 17:08:28.098,1.9934,1.9945,2.00,1.00
2009.01.27 17:08:28.337,1.9933,1.9945,3.60,1.00
2009.01.27 17:08:30.277,1.9934,1.9945,3.60,1.00
2009.01.27 17:08:30.667,1.9936,1.9945,1.00,1.00
2009.01.27 17:08:31.017,1.9937,1.99445,1.60,1.00
2009.01.27 17:08:31.237,1.9937,1.99485,1.60,4.00
2009.01.27 17:08:31.607,1.9937,1.99485,1.60,1.60
2009.01.27 17:08:31.787,1.9938,1.9949,2.00,1.00
2009.01.27 17:08:33.626,1.9938,1.99465,2.00,1.00
2009.01.27 17:08:34.096,1.9937,1.99465,1.60,1.00
2009.01.27 17:08:34.876,1.99365,1.9944,3.60,1.00
2009.01.27 17:08:35.446,1.9936,1.99455,1.60,1.00
2009.01.27 17:08:35.686,1.9936,1.9945,2.00,1.00
2009.01.27 17:08:36.036,1.9936,1.99445,3.60,1.00
2009.01.27 17:08:36.326,1.9937,1.99445,1.60,1.00
2009.01.27 17:08:36.716,1.9937,1.9944,1.60,1.00
2009.01.27 17:08:37.016,1.99355,1.9944,3.60,1.00
2009.01.27 17:08:37.426,1.9934,1.9944,5.20,1.00
2009.01.27 17:08:37.885,1.9934,1.9945,3.60,1.00
2009.01.27 17:08:39.055,1.9934,1.9943,3.60,1.00
2009.01.27 17:08:40.065,1.9934,1.9942,1.60,1.00
2009.01.27 17:08:45.123,1.99345,1.9943,1.60,1.00
2009.01.27 17:08:45.303,1.99355,1.9943,1.60,1.00
2009.01.27 17:08:45.743,1.99355,1.9942,1.60,1.00
2009.01.27 17:08:46.083,1.9934,1.9942,1.60,1.00
2009.01.27 17:08:47.533,1.99345,1.9943,1.60,1.00
2009.01.27 17:08:48.003,1.9935,1.9945,3.20,1.20
2009.01.27 17:08:48.403,1.99355,1.9945,1.60,1.00
2009.01.27 17:08:48.693,1.9934,1.9945,1.60,1.00
2009.01.27 17:08:49.963,1.99355,1.99465,1.60,1.20
2009.01.27 17:08:50.503,1.9936,1.99465,1.60,1.20
2009.01.27 17:08:50.622,1.9936,1.99475,1.60,1.20
2009.01.27 17:08:51.673,1.99355,1.99455,1.60,1.00
2009.01.27 17:08:52.812,1.9934,1.9944,1.60,1.00
2009.01.27 17:08:57.501,1.99345,1.9945,1.60,1.20
2009.01.27 17:08:57.901,1.99345,1.99465,1.60,1.20
2009.01.27 17:08:58.020,1.99345,1.9946,1.60,1.20
2009.01.27 17:09:00.360,1.99355,1.99465,1.60,1.00
2009.01.27 17:09:01.040,1.99355,1.9946,1.60,1.20
2009.01.27 17:09:01.269,1.99335,1.9946,3.60,1.20
2009.01.27 17:09:01.430,1.99335,1.9944,3.20,1.00
2009.01.27 17:09:02.290,1.99335,1.9944,1.60,1.00
2009.01.27 17:09:02.619,1.99355,1.99435,1.60,1.20
2009.01.27 17:09:03.029,1.9934,1.99435,1.60,1.20
2009.01.27 17:09:03.209,1.9934,1.99425,1.60,1.20
2009.01.27 17:09:03.609,1.9934,1.99435,1.60,2.60
2009.01.27 17:09:03.839,1.9934,1.99435,1.60,1.20
2009.01.27 17:09:12.637,1.9931,1.99405,1.60,1.20
2009.01.27 17:09:13.037,1.99295,1.994,1.60,1.00
2009.01.27 17:09:13.277,1.99295,1.99395,1.60,1.20
2009.01.27 17:09:13.727,1.9931,1.99395,1.60,1.20
2009.01.27 17:09:13.967,1.99295,1.99395,1.60,1.20
2009.01.27 17:09:14.696,1.9931,1.99395,1.60,1.20
2009.01.27 17:09:15.086,1.9927,1.9938,1.60,1.00
2009.01.27 17:09:15.616,1.9927,1.99365,1.60,1.00
2009.01.27 17:09:15.796,1.99235,1.99355,6.80,1.00
2009.01.27 17:09:16.316,1.99235,1.99365,2.00,1.20
2009.01.27 17:09:16.667,1.99225,1.9936,5.20,1.20
2009.01.27 17:09:17.076,1.9923,1.99355,2.00,1.20
2009.01.27 17:09:17.656,1.99215,1.9934,5.20,1.20
2009.01.27 17:09:18.106,1.9923,1.99355,2.00,10.60
2009.01.27 17:09:18.505,1.99215,1.99335,3.20,1.20
2009.01.27 17:09:19.375,1.99215,1.9934,5.20,1.20
2009.01.27 17:09:19.656,1.992,1.99325,2.00,1.20
2009.01.27 17:09:20.405,1.99235,1.99385,1.60,1.20
2009.01.27 17:09:21.005,1.9924,1.99385,1.60,1.20
2009.01.27 17:09:21.295,1.9924,1.99395,3.60,1.20
2009.01.27 17:09:21.585,1.99265,1.9938,1.60,1.20
2009.01.27 17:09:21.975,1.99265,1.99385,1.60,1.20
2009.01.27 17:09:22.265,1.9927,1.99385,1.60,1.20
2009.01.27 17:09:22.615,1.9927,1.99395,3.60,1.20
2009.01.27 17:09:24.294,1.9927,1.9939,3.60,1.00
2009.01.27 17:09:25.034,1.99265,1.99385,3.60,1.20
2009.01.27 17:09:25.394,1.99265,1.99385,3.60,1.00
2009.01.27 17:09:25.904,1.99265,1.99375,3.60,1.00
2009.01.27 17:09:26.314,1.99265,1.99375,1.60,1.00
2009.01.27 17:09:28.323,1.99265,1.99375,1.60,1.20
2009.01.27 17:09:28.443,1.99255,1.9936,2.00,1.00
2009.01.27 17:09:29.193,1.9925,1.99365,1.60,1.20
2009.01.27 17:09:29.413,1.99265,1.99375,1.60,1.20
2009.01.27 17:09:32.362,1.99265,1.99375,1.60,1.00
2009.01.27 17:09:34.342,1.99265,1.9937,1.60,1.00
2009.01.27 17:09:36.961,1.9928,1.99375,1.60,1.00
2009.01.27 17:09:37.131,1.99255,1.9937,1.60,1.00
2009.01.27 17:09:37.941,1.99245,1.99365,1.60,1.00
2009.01.27 17:09:38.331,1.99265,1.9937,1.60,1.00
2009.01.27 17:09:39.001,1.99255,1.99365,3.60,1.00
2009.01.27 17:09:39.521,1.99265,1.9937,1.60,1.00
2009.01.27 17:09:41.660,1.99265,1.9938,1.60,1.20
2009.01.27 17:09:42.060,1.99265,1.99385,1.60,1.20
2009.01.27 17:09:42.400,1.9927,1.99385,1.60,1.20
2009.01.27 17:09:42.700,1.9927,1.99395,2.00,1.20
2009.01.27 17:09:42.820,1.9928,1.99395,1.60,1.20
2009.01.27 17:09:43.270,1.9928,1.994,1.60,1.20
2009.01.27 17:09:44.949,1.99295,1.994,1.60,1.20
2009.01.27 17:09:45.449,1.99295,1.99405,1.60,1.20
2009.01.27 17:09:46.819,1.99295,1.99415,1.60,1.20
2009.01.27 17:09:47.509,1.9931,1.99415,1.60,1.20
2009.01.27 17:09:47.798,1.9931,1.99415,1.60,1.00
2009.01.27 17:09:52.287,1.9931,1.99415,3.60,1.00
2009.01.27 17:09:57.456,1.99315,1.99425,1.60,1.00
2009.01.27 17:09:58.196,1.99315,1.99425,3.60,1.00
2009.01.27 17:09:58.606,1.99325,1.99445,1.60,1.20
2009.01.27 17:09:58.956,1.9934,1.9945,1.60,1.20
2009.01.27 17:09:59.346,1.9934,1.9946,1.60,1.20
2009.01.27 17:09:59.806,1.9934,1.9946,3.60,1.00
2009.01.27 17:10:00.525,1.9934,1.9946,2.00,1.00
2009.01.27 17:10:00.815,1.9934,1.9946,3.60,1.00
2009.01.27 17:10:01.835,1.99345,1.9946,2.00,1.00
2009.01.27 17:10:02.815,1.9934,1.9946,3.60,1.00
2009.01.27 17:10:03.924,1.9934,1.9946,1.60,1.20
2009.01.27 17:10:04.284,1.9935,1.9946,1.00,1.20
2009.01.27 17:10:04.495,1.9936,1.99465,1.60,1.20
2009.01.27 17:10:04.795,1.9936,1.9947,1.60,1.60
2009.01.27 17:10:04.964,1.9934,1.9946,3.60,1.00
2009.01.27 17:10:05.264,1.9934,1.99445,3.60,1.00
2009.01.27 17:10:05.484,1.9934,1.99445,1.60,1.00
2009.01.27 17:10:06.424,1.99325,1.99445,3.60,1.00
2009.01.27 17:10:14.322,1.99325,1.9943,3.60,1.00
2009.01.27 17:10:14.672,1.99315,1.99425,3.60,1.00
2009.01.27 17:10:15.542,1.99315,1.99425,1.60,1.00
2009.01.27 17:10:17.731,1.9931,1.9942,3.60,1.00
2009.01.27 17:10:18.571,1.9931,1.9941,2.00,1.00
2009.01.27 17:10:18.971,1.99305,1.99425,1.60,1.20
2009.01.27 17:10:19.321,1.993,1.9942,2.00,1.00
2009.01.27 17:10:25.179,1.99315,1.99435,1.60,1.00
2009.01.27 17:10:25.639,1.99325,1.9944,1.60,1.40
2009.01.27 17:10:25.979,1.99325,1.9944,1.60,1.00
2009.01.27 17:10:39.396,1.99325,1.99435,1.60,1.00
2009.01.27 17:10:40.666,1.9934,1.99445,1.60,1.20
2009.01.27 17:10:41.345,1.99335,1.9943,3.60,1.00
2009.01.27 17:10:41.736,1.99335,1.9943,1.60,1.00
2009.01.27 17:10:43.475,1.99345,1.9943,1.60,1.00
2009.01.27 17:10:44.225,1.99355,1.99435,1.60,1.00
2009.01.27 17:10:45.054,1.9935,1.99435,1.60,1.00
2009.01.27 17:10:47.414,1.9936,1.9944,1.60,1.00
2009.01.27 17:10:47.534,1.99365,1.9945,1.60,1.00
2009.01.27 17:10:48.154,1.99375,1.99455,1.60,1.00
2009.01.27 17:10:48.324,1.9938,1.99465,1.60,1.00
2009.01.27 17:10:49.764,1.99365,1.9945,5.20,1.40
2009.01.27 17:10:50.053,1.99365,1.9943,2.00,1.00
2009.01.27 17:10:50.343,1.9929,1.9943,2.00,1.20
2009.01.27 17:10:51.213,1.9929,1.9942,2.00,1.00
2009.01.27 17:10:51.793,1.993,1.9942,2.00,1.20
2009.01.27 17:10:52.143,1.99285,1.9941,3.60,1.20
2009.01.27 17:10:52.493,1.9929,1.99405,2.00,1.00
2009.01.27 17:10:53.003,1.99285,1.99405,2.00,1.00
2009.01.27 17:10:53.522,1.9928,1.9939,2.00,1.00
2009.01.27 17:10:53.932,1.9927,1.9939,2.00,1.00
2009.01.27 17:10:55.712,1.9927,1.99385,2.00,1.00
2009.01.27 17:10:56.062,1.99265,1.99385,2.00,1.20
2009.01.27 17:11:00.851,1.99265,1.99385,2.00,1.20
2009.01.27 17:11:01.321,1.9927,1.9939,2.00,1.00
2009.01.27 17:11:02.120,1.9927,1.99395,3.60,1.20
2009.01.27 17:11:02.510,1.99275,1.994,2.00,1.20
2009.01.27 17:11:02.690,1.9928,1.994,2.00,1.00
2009.01.27 17:11:08.150,1.99295,1.99415,2.00,1.00
2009.01.27 17:11:08.559,1.99295,1.9942,2.00,1.20
2009.01.27 17:11:08.919,1.993,1.9942,2.00,1.20
2009.01.27 17:11:09.439,1.9929,1.99405,1.60,1.00
2009.01.27 17:11:12.438,1.9928,1.9939,3.60,1.00
2009.01.27 17:11:13.298,1.9929,1.99395,1.60,1.00
2009.01.27 17:11:18.967,1.99285,1.9939,2.00,1.00
2009.01.27 17:11:19.316,1.99285,1.9938,2.00,1.00
2009.01.27 17:11:19.536,1.9928,1.9938,2.00,1.00
2009.01.27 17:11:23.575,1.9928,1.9939,3.60,1.00
2009.01.27 17:11:23.925,1.99285,1.9939,2.00,1.00
2009.01.27 17:11:23.976,1.9929,1.9939,2.00,1.00
2009.01.27 17:11:24.316,1.9929,1.99395,3.60,1.00
2009.01.27 17:11:24.545,1.99295,1.99395,2.00,1.00
2009.01.27 17:11:24.945,1.993,1.99405,2.00,1.00
2009.01.27 17:11:25.565,1.99305,1.9941,3.60,1.00
2009.01.27 17:11:25.865,1.9931,1.9941,2.00,1.00
2009.01.27 17:11:26.225,1.9931,1.99395,2.00,1.00
2009.01.27 17:11:26.635,1.993,1.99395,1.60,1.00
2009.01.27 17:11:27.034,1.99315,1.9941,1.60,1.00
2009.01.27 17:11:27.444,1.99315,1.99405,2.00,1.00
2009.01.27 17:11:27.864,1.99305,1.9941,4.60,1.00
2009.01.27 17:11:28.044,1.99315,1.99405,2.00,1.00
2009.01.27 17:11:28.264,1.9931,1.99405,2.00,1.00
2009.01.27 17:11:28.444,1.9931,1.99405,3.40,1.00
2009.01.27 17:11:29.244,1.9931,1.99405,3.60,1.00
2009.01.27 17:11:30.644,1.993,1.99385,1.60,1.00
2009.01.27 17:11:31.043,1.993,1.9943,1.60,1.20
2009.01.27 17:11:31.273,1.99315,1.9944,2.00,1.00
2009.01.27 17:11:32.253,1.9932,1.9944,2.00,1.00
2009.01.27 17:11:35.003,1.99305,1.9941,5.20,1.00
2009.01.27 17:11:35.233,1.99305,1.99405,2.00,1.00
2009.01.27 17:11:35.522,1.99305,1.994,2.00,1.00
2009.01.27 17:11:35.992,1.99295,1.994,2.00,1.00
2009.01.27 17:11:39.281,1.99305,1.9941,1.60,1.00
2009.01.27 17:11:40.201,1.9931,1.9941,2.00,1.00
2009.01.27 17:11:41.051,1.9931,1.99395,2.00,1.00
2009.01.27 17:11:41.321,1.993,1.99395,1.60,1.00
2009.01.27 17:11:42.231,1.99295,1.99375,5.20,1.00
2009.01.27 17:11:42.571,1.99295,1.99415,1.60,1.00
2009.01.27 17:11:42.871,1.993,1.99415,2.00,1.00
2009.01.27 17:11:50.159,1.993,1.99385,2.00,1.00
2009.01.27 17:11:50.519,1.99295,1.99385,1.60,1.00
2009.01.27 17:12:02.486,1.99325,1.9941,1.60,1.00
2009.01.27 17:12:02.776,1.99315,1.99405,2.00,1.00
2009.01.27 17:12:03.406,1.9931,1.99405,3.60,1.00
2009.01.27 17:12:03.636,1.9931,1.99405,1.60,1.00
2009.01.27 17:12:06.995,1.99305,1.994,3.60,1.00
2009.01.27 17:12:07.175,1.99265,1.994,2.00,1.20
2009.01.27 17:12:07.395,1.99265,1.9938,2.00,1.00
2009.01.27 17:12:07.575,1.99255,1.9938,9.60,1.00
2009.01.27 17:12:07.694,1.9924,1.9938,2.00,1.00
2009.01.27 17:12:11.164,1.99265,1.9937,2.00,1.00
2009.01.27 17:12:14.633,1.9925,1.9937,3.60,1.00
2009.01.27 17:12:14.813,1.9925,1.9937,2.00,1.00
2009.01.27 17:12:18.962,1.9925,1.99375,2.00,1.20
2009.01.27 17:12:19.442,1.99255,1.9938,2.00,1.20
2009.01.27 17:12:21.641,1.99255,1.9938,2.00,1.20
2009.01.27 17:12:23.521,1.99255,1.9937,2.00,1.40
2009.01.27 17:12:23.681,1.9924,1.99355,2.00,1.00
2009.01.27 17:12:24.271,1.99245,1.99355,2.00,1.00
2009.01.27 17:12:25.321,1.9924,1.99355,2.00,1.00
2009.01.27 17:12:26.970,1.99255,1.99355,2.00,1.00
2009.01.27 17:12:27.140,1.9927,1.99355,1.00,1.00
2009.01.27 17:12:27.200,1.9929,1.9936,1.60,1.00
2009.01.27 17:12:27.870,1.9929,1.9938,1.60,1.40
2009.01.27 17:12:27.989,1.9929,1.9939,1.60,1.00
2009.01.27 17:12:31.439,1.9929,1.99375,1.60,1.00
2009.01.27 17:12:31.669,1.99295,1.99375,2.00,1.00
2009.01.27 17:12:32.009,1.9929,1.99375,3.60,1.00
2009.01.27 17:12:32.129,1.9929,1.99375,1.60,1.00
2009.01.27 17:12:35.868,1.99295,1.99415,1.60,1.20
2009.01.27 17:12:36.168,1.99285,1.9939,2.00,1.00
2009.01.27 17:12:36.468,1.9928,1.99385,2.00,1.00
2009.01.27 17:12:37.178,1.99285,1.99385,2.00,1.00
2009.01.27 17:12:37.877,1.99275,1.99365,2.00,1.00
2009.01.27 17:12:38.397,1.99235,1.99355,2.00,1.00
2009.01.27 17:12:38.677,1.99175,1.99295,1.60,1.60
2009.01.27 17:12:38.907,1.99235,1.99345,1.60,1.00
2009.01.27 17:12:39.207,1.99235,1.99355,1.60,1.20
2009.01.27 17:12:39.667,1.9924,1.99375,2.00,1.00
2009.01.27 17:12:39.907,1.9925,1.9939,2.00,1.00
2009.01.27 17:12:40.747,1.99285,1.99385,1.00,1.20
2009.01.27 17:12:41.146,1.99285,1.99365,1.60,1.00
2009.01.27 17:12:41.496,1.9928,1.99365,2.00,1.00
2009.01.27 17:12:41.726,1.99265,1.99365,2.00,1.00
2009.01.27 17:12:42.006,1.9927,1.9935,2.00,1.00
2009.01.27 17:12:42.416,1.99255,1.9936,2.00,1.00
2009.01.27 17:12:42.996,1.9926,1.9936,3.60,1.00
2009.01.27 17:12:43.386,1.99275,1.9936,1.60,1.00
2009.01.27 17:12:45.935,1.9927,1.99355,1.60,1.00
2009.01.27 17:12:46.565,1.99275,1.9936,1.60,1.00
2009.01.27 17:12:47.325,1.9927,1.99355,1.60,1.00
2009.01.27 17:12:49.495,1.99255,1.9934,2.00,1.00
2009.01.27 17:12:49.734,1.99255,1.9936,1.60,1.00
2009.01.27 17:13:02.012,1.99255,1.9934,1.60,1.00
2009.01.27 17:13:05.621,1.9926,1.99345,1.60,1.00
2009.01.27 17:13:06.040,1.9929,1.99385,1.60,1.20
2009.01.27 17:13:06.481,1.9929,1.994,1.60,1.00
2009.01.27 17:13:07.360,1.99315,1.9941,1.60,1.00
2009.01.27 17:13:07.670,1.9932,1.99425,1.60,1.00
2009.01.27 17:13:08.970,1.9932,1.9942,1.60,1.40
2009.01.27 17:13:09.560,1.99315,1.994,3.60,1.00
2009.01.27 17:13:09.800,1.99315,1.994,1.60,1.00
2009.01.27 17:13:10.030,1.99305,1.9939,1.60,1.00
2009.01.27 17:13:12.179,1.993,1.99385,1.60,1.00
2009.01.27 17:13:13.899,1.99305,1.9939,1.60,1.00
2009.01.27 17:13:17.328,1.99325,1.99405,1.60,1.00
2009.01.27 17:13:19.307,1.9931,1.99405,2.00,1.00
2009.01.27 17:13:19.607,1.99295,1.99405,3.60,1.00
2009.01.27 17:13:22.077,1.99315,1.99405,1.60,1.00
2009.01.27 17:13:24.577,1.9931,1.99405,2.00,1.00
2009.01.27 17:13:24.796,1.99295,1.99405,3.60,1.00
2009.01.27 17:13:27.855,1.99295,1.9939,2.00,1.00
2009.01.27 17:13:28.205,1.9929,1.9939,2.00,1.00
2009.01.27 17:13:28.555,1.9929,1.99395,3.60,1.00
2009.01.27 17:13:28.965,1.9929,1.99395,1.60,1.00
2009.01.27 17:13:29.995,1.9929,1.99395,3.60,1.00
2009.01.27 17:13:31.234,1.9931,1.99395,1.00,1.00
2009.01.27 17:13:31.504,1.9932,1.99395,3.60,1.00
2009.01.27 17:13:35.343,1.99315,1.99395,1.60,1.00
2009.01.27 17:13:35.573,1.9928,1.99395,3.60,1.00
2009.01.27 17:13:36.163,1.99275,1.9939,2.00,1.00
2009.01.27 17:13:36.563,1.9927,1.9939,3.60,1.00
2009.01.27 17:13:40.463,1.9929,1.99395,1.60,1.00
2009.01.27 17:13:51.529,1.99275,1.9938,3.60,1.00
2009.01.27 17:13:52.039,1.9929,1.9939,2.00,1.00
2009.01.27 17:13:52.689,1.9929,1.9939,2.00,1.40
2009.01.27 17:13:53.039,1.9928,1.99375,2.00,1.00
2009.01.27 17:13:53.899,1.9928,1.9938,2.00,1.00
2009.01.27 17:13:54.079,1.9928,1.9939,2.00,1.00
2009.01.27 17:13:54.589,1.99285,1.9939,2.00,1.00
2009.01.27 17:13:55.279,1.9929,1.9939,2.00,1.00
2009.01.27 17:13:59.847,1.99325,1.9939,1.60,1.00
2009.01.27 17:14:00.247,1.99325,1.9943,1.60,1.20
2009.01.27 17:14:00.767,1.9934,1.99435,2.00,1.00
2009.01.27 17:14:01.267,1.99325,1.99425,2.00,1.00
2009.01.27 17:14:04.766,1.9932,1.99425,1.60,1.00
2009.01.27 17:14:09.345,1.99305,1.99425,3.60,1.00
2009.01.27 17:14:09.515,1.99305,1.99425,1.60,1.20
2009.01.27 17:14:09.795,1.99305,1.99425,3.60,1.00
2009.01.27 17:14:10.025,1.99305,1.99425,1.60,1.20
2009.01.27 17:14:10.315,1.99305,1.99425,3.60,1.00
2009.01.27 17:14:15.414,1.99305,1.99395,2.00,1.00
2009.01.27 17:14:15.704,1.993,1.99405,2.00,1.00
2009.01.27 17:14:15.934,1.9929,1.994,1.60,1.20
2009.01.27 17:14:16.413,1.9929,1.9941,1.60,1.00
2009.01.27 17:14:18.663,1.99285,1.9939,2.00,1.00
2009.01.27 17:14:19.203,1.9928,1.994,1.60,1.20
2009.01.27 17:14:19.323,1.9929,1.994,1.60,1.20
2009.01.27 17:14:19.563,1.9929,1.994,9.60,1.20
2009.01.27 17:14:19.673,1.993,1.99435,2.00,10.60
2009.01.27 17:14:19.953,1.9929,1.99425,2.00,1.20
2009.01.27 17:14:20.363,1.99295,1.9943,2.00,1.20
2009.01.27 17:14:22.742,1.9929,1.99415,2.00,1.20
2009.01.27 17:14:23.132,1.9929,1.9941,2.00,1.00
2009.01.27 17:14:23.252,1.99285,1.9941,2.00,1.20
2009.01.27 17:14:23.552,1.9928,1.994,2.00,1.00
2009.01.27 17:14:23.902,1.99285,1.994,2.00,1.00
2009.01.27 17:14:24.312,1.9927,1.99395,2.00,1.20
2009.01.27 17:14:24.761,1.9928,1.99385,2.00,1.00
2009.01.27 17:14:25.291,1.99245,1.99375,2.00,1.20
2009.01.27 17:14:25.821,1.99235,1.9937,2.00,1.20
2009.01.27 17:14:26.231,1.9923,1.99365,2.00,1.20
2009.01.27 17:14:26.571,1.9923,1.99355,2.00,1.20
2009.01.27 17:14:27.431,1.99225,1.99345,2.00,1.20
2009.01.27 17:14:27.851,1.9921,1.9933,1.00,1.20
2009.01.27 17:14:28.201,1.9922,1.99325,1.60,1.00
2009.01.27 17:14:29.291,1.99215,1.99315,3.60,1.00
2009.01.27 17:14:29.770,1.99225,1.9936,2.00,10.60
2009.01.27 17:14:30.101,1.99225,1.99355,2.00,1.20
2009.01.27 17:14:30.450,1.9922,1.99355,2.00,1.20
2009.01.27 17:14:31.520,1.99215,1.9934,2.00,1.20
2009.01.27 17:14:31.920,1.9922,1.9934,2.00,1.20
2009.01.27 17:14:32.420,1.9922,1.9934,3.60,1.20
2009.01.27 17:14:33.229,1.99225,1.9935,2.00,1.20
2009.01.27 17:14:33.629,1.9923,1.99355,2.00,1.20
2009.01.27 17:14:33.979,1.9923,1.99355,3.60,1.20
2009.01.27 17:14:34.439,1.9924,1.99365,2.00,1.20
2009.01.27 17:14:35.379,1.9923,1.99355,3.60,1.20
2009.01.27 17:14:35.729,1.99245,1.99375,2.00,1.20
2009.01.27 17:14:35.909,1.9924,1.99375,2.00,1.20
2009.01.27 17:14:36.259,1.9924,1.99375,2.00,1.20
2009.01.27 17:14:36.779,1.99245,1.9937,2.00,1.20
2009.01.27 17:14:37.218,1.99255,1.99375,2.00,1.20
2009.01.27 17:14:37.918,1.99255,1.99375,2.00,1.00
2009.01.27 17:14:39.138,1.99255,1.99375,2.00,1.20
2009.01.27 17:14:39.298,1.99255,1.99375,2.00,1.00
2009.01.27 17:14:41.357,1.9924,1.99355,2.00,1.00
2009.01.27 17:14:41.837,1.99235,1.9936,3.60,1.20
2009.01.27 17:14:42.077,1.9925,1.9937,2.00,1.00
2009.01.27 17:14:42.517,1.9925,1.9936,2.00,1.00
2009.01.27 17:14:42.757,1.9924,1.9936,2.00,1.00
2009.01.27 17:14:43.497,1.9924,1.99365,2.00,1.20
2009.01.27 17:14:44.087,1.99255,1.99375,2.00,1.20
2009.01.27 17:14:47.926,1.9926,1.99375,1.60,1.20
2009.01.27 17:14:48.096,1.9927,1.9939,2.00,9.60
2009.01.27 17:14:48.216,1.9927,1.9939,2.00,1.00
2009.01.27 17:14:50.115,1.9928,1.9939,2.40,1.00
2009.01.27 17:14:50.345,1.99295,1.99395,1.60,1.20
2009.01.27 17:14:50.745,1.9931,1.9941,2.00,9.60
2009.01.27 17:14:51.035,1.9931,1.9943,2.00,1.00
2009.01.27 17:14:51.495,1.99305,1.99425,2.00,1.00
2009.01.27 17:14:51.945,1.993,1.9942,2.00,1.00
2009.01.27 17:14:52.345,1.9929,1.99415,2.00,1.20
2009.01.27 17:14:55.804,1.9929,1.99415,3.60,1.20
2009.01.27 17:14:56.154,1.993,1.99425,2.00,4.20
2009.01.27 17:14:57.414,1.993,1.99425,2.00,5.60
2009.01.27 17:14:57.884,1.993,1.9942,1.60,4.00
2009.01.27 17:14:58.304,1.99305,1.99425,2.00,4.20
2009.01.27 17:15:00.263,1.99305,1.99425,2.00,4.20
2009.01.27 17:15:00.733,1.99295,1.9942,2.00,1.20
2009.01.27 17:15:01.073,1.99285,1.9941,3.60,1.20
2009.01.27 17:15:01.253,1.99295,1.99415,2.00,1.00
2009.01.27 17:15:02.272,1.99295,1.99415,2.00,3.20
2009.01.27 17:15:02.622,1.99295,1.99405,2.00,3.20
2009.01.27 17:15:03.192,1.99295,1.99415,2.00,3.20
2009.01.27 17:15:07.321,1.99295,1.99415,2.00,1.00
2009.01.27 17:15:07.661,1.99295,1.99415,2.00,3.20
2009.01.27 17:15:10.301,1.99315,1.9943,2.00,1.00
2009.01.27 17:15:10.630,1.9933,1.9944,2.00,1.00
2009.01.27 17:15:11.090,1.9933,1.99445,2.00,1.00
2009.01.27 17:15:11.840,1.99335,1.99445,2.00,1.00
2009.01.27 17:15:12.070,1.9934,1.99445,2.00,1.00
2009.01.27 17:15:13.220,1.9934,1.99455,2.00,1.00
2009.01.27 17:15:13.570,1.9933,1.99455,2.00,1.20
2009.01.27 17:15:13.740,1.9933,1.99455,2.00,4.20
2009.01.27 17:15:14.819,1.9933,1.99455,2.00,1.20
2009.01.27 17:15:17.769,1.9933,1.99455,2.00,4.20
2009.01.27 17:15:18.699,1.9933,1.99445,2.00,1.00
2009.01.27 17:15:19.038,1.9932,1.99445,2.00,1.20
2009.01.27 17:15:19.318,1.9932,1.99435,2.00,1.00
2009.01.27 17:15:19.489,1.9931,1.9943,2.00,1.20
2009.01.27 17:15:19.718,1.9931,1.99435,2.00,1.20
2009.01.27 17:15:21.269,1.9931,1.99435,2.00,1.20
2009.01.27 17:15:21.438,1.99315,1.9944,2.00,1.20
2009.01.27 17:15:26.896,1.99315,1.9943,2.00,1.00
2009.01.27 17:15:27.136,1.9931,1.99435,2.00,1.20
2009.01.27 17:15:27.496,1.993,1.99425,2.00,1.20
2009.01.27 17:15:30.736,1.9931,1.9943,2.00,1.20
2009.01.27 17:15:30.975,1.9932,1.99435,2.00,1.20
2009.01.27 17:15:31.945,1.9931,1.9943,2.00,1.20
2009.01.27 17:15:34.225,1.9932,1.99435,2.00,1.20
2009.01.27 17:15:34.844,1.9932,1.99435,2.00,1.00
2009.01.27 17:15:35.234,1.9933,1.99435,2.00,1.00
2009.01.27 17:15:35.524,1.9933,1.9944,2.00,1.00
2009.01.27 17:15:35.804,1.99325,1.9944,2.00,1.00
2009.01.27 17:15:36.084,1.9933,1.9944,2.00,1.00
2009.01.27 17:15:36.364,1.9933,1.99415,2.00,1.40
2009.01.27 17:15:36.884,1.9929,1.994,11.60,1.00
2009.01.27 17:15:36.944,1.9929,1.994,3.60,1.00
2009.01.27 17:15:40.203,1.993,1.99385,1.60,1.00
2009.01.27 17:15:45.212,1.99305,1.9942,1.60,1.20
2009.01.27 17:15:45.452,1.9931,1.99435,2.00,1.60
2009.01.27 17:15:45.552,1.9931,1.99445,2.00,1.20
2009.01.27 17:15:45.612,1.99315,1.9945,2.00,1.20
2009.01.27 17:15:49.991,1.99315,1.99375,2.00,1.00
2009.01.27 17:15:50.111,1.99295,1.99375,1.60,1.00
2009.01.27 17:15:50.281,1.99305,1.9939,1.60,1.40
2009.01.27 17:15:50.461,1.99315,1.9943,2.00,9.60
2009.01.27 17:15:50.911,1.99325,1.9939,1.60,1.00
2009.01.27 17:15:51.480,1.99305,1.9939,1.60,1.00
2009.01.27 17:15:55.840,1.993,1.99385,1.60,1.00
2009.01.27 17:15:56.140,1.9929,1.99385,1.60,1.00
2009.01.27 17:15:57.989,1.9929,1.99385,1.60,1.20
2009.01.27 17:15:58.109,1.9929,1.99385,1.60,1.00
2009.01.27 17:15:59.269,1.99285,1.9937,1.60,1.00
2009.01.27 17:16:04.557,1.99275,1.9936,1.60,1.00
2009.01.27 17:16:07.467,1.9926,1.99345,1.60,1.00
2009.01.27 17:16:07.817,1.99245,1.99325,3.60,1.00
2009.01.27 17:16:08.107,1.992,1.9932,3.60,1.00
2009.01.27 17:16:08.407,1.992,1.9932,3.60,1.40
2009.01.27 17:16:08.746,1.99185,1.99305,1.60,1.20
2009.01.27 17:16:09.276,1.9918,1.9929,1.60,1.00
2009.01.27 17:16:09.836,1.9918,1.99275,1.60,1.00
2009.01.27 17:16:10.656,1.99195,1.99275,1.60,1.00
2009.01.27 17:16:11.046,1.99195,1.9929,1.60,1.00
2009.01.27 17:16:12.706,1.99195,1.99305,1.60,2.60
2009.01.27 17:16:12.765,1.99195,1.99305,1.60,1.20
2009.01.27 17:16:15.145,1.9921,1.99305,1.60,1.20
2009.01.27 17:16:15.585,1.9921,1.99305,1.60,1.00
2009.01.27 17:16:15.984,1.99225,1.9932,1.60,1.20
2009.01.27 17:16:16.324,1.99225,1.9932,1.60,1.00
2009.01.27 17:16:16.714,1.9921,1.9932,1.60,1.00
2009.01.27 17:16:16.994,1.9921,1.9932,1.60,1.20
2009.01.27 17:16:17.334,1.99225,1.9933,1.60,1.20
2009.01.27 17:16:18.254,1.99225,1.99335,1.60,1.20
2009.01.27 17:16:18.584,1.9924,1.9934,1.60,1.20
2009.01.27 17:16:18.984,1.9923,1.9934,1.60,1.20
2009.01.27 17:16:19.274,1.99225,1.99335,1.60,1.00
2009.01.27 17:16:19.744,1.9924,1.9935,1.60,1.20
2009.01.27 17:16:20.823,1.99255,1.9935,1.60,1.20
2009.01.27 17:16:21.035,1.99255,1.9935,1.60,1.00
2009.01.27 17:16:22.403,1.99275,1.99355,1.60,1.20
2009.01.27 17:16:22.693,1.99295,1.99365,1.60,1.00
2009.01.27 17:16:23.043,1.99285,1.99365,1.60,1.00
2009.01.27 17:16:23.223,1.99275,1.99365,1.60,1.00
2009.01.27 17:16:23.783,1.9927,1.99365,1.60,1.00
2009.01.27 17:16:25.412,1.9927,1.99365,3.60,1.00
2009.01.27 17:16:26.042,1.99275,1.99365,1.60,1.00
2009.01.27 17:16:26.322,1.99285,1.9937,1.60,1.20
2009.01.27 17:16:26.732,1.99285,1.9937,1.60,1.00
2009.01.27 17:16:29.211,1.99275,1.9936,1.60,1.00
2009.01.27 17:16:29.731,1.99285,1.9937,1.60,1.00
2009.01.27 17:16:30.771,1.9929,1.99375,1.60,1.00
2009.01.27 17:16:31.431,1.993,1.99385,1.60,1.00
2009.01.27 17:16:34.310,1.993,1.99385,1.60,4.00
2009.01.27 17:16:34.590,1.993,1.99385,1.60,1.20
2009.01.27 17:16:34.650,1.993,1.99385,1.60,1.00
2009.01.27 17:16:35.000,1.9929,1.99385,1.60,1.00
2009.01.27 17:16:35.290,1.9929,1.9938,1.60,1.00
2009.01.27 17:16:36.400,1.9928,1.9937,1.60,1.00
2009.01.27 17:16:51.206,1.99275,1.99365,1.60,1.00
2009.01.27 17:16:51.966,1.993,1.99375,1.60,1.00
2009.01.27 17:16:52.286,1.99275,1.9937,1.60,1.00
2009.01.27 17:16:52.696,1.9927,1.9937,1.60,1.00
2009.01.27 17:16:54.655,1.993,1.9938,1.60,1.20
2009.01.27 17:16:54.975,1.99315,1.99425,1.60,2.60
2009.01.27 17:16:55.205,1.99325,1.99425,1.60,1.20
2009.01.27 17:16:55.555,1.99325,1.99435,1.60,1.00
2009.01.27 17:16:55.945,1.9934,1.9944,1.60,1.20
2009.01.27 17:16:56.595,1.9934,1.9943,1.60,1.00
2009.01.27 17:16:58.594,1.99335,1.99425,1.60,1.00
2009.01.27 17:16:59.584,1.99325,1.9942,1.60,1.00
2009.01.27 17:17:00.024,1.9932,1.9941,1.60,1.00
2009.01.27 17:17:00.604,1.99325,1.99415,1.60,1.00
2009.01.27 17:17:00.994,1.9932,1.9941,1.60,1.00
2009.01.27 17:17:01.394,1.99305,1.99395,3.20,1.00
2009.01.27 17:17:01.743,1.9931,1.99405,1.60,1.00
2009.01.27 17:17:03.444,1.99295,1.994,1.60,1.00
2009.01.27 17:17:03.563,1.99295,1.994,1.60,1.20
2009.01.27 17:17:04.073,1.99295,1.994,1.60,1.00
2009.01.27 17:17:09.042,1.9928,1.9938,3.60,1.00
2009.01.27 17:17:09.272,1.99295,1.99395,1.60,1.20
2009.01.27 17:17:10.062,1.99295,1.9939,1.60,1.00
2009.01.27 17:17:16.320,1.9928,1.9938,1.60,1.20
2009.01.27 17:17:16.960,1.9928,1.9942,1.60,1.20
2009.01.27 17:17:17.370,1.9929,1.99425,3.60,1.20
2009.01.27 17:17:17.850,1.99305,1.99415,1.60,1.20
2009.01.27 17:17:18.259,1.99315,1.99425,1.60,1.20
2009.01.27 17:17:18.539,1.9931,1.99435,2.00,1.20
2009.01.27 17:17:18.879,1.993,1.9942,2.00,1.20
2009.01.27 17:17:19.350,1.99285,1.9941,2.00,1.20
2009.01.27 17:17:19.809,1.9928,1.99405,2.00,1.20
2009.01.27 17:17:20.959,1.9929,1.99415,2.00,1.20
2009.01.27 17:17:21.539,1.99285,1.9941,2.00,1.20
2009.01.27 17:17:21.769,1.99305,1.9943,2.00,1.20
2009.01.27 17:17:22.409,1.993,1.99425,2.00,1.20
2009.01.27 17:17:22.808,1.99295,1.9942,2.00,1.20
2009.01.27 17:17:23.308,1.9929,1.99415,2.00,1.20
2009.01.27 17:17:23.669,1.9922,1.99375,3.60,1.20
2009.01.27 17:17:24.109,1.99225,1.9938,2.00,1.20
2009.01.27 17:17:24.458,1.9923,1.99385,2.00,1.20
2009.01.27 17:17:24.748,1.99265,1.9937,1.60,1.20
2009.01.27 17:17:25.198,1.99265,1.99375,1.60,1.20
2009.01.27 17:17:25.778,1.99245,1.9936,2.00,1.00
2009.01.27 17:17:26.068,1.9925,1.9935,1.60,1.00
2009.01.27 17:17:26.698,1.9926,1.9936,1.60,1.00
2009.01.27 17:17:28.287,1.9925,1.99315,1.60,1.00
2009.01.27 17:17:28.687,1.99245,1.9933,1.00,1.60
2009.01.27 17:17:28.977,1.99265,1.9936,1.60,1.00
2009.01.27 17:17:30.027,1.99265,1.99345,2.00,1.00
2009.01.27 17:17:30.366,1.99285,1.9936,1.60,1.00
2009.01.27 17:17:30.647,1.99285,1.99345,1.60,1.00
2009.01.27 17:17:31.267,1.99285,1.9933,1.60,1.00
2009.01.27 17:17:31.657,1.99255,1.9932,1.60,1.00
2009.01.27 17:17:32.066,1.99265,1.99365,2.00,1.60
2009.01.27 17:17:32.466,1.993,1.99365,1.60,1.00
2009.01.27 17:17:32.696,1.9924,1.9938,1.60,1.20
2009.01.27 17:17:33.036,1.9925,1.99385,1.60,1.20
2009.01.27 17:17:33.246,1.9925,1.99375,1.60,1.00
2009.01.27 17:17:33.716,1.99265,1.99355,1.60,1.00
2009.01.27 17:17:34.006,1.99255,1.99355,2.00,1.00
2009.01.27 17:17:34.416,1.99215,1.9934,2.00,1.00
2009.01.27 17:17:34.806,1.99215,1.99325,2.00,1.00
2009.01.27 17:17:35.336,1.99205,1.99325,3.20,1.00
2009.01.27 17:17:36.665,1.9921,1.99325,1.60,1.00
2009.01.27 17:17:36.996,1.9921,1.99325,3.60,1.00
2009.01.27 17:17:37.635,1.9922,1.9933,1.60,1.00
2009.01.27 17:17:39.285,1.99225,1.99335,1.60,1.00
2009.01.27 17:17:39.615,1.99235,1.99335,1.60,1.00
2009.01.27 17:17:43.994,1.99235,1.99345,1.60,1.00
2009.01.27 17:17:44.673,1.99235,1.99345,2.40,1.00
2009.01.27 17:17:45.033,1.9925,1.99355,1.60,1.00
2009.01.27 17:17:45.083,1.9925,1.99345,1.60,1.00
2009.01.27 17:17:45.493,1.99235,1.99335,2.00,1.00
2009.01.27 17:17:46.003,1.9923,1.99335,3.60,1.00
2009.01.27 17:17:46.343,1.99235,1.99345,1.60,1.00
2009.01.27 17:17:47.333,1.99235,1.99345,3.60,1.00
2009.01.27 17:17:51.711,1.99235,1.99345,4.60,1.00
2009.01.27 17:17:52.111,1.9925,1.9935,1.60,1.00
2009.01.27 17:17:57.260,1.99295,1.9936,1.60,1.00
2009.01.27 17:17:57.540,1.993,1.99375,1.60,2.60
2009.01.27 17:17:57.710,1.993,1.9937,1.60,9.60
2009.01.27 17:17:58.060,1.993,1.9938,1.60,1.20
2009.01.27 17:17:58.230,1.993,1.99385,1.60,1.00
2009.01.27 17:18:00.709,1.9931,1.99405,1.60,3.00
2009.01.27 17:18:00.879,1.9931,1.99405,1.60,1.00
2009.01.27 17:18:01.049,1.9931,1.99405,1.60,1.20
2009.01.27 17:18:01.330,1.99325,1.99405,1.60,1.00
2009.01.27 17:18:01.629,1.9931,1.99405,1.60,1.00
2009.01.27 17:18:02.369,1.99325,1.99405,1.60,1.00
2009.01.27 17:18:03.449,1.9934,1.9941,1.60,1.00
2009.01.27 17:18:08.769,1.9935,1.99415,1.60,1.00
2009.01.27 17:18:09.157,1.99355,1.9942,1.60,1.00
2009.01.27 17:18:09.837,1.9935,1.99415,1.60,1.00
2009.01.27 17:18:11.237,1.9937,1.99435,1.60,1.60
2009.01.27 17:18:11.477,1.9937,1.99435,1.60,1.00
2009.01.27 17:18:12.057,1.99355,1.99425,1.60,1.00
2009.01.27 17:18:19.724,1.9935,1.99415,1.60,1.00
2009.01.27 17:18:25.563,1.9933,1.9941,1.00,1.00
2009.01.27 17:18:25.795,1.9932,1.9941,1.60,1.00
2009.01.27 17:18:26.503,1.9933,1.994,1.60,1.00
2009.01.27 17:18:26.853,1.99295,1.99395,3.20,1.00
2009.01.27 17:18:27.023,1.99295,1.99395,1.60,1.00
2009.01.27 17:18:27.423,1.99285,1.9939,1.60,1.00
2009.01.27 17:18:28.223,1.99305,1.99395,1.60,1.00
2009.01.27 17:18:29.033,1.993,1.99385,1.60,1.00
2009.01.27 17:18:29.622,1.9928,1.99405,2.00,2.60
2009.01.27 17:18:29.732,1.99285,1.9941,2.00,1.20
2009.01.27 17:18:30.012,1.9928,1.99395,1.60,1.00
2009.01.27 17:18:31.402,1.9928,1.9939,1.60,1.00
2009.01.27 17:18:32.592,1.9928,1.99395,1.60,1.20
2009.01.27 17:18:32.942,1.9928,1.99355,3.60,1.40
2009.01.27 17:18:33.121,1.99265,1.9933,1.60,1.00
2009.01.27 17:18:33.521,1.99275,1.99335,1.60,1.00
2009.01.27 17:18:33.812,1.9926,1.99335,1.60,1.00
2009.01.27 17:18:34.431,1.99265,1.9934,1.60,1.00
2009.01.27 17:18:35.301,1.99225,1.99355,1.60,1.20
2009.01.27 17:18:35.701,1.9924,1.99375,2.00,1.20
2009.01.27 17:18:35.941,1.9924,1.9934,2.00,1.60
2009.01.27 17:18:36.361,1.99235,1.9933,1.60,1.60
2009.01.27 17:18:37.221,1.99255,1.99315,1.60,1.60
2009.01.27 17:18:37.580,1.9924,1.99295,2.00,1.00
2009.01.27 17:18:37.990,1.9922,1.9931,3.20,1.60
2009.01.27 17:18:38.520,1.9924,1.9938,2.00,1.20
2009.01.27 17:18:38.930,1.99255,1.99395,2.00,10.40
2009.01.27 17:18:39.280,1.9925,1.9938,1.60,1.20
2009.01.27 17:18:39.510,1.9924,1.99365,2.00,1.20
2009.01.27 17:18:39.860,1.9923,1.99355,3.60,1.20
2009.01.27 17:18:40.140,1.9923,1.99355,2.00,1.20
2009.01.27 17:18:41.040,1.99235,1.9936,2.00,1.20
2009.01.27 17:18:41.340,1.99235,1.9935,1.60,1.20
2009.01.27 17:18:41.959,1.9924,1.9936,1.60,1.20
2009.01.27 17:18:42.189,1.99245,1.9937,2.00,1.20
2009.01.27 17:18:45.180,1.9925,1.9937,1.60,1.20
2009.01.27 17:18:45.239,1.9927,1.99385,1.60,1.20
2009.01.27 17:18:45.648,1.9927,1.99395,1.60,1.20
2009.01.27 17:18:46.058,1.9927,1.99385,1.60,1.20
2009.01.27 17:18:46.228,1.99255,1.99385,2.00,1.20
2009.01.27 17:18:47.688,1.99265,1.99385,3.60,1.20
2009.01.27 17:18:47.968,1.9927,1.99375,2.00,1.00
2009.01.27 17:18:48.138,1.99265,1.99375,1.60,1.20
2009.01.27 17:18:48.498,1.9927,1.99375,2.00,1.00
2009.01.27 17:18:49.008,1.99265,1.99375,1.60,1.00
2009.01.27 17:18:50.057,1.9926,1.99375,3.20,1.20
2009.01.27 17:18:50.668,1.99265,1.9939,2.00,1.20
2009.01.27 17:18:53.127,1.99265,1.99355,2.00,1.00
2009.01.27 17:18:53.187,1.99255,1.99355,1.60,1.00
2009.01.27 17:18:56.246,1.9926,1.9935,1.60,1.00
2009.01.27 17:18:56.606,1.9928,1.9935,1.00,1.00
2009.01.27 17:18:56.906,1.9934,1.99365,1.60,1.20
2009.01.27 17:18:57.586,1.99295,1.99405,1.60,1.20
2009.01.27 17:18:57.995,1.99305,1.99425,3.20,1.20
2009.01.27 17:18:58.335,1.9931,1.99455,2.00,2.40
2009.01.27 17:18:58.755,1.9931,1.99435,1.60,1.20
2009.01.27 17:18:59.165,1.9932,1.9945,2.00,1.20
2009.01.27 17:19:02.134,1.99325,1.9945,2.00,1.20
2009.01.27 17:19:02.424,1.99325,1.9945,3.60,1.20
2009.01.27 17:19:02.724,1.9933,1.99435,2.00,1.00
2009.01.27 17:19:02.894,1.99325,1.99435,1.60,1.00
2009.01.27 17:19:03.364,1.9934,1.9944,1.60,1.20
2009.01.27 17:19:03.714,1.99345,1.9946,1.60,1.20
2009.01.27 17:19:04.004,1.9933,1.9942,1.60,1.20
2009.01.27 17:19:04.294,1.9934,1.9943,1.60,1.20
2009.01.27 17:19:04.864,1.99365,1.99435,1.00,1.20
2009.01.27 17:19:05.834,1.99365,1.9941,1.60,1.20
2009.01.27 17:19:06.124,1.99295,1.99395,1.60,1.20
2009.01.27 17:19:06.753,1.99305,1.9938,1.60,1.20
2009.01.27 17:19:07.393,1.9934,1.994,1.60,1.20
2009.01.27 17:19:07.893,1.9934,1.99415,1.60,1.20
2009.01.27 17:19:08.603,1.9935,1.9942,1.60,1.20
2009.01.27 17:19:08.903,1.9935,1.99415,1.60,1.20
2009.01.27 17:19:09.413,1.9935,1.99435,1.60,1.20
2009.01.27 17:19:09.693,1.9935,1.99435,1.60,1.20
2009.01.27 17:19:09.973,1.9935,1.99415,1.60,1.20
2009.01.27 17:19:10.202,1.99335,1.99405,1.60,1.20
2009.01.27 17:19:10.473,1.99335,1.99395,1.60,1.20
2009.01.27 17:19:11.172,1.99335,1.9941,1.60,1.20
2009.01.27 17:19:12.432,1.99325,1.99405,1.60,1.20
2009.01.27 17:19:12.552,1.99335,1.99395,1.60,1.20
2009.01.27 17:19:13.072,1.99335,1.994,1.60,1.20
2009.01.27 17:19:14.392,1.99325,1.994,1.60,1.20
2009.01.27 17:19:14.742,1.99325,1.99395,1.60,1.20
2009.01.27 17:19:15.241,1.99325,1.9939,3.20,1.20
2009.01.27 17:19:15.741,1.99325,1.9939,1.60,1.60
2009.01.27 17:19:16.021,1.99325,1.9937,1.60,1.20
2009.01.27 17:19:16.371,1.99325,1.99415,1.60,1.20
2009.01.27 17:19:16.721,1.9934,1.9943,2.00,1.00
2009.01.27 17:19:17.141,1.9933,1.9943,2.00,1.00
2009.01.27 17:19:17.481,1.9933,1.99435,1.60,1.00
2009.01.27 17:19:17.841,1.99355,1.99445,1.60,1.00
2009.01.27 17:19:18.130,1.9935,1.9944,3.20,1.00
2009.01.27 17:19:18.570,1.9935,1.9942,3.60,1.00
2009.01.27 17:19:18.900,1.9934,1.99435,1.60,1.00
2009.01.27 17:19:19.880,1.9933,1.9943,2.80,1.00
2009.01.27 17:19:20.270,1.99335,1.9942,3.20,1.00
2009.01.27 17:19:20.710,1.99325,1.9942,3.20,1.00
2009.01.27 17:19:21.580,1.99325,1.9942,5.20,1.00
2009.01.27 17:19:22.319,1.99335,1.9942,1.60,1.00
2009.01.27 17:19:22.620,1.9933,1.9942,2.00,1.00
2009.01.27 17:19:23.030,1.99325,1.9942,5.20,1.00
2009.01.27 17:19:24.759,1.9932,1.99405,3.60,1.00
2009.01.27 17:19:28.068,1.9932,1.99385,2.00,1.00
2009.01.27 17:19:28.358,1.993,1.9939,1.60,1.00
2009.01.27 17:19:28.538,1.99295,1.9938,2.00,1.00
2009.01.27 17:19:28.828,1.99285,1.9938,3.20,1.00
2009.01.27 17:19:29.068,1.99295,1.99415,2.00,1.00
2009.01.27 17:19:29.298,1.9929,1.994,2.00,1.00
2009.01.27 17:19:29.828,1.99275,1.994,2.00,1.00
2009.01.27 17:19:30.109,1.9928,1.9939,2.00,1.00
2009.01.27 17:19:30.338,1.9928,1.99405,2.00,1.20
2009.01.27 17:19:30.977,1.99285,1.99405,1.60,1.20
2009.01.27 17:19:31.438,1.9929,1.9941,1.60,1.20
2009.01.27 17:19:31.787,1.99305,1.9943,2.00,1.20
2009.01.27 17:19:32.187,1.99315,1.99435,2.00,3.20
2009.01.27 17:19:32.477,1.9932,1.9944,2.00,1.20
2009.01.27 17:19:32.698,1.9932,1.99445,2.00,1.20
2009.01.27 17:19:32.947,1.99315,1.9943,2.00,1.00
2009.01.27 17:19:33.187,1.9931,1.9943,2.00,1.00
2009.01.27 17:19:33.747,1.9931,1.99435,2.00,1.20
2009.01.27 17:19:33.917,1.9932,1.9943,2.00,1.00
2009.01.27 17:19:34.347,1.9933,1.9943,2.00,1.00
2009.01.27 17:19:34.457,1.99325,1.9943,2.00,1.00
2009.01.27 17:19:34.697,1.99325,1.99435,2.00,1.00
2009.01.27 17:19:34.976,1.9933,1.99435,2.00,1.00
2009.01.27 17:19:35.716,1.9933,1.9942,2.00,1.00
2009.01.27 17:19:36.126,1.9932,1.99415,2.00,1.00
2009.01.27 17:19:36.526,1.9932,1.994,2.00,1.00
2009.01.27 17:19:36.766,1.993,1.9939,1.60,1.00
2009.01.27 17:19:37.266,1.99285,1.9939,3.60,1.00
2009.01.27 17:19:37.606,1.9929,1.9939,2.00,1.00
2009.01.27 17:19:39.315,1.9929,1.99405,2.00,1.00
2009.01.27 17:19:40.135,1.99295,1.99405,2.00,1.00
2009.01.27 17:19:40.315,1.99295,1.9939,2.00,1.00
2009.01.27 17:19:40.615,1.9929,1.9939,2.00,1.00
2009.01.27 17:19:41.115,1.99285,1.9939,2.00,1.00
2009.01.27 17:19:41.405,1.9929,1.9939,2.00,1.00
2009.01.27 17:19:43.134,1.9929,1.99395,2.00,1.00
2009.01.27 17:19:43.195,1.99275,1.994,3.60,1.20
2009.01.27 17:19:43.315,1.9928,1.99405,2.00,1.20
2009.01.27 17:19:43.544,1.9928,1.99365,2.00,1.00
2009.01.27 17:19:43.705,1.99265,1.99365,1.60,1.00
2009.01.27 17:19:44.504,1.99265,1.99355,1.60,1.00
2009.01.27 17:19:45.064,1.99265,1.9935,1.60,1.00
2009.01.27 17:19:45.304,1.99265,1.9934,1.60,1.00
2009.01.27 17:19:46.004,1.99265,1.9935,1.60,1.00
2009.01.27 17:19:46.364,1.99265,1.9934,1.60,1.00
2009.01.27 17:19:46.544,1.9928,1.99355,1.60,1.00
2009.01.27 17:19:47.563,1.99265,1.9935,1.60,1.00
2009.01.27 17:19:48.533,1.993,1.9939,1.60,1.00
2009.01.27 17:19:48.943,1.9929,1.99315,1.60,1.00
2009.01.27 17:19:49.333,1.99265,1.9934,1.60,2.60
2009.01.27 17:19:49.623,1.99275,1.9933,1.60,1.00
2009.01.27 17:19:50.003,1.9919,1.9933,2.00,1.20
2009.01.27 17:19:50.353,1.99185,1.9932,2.00,1.20
2009.01.27 17:19:50.703,1.99185,1.9931,2.00,1.00
2009.01.27 17:19:51.163,1.9919,1.99305,2.00,1.00
2009.01.27 17:19:51.512,1.99195,1.99315,2.00,1.20
2009.01.27 17:19:52.032,1.99205,1.99295,2.00,1.00
2009.01.27 17:19:52.432,1.9919,1.993,2.00,1.00
2009.01.27 17:19:52.892,1.99185,1.99305,5.20,1.00
2009.01.27 17:19:53.172,1.99195,1.99315,1.60,1.20
2009.01.27 17:19:53.532,1.99205,1.99315,3.20,1.20
2009.01.27 17:19:53.922,1.9922,1.9932,1.60,1.20
2009.01.27 17:19:54.562,1.99215,1.9932,3.20,1.00
2009.01.27 17:19:55.292,1.99235,1.99325,1.60,1.00
2009.01.27 17:19:55.811,1.9926,1.9933,1.60,1.00
2009.01.27 17:19:56.252,1.9924,1.9932,1.60,1.00
2009.01.27 17:19:56.761,1.99235,1.9931,1.60,1.00
2009.01.27 17:19:59.231,1.9924,1.993,1.60,1.00
2009.01.27 17:19:59.861,1.9923,1.99295,3.20,1.00
2009.01.27 17:20:00.220,1.9923,1.99295,1.60,1.00
2009.01.27 17:20:00.680,1.9922,1.9929,1.60,1.00
2009.01.27 17:20:01.090,1.99205,1.9929,2.00,1.00
2009.01.27 17:20:01.450,1.99195,1.9929,3.20,1.00
2009.01.27 17:20:02.330,1.99185,1.99275,2.00,1.00
2009.01.27 17:20:02.720,1.9918,1.99275,1.60,1.00
2009.01.27 17:20:04.059,1.99175,1.9927,3.20,1.00
2009.01.27 17:20:05.329,1.99165,1.9927,3.60,1.00
2009.01.27 17:20:05.499,1.99175,1.99285,1.60,1.00
2009.01.27 17:20:07.019,1.99175,1.9928,1.60,1.40
2009.01.27 17:20:07.369,1.9916,1.99265,1.60,1.20
2009.01.27 17:20:08.039,1.9916,1.9927,1.60,1.00
2009.01.27 17:20:08.558,1.99175,1.9927,1.60,1.00
2009.01.27 17:20:08.908,1.99195,1.99275,1.60,1.00
2009.01.27 17:20:14.197,1.99195,1.9926,1.60,1.00
2009.01.27 17:20:15.887,1.9921,1.99265,1.60,1.00
2009.01.27 17:20:17.996,1.9919,1.9926,1.60,1.00
2009.01.27 17:20:18.936,1.9919,1.9927,1.60,1.00
2009.01.27 17:20:21.315,1.99205,1.99275,1.60,1.00
2009.01.27 17:20:21.995,1.992,1.99265,1.60,1.00
2009.01.27 17:20:22.565,1.9919,1.9926,1.60,1.00
2009.01.27 17:20:23.935,1.992,1.99265,1.60,1.00
2009.01.27 17:20:29.063,1.9919,1.9927,1.60,1.00
2009.01.27 17:20:31.433,1.99185,1.9925,1.60,1.00
2009.01.27 17:20:38.261,1.99185,1.9927,1.60,1.20
2009.01.27 17:20:38.381,1.99185,1.99275,1.60,1.00
2009.01.27 17:20:41.790,1.9919,1.9928,1.60,1.00
2009.01.27 17:20:42.370,1.99185,1.9926,1.60,1.00
2009.01.27 17:20:43.810,1.99195,1.99255,1.60,1.00
2009.01.27 17:20:44.610,1.99195,1.99255,1.00,1.00
2009.01.27 17:20:45.300,1.99185,1.9924,1.00,1.00
2009.01.27 17:20:45.599,1.99185,1.9924,1.60,1.00
2009.01.27 17:20:46.079,1.99195,1.9925,1.60,1.60
2009.01.27 17:20:46.609,1.99195,1.99255,1.60,1.00
2009.01.27 17:20:46.929,1.9921,1.9927,1.60,1.00
2009.01.27 17:20:47.329,1.99215,1.99275,1.60,1.60
2009.01.27 17:20:47.509,1.99215,1.9928,1.60,1.00
2009.01.27 17:20:47.869,1.99225,1.99285,1.60,1.00
2009.01.27 17:20:48.669,1.99215,1.9927,1.60,1.00
2009.01.27 17:20:55.827,1.9918,1.9927,1.60,4.00
2009.01.27 17:20:56.277,1.9918,1.9927,1.60,1.00
2009.01.27 17:20:56.917,1.9917,1.99245,1.60,1.00
2009.01.27 17:20:57.377,1.9919,1.99265,1.60,1.60
2009.01.27 17:20:57.886,1.9919,1.99265,1.60,1.00
2009.01.27 17:20:58.246,1.99205,1.99275,1.60,1.60
2009.01.27 17:20:58.576,1.99175,1.9928,3.60,1.00
2009.01.27 17:20:58.976,1.99145,1.9927,1.60,1.20
2009.01.27 17:20:59.206,1.9915,1.9928,2.00,1.20
2009.01.27 17:20:59.946,1.99145,1.9926,2.00,1.40
2009.01.27 17:21:00.476,1.99095,1.9923,1.60,1.20
2009.01.27 17:21:00.756,1.99105,1.99235,1.60,1.20
2009.01.27 17:21:01.106,1.9908,1.99235,5.20,1.20
2009.01.27 17:21:01.906,1.9911,1.99235,2.00,10.60
2009.01.27 17:21:02.256,1.9912,1.99235,2.00,1.00
2009.01.27 17:21:02.886,1.99105,1.99215,9.60,1.20
2009.01.27 17:21:03.105,1.9909,1.99215,3.60,1.20
2009.01.27 17:21:03.565,1.991,1.9922,2.00,1.20
2009.01.27 17:21:04.205,1.9911,1.9922,1.60,1.20
2009.01.27 17:21:04.545,1.9911,1.9922,2.00,1.00
2009.01.27 17:21:04.785,1.99075,1.99205,2.00,1.20
2009.01.27 17:21:05.125,1.9908,1.99215,2.00,1.20
2009.01.27 17:21:05.415,1.99095,1.9922,2.00,1.00
2009.01.27 17:21:05.715,1.9908,1.99215,2.00,1.20
2009.01.27 17:21:06.574,1.9909,1.99215,3.60,1.20
2009.01.27 17:21:06.974,1.99105,1.99225,2.00,1.20
2009.01.27 17:21:07.334,1.99095,1.9922,2.00,1.20
2009.01.27 17:21:07.984,1.9909,1.99215,2.00,1.20
2009.01.27 17:21:08.444,1.9909,1.99205,2.00,1.00
2009.01.27 17:21:08.834,1.9908,1.992,3.20,1.20
2009.01.27 17:21:09.064,1.9909,1.99215,2.00,1.20
2009.01.27 17:21:09.933,1.99095,1.9922,3.60,1.20
2009.01.27 17:21:10.333,1.99105,1.99225,1.60,1.20
2009.01.27 17:21:11.154,1.99105,1.9922,1.60,1.20
2009.01.27 17:21:11.503,1.9911,1.99235,2.00,1.20
2009.01.27 17:21:12.423,1.9912,1.99245,2.00,1.20
2009.01.27 17:21:12.773,1.9912,1.9924,2.00,1.00
2009.01.27 17:21:12.943,1.99115,1.9924,2.00,1.20
2009.01.27 17:21:13.593,1.9911,1.99235,2.00,1.20
2009.01.27 17:21:14.123,1.99105,1.9923,2.00,1.20
2009.01.27 17:21:15.962,1.99105,1.9923,3.60,1.20
2009.01.27 17:21:16.192,1.9911,1.99235,2.00,1.20
2009.01.27 17:21:18.062,1.9913,1.99235,1.60,1.20
2009.01.27 17:21:18.412,1.9912,1.99245,2.00,1.20
2009.01.27 17:21:18.712,1.9913,1.99245,1.60,1.20
2009.01.27 17:21:18.941,1.9913,1.9925,3.60,1.20
2009.01.27 17:21:19.161,1.9913,1.9925,2.00,1.20
2009.01.27 17:21:19.671,1.9914,1.9925,1.60,1.20
2009.01.27 17:21:20.431,1.99125,1.99245,3.60,1.20
2009.01.27 17:21:20.761,1.9913,1.99255,2.00,1.20
2009.01.27 17:21:21.001,1.9913,1.9925,2.00,1.20
2009.01.27 17:21:21.581,1.99135,1.9926,2.00,1.20
2009.01.27 17:21:22.071,1.99135,1.9926,2.00,2.40
2009.01.27 17:21:22.541,1.9914,1.99255,1.60,1.60
2009.01.27 17:21:22.890,1.99125,1.9925,2.00,1.20
2009.01.27 17:21:23.171,1.99125,1.99245,2.00,1.00
2009.01.27 17:21:23.680,1.9912,1.9924,2.00,2.60
2009.01.27 17:21:23.910,1.99075,1.9922,2.00,1.20
2009.01.27 17:21:24.580,1.99075,1.9922,3.60,1.20
2009.01.27 17:21:25.060,1.99085,1.9921,2.00,1.20
2009.01.27 17:21:25.280,1.9908,1.99205,2.00,1.20
2009.01.27 17:21:26.029,1.991,1.99205,1.60,1.20
2009.01.27 17:21:26.430,1.991,1.9921,1.60,1.20
2009.01.27 17:21:26.659,1.991,1.9921,1.60,1.00
2009.01.27 17:21:27.859,1.99105,1.9922,2.00,1.00
2009.01.27 17:21:28.309,1.991,1.9922,1.60,1.20
2009.01.27 17:21:28.429,1.99105,1.9922,1.60,1.20
2009.01.27 17:21:28.659,1.991,1.99195,1.60,1.00
2009.01.27 17:21:29.229,1.99105,1.99205,1.60,1.20
2009.01.27 17:21:29.459,1.9907,1.99205,3.20,1.20
2009.01.27 17:21:29.679,1.9907,1.99205,3.60,1.20
2009.01.27 17:21:29.909,1.9908,1.99215,3.60,1.20
2009.01.27 17:21:30.509,1.99095,1.9922,2.00,1.20
2009.01.27 17:21:31.428,1.991,1.9922,1.60,1.20
2009.01.27 17:21:32.238,1.991,1.99225,3.60,1.20
2009.01.27 17:21:37.127,1.9911,1.99235,2.00,1.20
2009.01.27 17:21:37.737,1.9911,1.99235,2.00,1.20
2009.01.27 17:21:39.346,1.991,1.9922,2.00,1.20
2009.01.27 17:21:39.576,1.991,1.9922,3.60,1.20
2009.01.27 17:21:39.807,1.9911,1.99235,2.00,1.20
2009.01.27 17:21:40.516,1.9911,1.99235,2.00,1.20
2009.01.27 17:21:41.706,1.99115,1.99235,1.60,1.20
2009.01.27 17:21:42.216,1.9912,1.9924,2.00,1.20
2009.01.27 17:21:43.875,1.9912,1.9923,2.00,1.00
2009.01.27 17:21:44.455,1.99105,1.99225,2.00,1.20
2009.01.27 17:21:45.035,1.99105,1.99215,2.00,1.00
2009.01.27 17:21:45.255,1.991,1.99225,3.60,1.20
2009.01.27 17:21:45.715,1.99095,1.9922,2.00,1.20
2009.01.27 17:21:45.955,1.991,1.9922,2.00,1.20
2009.01.27 17:21:46.245,1.99095,1.9922,2.00,1.20
2009.01.27 17:21:48.244,1.991,1.9922,1.60,1.20
2009.01.27 17:21:48.654,1.991,1.99225,3.60,1.20
2009.01.27 17:21:49.134,1.99105,1.99225,1.60,1.20
2009.01.27 17:21:49.374,1.9911,1.99235,2.00,1.20
2009.01.27 17:21:52.383,1.9912,1.9924,2.00,1.20
2009.01.27 17:21:52.783,1.9912,1.99245,2.00,1.20
2009.01.27 17:21:53.953,1.9911,1.99235,2.00,1.20
2009.01.27 17:21:54.763,1.99115,1.9924,2.00,1.20
2009.01.27 17:21:55.243,1.9911,1.99235,2.00,1.20
2009.01.27 17:21:55.992,1.99105,1.99225,2.00,1.20
2009.01.27 17:21:56.272,1.991,1.99225,2.00,1.20
2009.01.27 17:21:56.732,1.99105,1.99225,2.00,1.20
2009.01.27 17:21:58.032,1.991,1.99225,2.00,1.20
2009.01.27 17:21:58.092,1.9911,1.99235,2.00,1.20
2009.01.27 17:21:58.952,1.99105,1.9923,2.00,1.20
2009.01.27 17:21:59.582,1.991,1.99225,3.60,1.20
2009.01.27 17:21:59.812,1.9912,1.9924,2.00,1.20
2009.01.27 17:22:00.151,1.9911,1.99235,2.00,1.20
2009.01.27 17:22:02.021,1.9911,1.99235,2.00,1.20
2009.01.27 17:22:02.481,1.99095,1.9922,2.00,1.20
2009.01.27 17:22:03.661,1.991,1.99225,2.00,1.20
2009.01.27 17:22:03.781,1.99095,1.9922,2.00,1.20
2009.01.27 17:22:06.360,1.99105,1.99225,2.00,1.20
2009.01.27 17:22:06.710,1.99105,1.99215,3.60,1.00
2009.01.27 17:22:06.830,1.99105,1.99215,1.60,1.00
2009.01.27 17:22:07.340,1.99105,1.99215,1.60,1.20
2009.01.27 17:22:07.850,1.99115,1.99225,1.60,1.20
2009.01.27 17:22:09.049,1.9915,1.9923,1.60,1.00
2009.01.27 17:22:11.099,1.99125,1.9921,5.20,1.00
2009.01.27 17:22:11.569,1.99125,1.9921,1.60,1.00
2009.01.27 17:22:11.978,1.99115,1.99205,1.60,1.00
2009.01.27 17:22:14.298,1.9912,1.99185,1.60,1.00
2009.01.27 17:22:14.819,1.9911,1.9918,1.60,1.00
2009.01.27 17:22:15.278,1.9914,1.9922,2.00,1.00
2009.01.27 17:22:15.778,1.9915,1.99245,2.00,4.80
2009.01.27 17:22:16.349,1.9916,1.99235,2.00,1.00
2009.01.27 17:22:16.747,1.9918,1.99235,2.00,1.00
2009.01.27 17:22:17.197,1.99175,1.99225,2.00,1.00
2009.01.27 17:22:17.697,1.99195,1.99225,2.00,1.00
2009.01.27 17:22:18.217,1.992,1.9924,2.00,1.00
2009.01.27 17:22:18.557,1.99205,1.9924,2.00,1.00
2009.01.27 17:22:18.827,1.9922,1.9924,2.00,1.00
2009.01.27 17:22:19.757,1.99215,1.9924,2.00,1.00
2009.01.27 17:22:20.286,1.99205,1.9924,2.00,1.00
2009.01.27 17:22:22.196,1.99145,1.99235,2.00,1.00
2009.01.27 17:22:22.606,1.99155,1.9924,2.00,1.00
2009.01.27 17:22:22.786,1.9915,1.99235,2.00,1.00
2009.01.27 17:22:23.426,1.99165,1.9924,2.00,1.00
2009.01.27 17:22:23.815,1.9917,1.9924,2.00,1.00
2009.01.27 17:22:24.216,1.9918,1.99235,2.00,1.00
2009.01.27 17:22:24.495,1.99175,1.99235,2.00,1.00
2009.01.27 17:22:24.835,1.99175,1.9924,2.00,1.00
2009.01.27 17:22:25.125,1.9912,1.9924,2.00,1.00
2009.01.27 17:22:25.815,1.9919,1.99255,1.60,1.00
2009.01.27 17:22:26.795,1.99175,1.9924,1.60,1.00
2009.01.27 17:22:27.035,1.99105,1.9922,3.60,1.00
2009.01.27 17:22:27.325,1.99095,1.9921,9.60,1.20
2009.01.27 17:22:27.545,1.9906,1.9921,2.00,1.20
2009.01.27 17:22:27.935,1.99065,1.99195,8.00,1.20
2009.01.27 17:22:28.405,1.99045,1.99175,2.00,1.20
2009.01.27 17:22:28.515,1.9905,1.99185,2.00,1.20
2009.01.27 17:22:29.914,1.9906,1.9918,2.00,1.00
2009.01.27 17:22:30.374,1.9905,1.9917,1.60,1.20
2009.01.27 17:22:30.654,1.9905,1.99175,2.00,1.20
2009.01.27 17:22:31.044,1.99055,1.99175,2.00,1.20
2009.01.27 17:22:31.694,1.9906,1.99175,1.60,1.20
2009.01.27 17:22:34.973,1.9906,1.99185,2.00,1.20
2009.01.27 17:22:35.193,1.99055,1.99175,3.60,1.20
2009.01.27 17:22:35.873,1.99055,1.99175,2.00,1.20
2009.01.27 17:22:36.043,1.9905,1.99175,2.00,1.20
2009.01.27 17:22:36.443,1.99045,1.9917,3.60,1.20
2009.01.27 17:22:39.512,1.9904,1.99165,2.00,1.20
2009.01.27 17:22:41.901,1.99055,1.99165,9.60,1.20
2009.01.27 17:22:42.011,1.99065,1.992,2.00,1.20
2009.01.27 17:22:42.351,1.99075,1.9921,2.00,1.20
2009.01.27 17:22:42.591,1.99085,1.99215,2.00,1.20
2009.01.27 17:22:42.711,1.99085,1.99215,2.00,2.60
2009.01.27 17:22:43.111,1.991,1.99205,2.00,1.60
2009.01.27 17:22:43.231,1.991,1.9921,2.00,1.60
2009.01.27 17:22:43.521,1.991,1.9922,2.00,1.20
2009.01.27 17:22:44.561,1.99095,1.9922,2.00,1.20
2009.01.27 17:22:44.971,1.99085,1.9921,2.00,1.20
2009.01.27 17:22:46.241,1.9909,1.99215,2.00,1.20
2009.01.27 17:22:46.760,1.99095,1.9922,2.00,2.40
2009.01.27 17:22:47.160,1.99075,1.992,2.00,1.20
2009.01.27 17:22:47.450,1.9907,1.99195,2.00,1.20
2009.01.27 17:22:47.740,1.99065,1.9919,2.00,1.20
2009.01.27 17:22:49.140,1.99065,1.99185,2.00,1.20
2009.01.27 17:22:50.159,1.99055,1.9918,2.00,1.20
2009.01.27 17:22:50.329,1.9905,1.99175,3.60,1.20
2009.01.27 17:22:50.620,1.9907,1.9919,2.00,8.00
2009.01.27 17:22:51.059,1.99065,1.9919,2.00,1.20
2009.01.27 17:22:51.399,1.99075,1.99195,1.60,1.20
2009.01.27 17:22:52.029,1.99075,1.992,2.00,1.20
2009.01.27 17:22:52.549,1.9907,1.99195,3.60,1.20
2009.01.27 17:22:53.469,1.9907,1.9918,3.60,1.00
2009.01.27 17:22:53.758,1.9907,1.99175,1.60,1.20
2009.01.27 17:22:55.028,1.99075,1.99175,1.60,1.20
2009.01.27 17:22:55.378,1.99075,1.99185,1.60,1.20
2009.01.27 17:22:58.797,1.9908,1.99185,1.60,1.20
2009.01.27 17:22:59.067,1.9908,1.9919,1.60,1.20
2009.01.27 17:22:59.177,1.99105,1.9919,1.60,1.20
2009.01.27 17:22:59.477,1.99105,1.99195,1.60,1.00
2009.01.27 17:22:59.817,1.99105,1.99185,1.60,1.20
2009.01.27 17:23:00.397,1.99055,1.99185,1.60,1.20
2009.01.27 17:23:01.666,1.99085,1.99185,1.60,1.20
2009.01.27 17:23:02.187,1.99085,1.9919,1.60,1.20
2009.01.27 17:23:05.276,1.9908,1.99185,1.60,1.20
2009.01.27 17:23:05.566,1.9909,1.99185,1.60,1.20
2009.01.27 17:23:05.967,1.99095,1.99185,1.60,1.20
2009.01.27 17:23:06.316,1.99095,1.99195,1.60,1.20
2009.01.27 17:23:06.665,1.99095,1.992,1.60,1.20
2009.01.27 17:23:06.995,1.99075,1.99195,2.00,1.20
2009.01.27 17:23:07.635,1.9907,1.99195,3.60,1.20
2009.01.27 17:23:08.095,1.9907,1.99185,1.60,1.20
2009.01.27 17:23:11.124,1.9907,1.99175,1.60,1.20
2009.01.27 17:23:11.594,1.99085,1.99175,1.60,1.20
2009.01.27 17:23:12.124,1.99095,1.9919,1.60,1.20
2009.01.27 17:23:13.144,1.99105,1.992,1.60,2.60
2009.01.27 17:23:13.544,1.991,1.99195,1.60,1.20
2009.01.27 17:23:14.694,1.991,1.9919,1.60,1.20
2009.01.27 17:23:14.923,1.991,1.9917,1.60,2.60
2009.01.27 17:23:15.163,1.991,1.9916,1.60,1.60
2009.01.27 17:23:15.773,1.99105,1.9916,1.60,1.60
2009.01.27 17:23:16.153,1.99105,1.99165,1.60,1.60
2009.01.27 17:23:16.273,1.99105,1.9916,1.60,1.60
2009.01.27 17:23:16.503,1.99105,1.99165,1.60,1.60
2009.01.27 17:23:16.673,1.991,1.9917,1.60,2.60
2009.01.27 17:23:18.423,1.991,1.99155,1.60,1.60
2009.01.27 17:23:18.602,1.991,1.99165,1.60,1.60
2009.01.27 17:23:19.002,1.991,1.99175,1.60,2.60
2009.01.27 17:23:19.332,1.99105,1.9918,1.60,1.20
2009.01.27 17:23:19.723,1.99105,1.99175,1.60,1.20
2009.01.27 17:23:20.062,1.99105,1.9918,1.60,2.60
2009.01.27 17:23:20.412,1.991,1.9917,1.60,1.20
2009.01.27 17:23:20.992,1.99105,1.9917,1.60,2.60
2009.01.27 17:23:21.332,1.991,1.99175,1.60,1.60
2009.01.27 17:23:21.752,1.991,1.99195,1.60,2.60
2009.01.27 17:23:22.132,1.991,1.99205,1.60,1.60
2009.01.27 17:23:22.482,1.991,1.99215,1.60,3.20
2009.01.27 17:23:23.291,1.99095,1.99215,2.00,3.20
2009.01.27 17:23:23.472,1.9909,1.9921,1.60,1.20
2009.01.27 17:23:25.841,1.99105,1.99205,1.60,1.20
2009.01.27 17:23:26.111,1.99105,1.99215,1.60,4.20
2009.01.27 17:23:26.281,1.99105,1.99215,1.60,1.20
2009.01.27 17:23:26.680,1.99105,1.9921,1.60,1.20
2009.01.27 17:23:26.960,1.99075,1.9921,2.00,1.20
2009.01.27 17:23:29.590,1.991,1.99225,3.60,4.20
2009.01.27 17:23:29.890,1.991,1.99215,2.00,1.40
2009.01.27 17:23:30.290,1.991,1.9921,2.00,1.60
2009.01.27 17:23:30.830,1.99085,1.9921,3.60,2.60
2009.01.27 17:23:31.389,1.991,1.99195,1.60,1.20
2009.01.27 17:23:31.739,1.991,1.99235,3.60,1.60
2009.01.27 17:23:32.259,1.99095,1.99235,2.00,2.60
2009.01.27 17:23:32.669,1.99125,1.99255,3.60,9.00
2009.01.27 17:23:33.069,1.99125,1.99245,2.00,3.20
2009.01.27 17:23:33.409,1.99115,1.99235,1.60,1.20
2009.01.27 17:23:33.819,1.9911,1.99235,2.00,1.20
2009.01.27 17:23:34.399,1.9913,1.9924,3.60,9.60
2009.01.27 17:23:34.698,1.9914,1.99245,2.00,3.20
2009.01.27 17:23:34.919,1.99145,1.99255,1.60,3.20
2009.01.27 17:23:35.149,1.99145,1.99265,1.60,3.20
2009.01.27 17:23:35.848,1.99165,1.99265,1.60,3.20
2009.01.27 17:23:36.408,1.99155,1.99265,2.00,3.20
2009.01.27 17:23:36.738,1.9915,1.9927,3.60,1.20
2009.01.27 17:23:37.078,1.9915,1.99265,3.60,3.20
2009.01.27 17:23:37.818,1.9915,1.99265,1.60,3.20
2009.01.27 17:23:38.158,1.9915,1.99265,2.00,3.20
2009.01.27 17:23:38.378,1.99145,1.9926,2.00,1.40
2009.01.27 17:23:38.778,1.99135,1.9926,2.00,2.60
2009.01.27 17:23:39.117,1.99135,1.9926,2.00,1.20
2009.01.27 17:23:39.347,1.9913,1.99255,3.60,1.20
2009.01.27 17:23:39.747,1.9913,1.99255,2.00,1.20
2009.01.27 17:23:40.017,1.99125,1.9925,2.00,1.20
2009.01.27 17:23:40.577,1.9912,1.99245,2.00,1.20
2009.01.27 17:23:40.877,1.9912,1.99245,3.60,1.20
2009.01.27 17:23:41.667,1.99125,1.9925,2.00,1.20
2009.01.27 17:23:42.297,1.9912,1.99235,1.60,1.20
2009.01.27 17:23:42.987,1.99135,1.99245,1.60,1.20
2009.01.27 17:23:43.456,1.99135,1.9925,1.60,1.20
2009.01.27 17:23:43.676,1.9915,1.9926,1.60,2.60
2009.01.27 17:23:45.506,1.9916,1.9926,1.60,1.20
2009.01.27 17:23:45.906,1.99145,1.9924,1.60,9.60
2009.01.27 17:23:46.306,1.9913,1.99245,1.60,3.20
2009.01.27 17:23:46.766,1.9913,1.99245,1.60,1.20
2009.01.27 17:23:47.265,1.9913,1.99235,1.60,1.20
2009.01.27 17:23:49.905,1.9913,1.9924,1.60,1.20
2009.01.27 17:23:50.765,1.9915,1.99255,1.60,5.80
2009.01.27 17:23:51.454,1.9915,1.99255,1.60,2.60
2009.01.27 17:23:52.554,1.9917,1.9925,1.60,1.60
2009.01.27 17:24:02.392,1.9915,1.99255,1.00,1.60
2009.01.27 17:24:02.742,1.9914,1.99255,1.60,1.60
2009.01.27 17:24:02.862,1.9914,1.99245,1.60,4.20
2009.01.27 17:24:03.632,1.99105,1.9924,3.60,1.20
2009.01.27 17:24:05.861,1.99155,1.9926,1.60,2.60
2009.01.27 17:24:07.131,1.9916,1.9925,1.60,1.20
2009.01.27 17:24:07.451,1.9916,1.9925,1.60,2.60
2009.01.27 17:24:08.770,1.99155,1.9924,1.00,1.00
2009.01.27 17:24:09.840,1.99155,1.9924,1.60,1.00
2009.01.27 17:24:10.360,1.99135,1.9923,1.60,1.60
2009.01.27 17:24:10.640,1.9913,1.9922,1.60,1.00
2009.01.27 17:24:11.110,1.99125,1.99215,2.00,1.00
2009.01.27 17:24:11.500,1.9912,1.992,2.00,1.00
2009.01.27 17:24:11.910,1.99105,1.992,1.60,1.60
2009.01.27 17:24:18.568,1.99115,1.99205,1.60,1.20
2009.01.27 17:24:18.858,1.99115,1.99205,1.60,1.00
2009.01.27 17:24:19.438,1.99105,1.99145,1.60,1.60
2009.01.27 17:24:19.838,1.99105,1.99215,1.60,1.60
2009.01.27 17:24:22.837,1.99085,1.99195,3.00,1.00
2009.01.27 17:24:23.127,1.99085,1.99195,2.00,1.00
2009.01.27 17:24:23.247,1.99075,1.9919,1.60,1.20
2009.01.27 17:24:23.927,1.9909,1.9919,1.60,1.20
2009.01.27 17:24:24.376,1.9909,1.99195,1.60,1.20
2009.01.27 17:24:26.506,1.99095,1.99195,1.60,1.20
2009.01.27 17:24:27.336,1.99105,1.99205,1.60,1.20
2009.01.27 17:24:27.686,1.9909,1.99205,1.60,1.20
2009.01.27 17:24:28.136,1.99105,1.99205,1.60,1.20
2009.01.27 17:24:28.426,1.99105,1.99215,1.60,1.20
2009.01.27 17:24:29.755,1.9912,1.9922,1.60,1.60
2009.01.27 17:24:35.034,1.9913,1.99215,1.60,1.40
2009.01.27 17:24:35.334,1.9911,1.99195,1.60,1.00
2009.01.27 17:24:55.339,1.99095,1.9918,1.60,1.00
2009.01.27 17:24:58.619,1.99095,1.9918,2.40,1.00
2009.01.27 17:24:58.959,1.9911,1.99185,1.60,1.00
2009.01.27 17:25:01.548,1.99105,1.9917,1.60,1.00
2009.01.27 17:25:04.527,1.9907,1.99165,3.20,1.00
2009.01.27 17:25:04.577,1.9907,1.99165,1.60,1.00
2009.01.27 17:25:05.367,1.9906,1.9916,1.60,1.00
2009.01.27 17:25:07.226,1.9906,1.99155,1.60,1.00
2009.01.27 17:25:07.466,1.99055,1.99145,1.60,1.00
2009.01.27 17:25:08.066,1.9905,1.99135,1.60,1.00
2009.01.27 17:25:08.516,1.9903,1.99125,1.60,1.00
2009.01.27 17:25:09.505,1.99085,1.9914,1.00,1.20
2009.01.27 17:25:09.786,1.9905,1.99205,11.60,1.20
2009.01.27 17:25:10.068,1.9905,1.99205,3.60,1.20
2009.01.27 17:25:10.236,1.99055,1.9921,2.00,1.20
2009.01.27 17:25:10.415,1.99075,1.9921,1.60,1.20
2009.01.27 17:25:10.705,1.9908,1.99215,2.00,1.60
2009.01.27 17:25:11.325,1.9908,1.9918,2.00,1.60
2009.01.27 17:25:11.665,1.99005,1.99155,2.00,1.20
2009.01.27 17:25:12.065,1.9902,1.99165,2.00,1.20
2009.01.27 17:25:12.295,1.99005,1.99155,2.00,1.20
2009.01.27 17:25:12.655,1.9903,1.99155,1.60,1.20
2009.01.27 17:25:13.654,1.99055,1.9916,1.60,1.20
2009.01.27 17:25:16.184,1.99055,1.99145,1.60,1.20
2009.01.27 17:25:16.594,1.99055,1.9915,1.60,1.20
2009.01.27 17:25:17.694,1.99065,1.9915,1.60,1.20
2009.01.27 17:25:17.924,1.9908,1.9915,1.60,1.20
2009.01.27 17:25:18.114,1.9908,1.99165,1.60,2.60
2009.01.27 17:25:18.463,1.9908,1.9917,1.60,2.60
2009.01.27 17:25:18.583,1.9908,1.9916,1.60,1.60
2009.01.27 17:25:19.034,1.9909,1.99165,1.60,2.60
2009.01.27 17:25:21.323,1.99055,1.9916,2.40,1.60
2009.01.27 17:25:21.433,1.99055,1.9916,1.60,1.60
2009.01.27 17:25:21.603,1.99055,1.9918,1.60,1.20
2009.01.27 17:25:21.713,1.9908,1.9918,1.60,2.60
2009.01.27 17:25:21.813,1.9908,1.99165,1.60,1.20
2009.01.27 17:25:22.153,1.9908,1.9917,1.60,1.40
2009.01.27 17:25:22.442,1.99055,1.9915,1.60,1.20
2009.01.27 17:25:23.912,1.99055,1.9913,1.60,1.00
2009.01.27 17:25:26.651,1.99035,1.9913,1.60,1.60
2009.01.27 17:25:27.001,1.99035,1.9914,1.60,1.20
2009.01.27 17:25:30.011,1.99035,1.9915,1.60,1.20
2009.01.27 17:25:30.290,1.99035,1.99155,1.60,1.20
2009.01.27 17:25:33.570,1.9905,1.99155,1.60,1.20
2009.01.27 17:25:33.850,1.9905,1.99165,1.60,1.20
2009.01.27 17:25:44.547,1.9906,1.9917,1.60,1.20
2009.01.27 17:25:47.106,1.9906,1.99165,1.60,1.20
2009.01.27 17:25:47.676,1.9907,1.99165,1.60,1.20
2009.01.27 17:25:48.018,1.9907,1.9917,1.60,1.20
2009.01.27 17:25:50.706,1.99075,1.99175,1.60,1.20
2009.01.27 17:25:51.155,1.9909,1.9919,1.60,1.20
2009.01.27 17:25:51.735,1.9909,1.99195,1.60,1.20
2009.01.27 17:25:53.405,1.99095,1.99175,1.60,1.20
2009.01.27 17:25:53.735,1.9908,1.99175,1.60,1.20
2009.01.27 17:25:56.764,1.9908,1.9919,1.60,1.20
2009.01.27 17:25:58.394,1.9907,1.99185,1.60,1.00
2009.01.27 17:25:58.854,1.99085,1.9919,1.60,1.20
2009.01.27 17:25:59.444,1.99085,1.99195,1.60,1.20
2009.01.27 17:26:03.083,1.99095,1.9923,3.60,1.20
2009.01.27 17:26:08.311,1.991,1.99225,2.00,1.20
2009.01.27 17:26:08.471,1.99095,1.9922,3.60,1.20
2009.01.27 17:26:09.282,1.99095,1.99215,1.60,1.20
2009.01.27 17:26:14.370,1.99105,1.99215,1.60,1.20
2009.01.27 17:26:14.840,1.99105,1.99225,1.60,1.20
2009.01.27 17:26:15.600,1.99105,1.99225,3.60,1.20
2009.01.27 17:26:16.060,1.99105,1.99225,2.00,1.20
2009.01.27 17:26:16.519,1.99095,1.9922,2.00,1.20
2009.01.27 17:26:19.619,1.99085,1.9921,2.00,1.20
2009.01.27 17:26:26.307,1.99085,1.99205,2.00,1.20
2009.01.27 17:26:27.567,1.9911,1.99205,1.00,1.20
2009.01.27 17:26:28.077,1.99135,1.99205,1.60,1.20
2009.01.27 17:26:28.427,1.9912,1.99225,1.60,1.00
2009.01.27 17:26:37.514,1.99145,1.9923,1.60,1.60
2009.01.27 17:26:37.744,1.99145,1.9923,1.60,1.00
2009.01.27 17:26:38.594,1.9913,1.99225,1.60,1.00
2009.01.27 17:26:48.542,1.9913,1.99215,1.60,1.00
2009.01.27 17:26:52.501,1.99095,1.99215,2.00,1.00
2009.01.27 17:26:52.670,1.9909,1.99215,1.60,1.20
2009.01.27 17:26:57.020,1.9911,1.9922,1.60,2.60
2009.01.27 17:26:57.191,1.9911,1.9922,1.60,1.60
2009.01.27 17:26:57.370,1.9911,1.99225,1.60,1.60
2009.01.27 17:26:58.589,1.9911,1.99225,1.60,1.00
2009.01.27 17:27:00.019,1.99105,1.99215,2.00,1.40
2009.01.27 17:27:00.129,1.991,1.99205,1.60,1.20
2009.01.27 17:27:01.159,1.991,1.99205,1.60,2.60
2009.01.27 17:27:02.658,1.991,1.99205,1.60,1.20
2009.01.27 17:27:02.828,1.991,1.99215,3.60,1.00
2009.01.27 17:27:03.309,1.991,1.9921,2.00,1.00
2009.01.27 17:27:03.488,1.991,1.99215,1.60,1.20
2009.01.27 17:27:03.668,1.991,1.99215,3.60,1.00
2009.01.27 17:27:08.307,1.9912,1.9922,1.60,1.00
2009.01.27 17:27:09.177,1.9912,1.9921,1.60,1.40
2009.01.27 17:27:09.587,1.9913,1.9921,1.60,1.20
2009.01.27 17:27:10.067,1.9912,1.99215,1.60,1.00
2009.01.27 17:27:10.477,1.9912,1.99215,1.60,1.20
2009.01.27 17:27:10.697,1.9912,1.99215,1.60,1.00
2009.01.27 17:27:12.666,1.9911,1.99195,1.60,1.00
2009.01.27 17:27:14.796,1.99095,1.9918,1.60,1.00
2009.01.27 17:27:15.145,1.99085,1.99175,1.60,1.00
2009.01.27 17:27:15.655,1.9908,1.99165,1.60,1.00
2009.01.27 17:27:16.005,1.99085,1.99175,1.60,1.00
2009.01.27 17:27:17.435,1.9908,1.99165,1.60,1.00
2009.01.27 17:27:19.844,1.9908,1.9918,1.60,1.60
2009.01.27 17:27:19.904,1.9908,1.99195,1.60,9.00
2009.01.27 17:27:20.014,1.9908,1.99195,1.60,1.20
2009.01.27 17:27:21.974,1.99085,1.99195,1.60,1.20
2009.01.27 17:27:22.383,1.99085,1.992,1.60,1.20
2009.01.27 17:27:23.073,1.9909,1.99205,1.60,1.20
2009.01.27 17:27:23.713,1.991,1.9921,1.60,1.20
2009.01.27 17:27:23.943,1.99085,1.99205,2.00,1.00
2009.01.27 17:27:24.293,1.99075,1.992,2.00,1.20
2009.01.27 17:27:24.823,1.99075,1.992,3.60,1.20
2009.01.27 17:27:25.183,1.9908,1.99205,2.00,1.20
2009.01.27 17:27:27.992,1.9909,1.99215,2.00,1.20
2009.01.27 17:27:28.452,1.99085,1.99205,2.00,1.20
2009.01.27 17:27:28.682,1.99085,1.9921,2.00,1.20
2009.01.27 17:27:29.252,1.99085,1.99205,2.00,1.20
2009.01.27 17:27:30.741,1.9909,1.99215,2.00,1.20
2009.01.27 17:27:31.361,1.99085,1.99205,2.00,1.20
2009.01.27 17:27:34.941,1.99085,1.99205,3.60,1.20
2009.01.27 17:27:35.580,1.9909,1.99215,2.00,1.20
2009.01.27 17:27:35.920,1.9909,1.99215,2.00,2.40
2009.01.27 17:27:36.210,1.99085,1.992,1.60,1.20
2009.01.27 17:27:36.610,1.99095,1.992,1.60,1.20
2009.01.27 17:27:37.130,1.991,1.99175,1.60,1.20
2009.01.27 17:27:37.660,1.9911,1.9918,1.60,1.20
2009.01.27 17:27:38.290,1.9913,1.99205,1.60,1.60
2009.01.27 17:27:39.099,1.99125,1.99185,1.60,1.20
2009.01.27 17:27:39.799,1.99015,1.9916,6.80,1.20
2009.01.27 17:27:40.339,1.99015,1.9914,1.60,1.20
2009.01.27 17:27:41.319,1.99045,1.9912,1.60,1.20
2009.01.27 17:27:41.819,1.99055,1.99135,1.60,1.20
2009.01.27 17:27:43.239,1.99095,1.9917,1.60,1.20
2009.01.27 17:27:43.989,1.99105,1.9917,1.60,1.20
2009.01.27 17:27:44.558,1.9912,1.99165,1.60,1.20
2009.01.27 17:27:45.028,1.9911,1.99165,1.60,1.20
2009.01.27 17:27:45.508,1.9911,1.99175,1.60,1.00
2009.01.27 17:27:46.138,1.99115,1.99195,1.60,1.60
2009.01.27 17:27:46.708,1.9911,1.992,1.60,1.00
2009.01.27 17:27:47.098,1.99105,1.99195,1.60,1.00
2009.01.27 17:27:47.438,1.991,1.9919,1.60,1.00
2009.01.27 17:27:47.937,1.99085,1.99175,3.60,1.00
2009.01.27 17:27:48.447,1.99085,1.9917,2.00,1.00
2009.01.27 17:27:48.897,1.99085,1.9919,1.60,1.00
2009.01.27 17:27:49.297,1.99085,1.9919,1.60,1.20
2009.01.27 17:27:50.337,1.99085,1.9918,1.60,1.00
2009.01.27 17:27:50.906,1.9908,1.99175,1.60,1.00
2009.01.27 17:27:52.107,1.9908,1.99175,1.60,1.60
2009.01.27 17:27:52.466,1.9908,1.99175,1.60,2.60
2009.01.27 17:27:53.616,1.9908,1.99175,1.60,1.20
2009.01.27 17:27:54.206,1.9904,1.9917,3.60,1.00
2009.01.27 17:27:54.476,1.9904,1.99155,2.00,1.00
2009.01.27 17:27:54.706,1.99025,1.99155,2.00,1.00
2009.01.27 17:27:56.815,1.99035,1.9916,2.00,1.20
2009.01.27 17:27:56.985,1.9905,1.99175,2.00,2.60
2009.01.27 17:27:57.395,1.9906,1.99175,2.00,1.00
2009.01.27 17:27:57.855,1.99055,1.99175,2.00,1.20
2009.01.27 17:27:58.145,1.99065,1.9918,1.60,2.60
2009.01.27 17:27:58.385,1.99065,1.9918,1.60,1.20
2009.01.27 17:28:01.105,1.9906,1.9916,1.60,1.00
2009.01.27 17:28:01.574,1.99065,1.9918,1.60,4.00
2009.01.27 17:28:02.024,1.9907,1.9918,1.60,1.20
2009.01.27 17:28:02.264,1.9907,1.99175,1.60,1.20
2009.01.27 17:28:06.863,1.99075,1.9918,2.00,1.00
2009.01.27 17:28:07.093,1.9907,1.9918,1.60,1.00
2009.01.27 17:28:10.312,1.9906,1.9917,1.60,1.20
2009.01.27 17:28:10.712,1.99055,1.9917,1.60,1.20
2009.01.27 17:28:11.172,1.99055,1.99165,1.60,1.00
2009.01.27 17:28:11.531,1.99055,1.99165,1.60,1.20
2009.01.27 17:28:14.791,1.99045,1.9916,1.60,1.00
2009.01.27 17:28:15.261,1.9904,1.9916,3.60,1.00
2009.01.27 17:28:15.601,1.9904,1.9916,1.60,1.20
2009.01.27 17:28:16.060,1.9904,1.99155,1.60,1.20
2009.01.27 17:28:19.290,1.9904,1.99155,1.60,1.20
2009.01.27 17:28:19.520,1.9904,1.9915,1.60,1.20
2009.01.27 17:28:19.860,1.9904,1.9915,1.60,1.00
2009.01.27 17:28:21.010,1.9903,1.9911,3.60,1.00
2009.01.27 17:28:21.869,1.99035,1.99135,1.60,3.20
2009.01.27 17:28:22.039,1.99035,1.99135,1.60,1.00
2009.01.27 17:28:22.379,1.9904,1.9915,1.60,2.40
2009.01.27 17:28:22.659,1.9904,1.99155,1.60,1.20
2009.01.27 17:28:23.309,1.9903,1.99145,1.60,1.00
2009.01.27 17:28:24.423,1.9904,1.9915,1.60,1.20
2009.01.27 17:28:25.048,1.9904,1.9915,1.60,1.00
2009.01.27 17:28:31.727,1.9903,1.99145,3.60,1.00
2009.01.27 17:28:32.077,1.9903,1.99145,1.60,1.00
2009.01.27 17:28:33.626,1.9904,1.99145,1.00,1.00
2009.01.27 17:28:33.686,1.9906,1.9915,1.60,1.20
2009.01.27 17:28:33.866,1.9906,1.9915,1.60,1.00
2009.01.27 17:28:36.806,1.9906,1.99165,1.60,2.60
2009.01.27 17:28:36.976,1.99065,1.99175,1.60,1.20
2009.01.27 17:28:37.156,1.99065,1.99175,2.00,1.00
2009.01.27 17:28:37.545,1.99065,1.99185,3.60,1.20
2009.01.27 17:28:42.904,1.99065,1.99185,2.00,1.20
2009.01.27 17:28:43.244,1.99055,1.9918,2.00,1.20
2009.01.27 17:28:43.644,1.9905,1.99175,3.60,1.20
2009.01.27 17:28:44.144,1.9905,1.99175,3.60,2.40
2009.01.27 17:28:44.474,1.9904,1.9915,1.60,1.00
2009.01.27 17:28:50.692,1.9905,1.9914,1.60,1.00
2009.01.27 17:28:50.743,1.9904,1.99135,1.60,1.00
2009.01.27 17:28:51.542,1.99055,1.99175,2.00,8.00
2009.01.27 17:28:51.882,1.99055,1.9919,2.00,1.20
2009.01.27 17:28:52.102,1.9905,1.99175,2.00,1.00
2009.01.27 17:28:52.452,1.99045,1.99175,1.60,1.20
2009.01.27 17:28:53.201,1.99055,1.9917,1.60,1.20
2009.01.27 17:28:53.652,1.99055,1.9917,3.60,1.00
2009.01.27 17:28:54.441,1.99075,1.99175,1.60,1.20
2009.01.27 17:28:54.831,1.99075,1.99175,1.60,2.60
2009.01.27 17:28:55.431,1.99075,1.99165,2.80,1.00
2009.01.27 17:28:55.601,1.99075,1.992,2.80,1.00
2009.01.27 17:28:55.931,1.99085,1.9921,1.60,1.00
2009.01.27 17:28:56.231,1.9908,1.99195,2.00,1.00
2009.01.27 17:28:56.901,1.99075,1.9917,1.60,1.20
2009.01.27 17:28:57.421,1.99075,1.9917,3.20,1.20
2009.01.27 17:28:57.821,1.99075,1.9918,3.20,1.20
2009.01.27 17:28:58.211,1.9907,1.99165,1.60,1.20
2009.01.27 17:28:58.600,1.99065,1.99155,3.20,1.00
2009.01.27 17:28:59.220,1.99065,1.99145,3.20,1.20
2009.01.27 17:29:00.620,1.99085,1.99145,1.60,1.20
2009.01.27 17:29:01.140,1.9908,1.99165,1.60,1.20
2009.01.27 17:29:01.430,1.99065,1.99135,1.60,1.40
2009.01.27 17:29:01.600,1.9904,1.99115,4.00,1.00
2009.01.27 17:29:01.830,1.9904,1.9911,4.00,1.20
2009.01.27 17:29:02.059,1.9905,1.9911,1.60,1.20
2009.01.27 17:29:02.350,1.9905,1.9914,1.60,2.60
2009.01.27 17:29:02.970,1.9905,1.99125,3.20,1.20
2009.01.27 17:29:03.609,1.99055,1.9913,1.60,1.20
2009.01.27 17:29:04.349,1.99045,1.9913,1.60,1.20
2009.01.27 17:29:04.769,1.9904,1.99125,1.60,1.20
2009.01.27 17:29:05.309,1.9904,1.9912,1.60,1.20
2009.01.27 17:29:05.949,1.99045,1.9912,1.60,1.20
2009.01.27 17:29:06.589,1.99055,1.99125,1.60,1.20
2009.01.27 17:29:07.048,1.99055,1.9913,1.60,1.20
2009.01.27 17:29:07.728,1.9905,1.9912,1.60,1.20
2009.01.27 17:29:12.297,1.99035,1.9917,2.00,1.20
2009.01.27 17:29:13.087,1.99035,1.9916,2.00,1.00
2009.01.27 17:29:14.227,1.99045,1.9915,2.00,1.00
2009.01.27 17:29:14.736,1.9906,1.9916,2.00,1.00
2009.01.27 17:29:14.897,1.9906,1.9915,2.00,1.00
2009.01.27 17:29:15.606,1.99055,1.99145,2.00,1.00
2009.01.27 17:29:15.826,1.99045,1.9913,9.60,1.20
2009.01.27 17:29:16.056,1.99035,1.9914,4.80,1.20
2009.01.27 17:29:16.986,1.9904,1.9914,1.60,1.20
2009.01.27 17:29:17.576,1.9906,1.9914,1.00,1.20
2009.01.27 17:29:17.876,1.99075,1.99125,1.00,1.20
2009.01.27 17:29:18.206,1.99015,1.9914,1.60,1.20
2009.01.27 17:29:19.785,1.9903,1.9913,1.60,1.20
2009.01.27 17:29:19.905,1.99015,1.99125,3.20,1.20
2009.01.27 17:29:20.375,1.9901,1.9912,2.40,1.20
2009.01.27 17:29:20.665,1.9901,1.9912,2.40,1.20
2009.01.27 17:29:20.955,1.99025,1.9914,2.00,1.40
2009.01.27 17:29:21.075,1.99035,1.9915,2.00,1.00
2009.01.27 17:29:21.355,1.99045,1.9915,2.00,1.00
2009.01.27 17:29:21.655,1.99035,1.9915,2.00,1.00
2009.01.27 17:29:22.704,1.99045,1.9914,2.00,1.00
2009.01.27 17:29:22.925,1.99035,1.9914,2.00,1.00
2009.01.27 17:29:23.104,1.9904,1.9914,2.00,1.00
2009.01.27 17:29:23.564,1.99045,1.9914,2.00,1.00
2009.01.27 17:29:23.784,1.9904,1.9914,2.00,1.00
2009.01.27 17:29:24.084,1.9904,1.99135,2.00,1.00
2009.01.27 17:29:24.994,1.99035,1.99135,2.00,1.00
2009.01.27 17:29:25.744,1.99025,1.99115,9.60,1.20
2009.01.27 17:29:26.194,1.9901,1.99115,1.60,1.20
2009.01.27 17:29:26.524,1.9901,1.991,1.60,1.40
2009.01.27 17:29:27.013,1.99,1.9908,1.60,1.20
2009.01.27 17:29:27.483,1.98965,1.9907,1.60,1.20
2009.01.27 17:29:27.983,1.98955,1.99075,1.60,1.20
2009.01.27 17:29:28.443,1.98955,1.9907,1.60,1.20
2009.01.27 17:29:28.993,1.98965,1.9907,1.60,1.20
2009.01.27 17:29:29.453,1.9898,1.9907,1.60,1.20
2009.01.27 17:29:30.313,1.9898,1.9908,1.60,1.20
2009.01.27 17:29:30.493,1.9898,1.99075,1.60,1.20
2009.01.27 17:29:30.673,1.9898,1.9908,1.60,1.20
2009.01.27 17:29:31.092,1.99,1.991,2.00,1.00
2009.01.27 17:29:32.972,1.99,1.99105,2.00,1.00
2009.01.27 17:29:33.432,1.99015,1.99105,2.00,1.00
2009.01.27 17:29:34.182,1.99015,1.9912,2.00,1.40
2009.01.27 17:29:34.462,1.9901,1.99135,2.00,1.20
2009.01.27 17:29:34.692,1.99025,1.99135,2.00,1.00
2009.01.27 17:29:35.231,1.99025,1.9914,2.00,1.00
2009.01.27 17:29:35.791,1.9903,1.9914,2.00,1.00
2009.01.27 17:29:36.251,1.9903,1.99135,2.00,1.00
2009.01.27 17:29:36.481,1.99025,1.99135,2.00,1.00
2009.01.27 17:29:37.771,1.99025,1.9905,2.00,1.40
2009.01.27 17:29:38.451,1.9895,1.9905,1.60,1.40
2009.01.27 17:29:38.781,1.9894,1.9905,2.00,1.00
2009.01.27 17:29:39.061,1.98935,1.99065,1.00,1.20
2009.01.27 17:29:39.530,1.98965,1.9907,2.00,1.00
2009.01.27 17:29:39.940,1.9898,1.99075,2.00,1.00
2009.01.27 17:29:41.180,1.98995,1.99075,2.00,1.00
2009.01.27 17:29:42.460,1.99005,1.99075,2.00,1.00
2009.01.27 17:29:42.630,1.98995,1.99075,2.00,1.00
2009.01.27 17:29:44.489,1.99005,1.99075,1.60,1.00
2009.01.27 17:29:44.669,1.9901,1.99075,2.00,1.00
2009.01.27 17:29:52.827,1.9902,1.99075,2.00,1.00
2009.01.27 17:29:53.567,1.9902,1.9908,3.60,1.00
2009.01.27 17:29:54.097,1.99035,1.9909,3.60,1.00
2009.01.27 17:29:54.487,1.99035,1.99075,1.60,1.00
2009.01.27 17:29:54.827,1.99025,1.9908,2.00,1.00
2009.01.27 17:29:58.226,1.99025,1.9909,3.60,1.00
2009.01.27 17:29:58.736,1.9904,1.9909,1.60,1.00
2009.01.27 17:29:58.856,1.99035,1.9909,5.20,1.00
2009.01.27 17:29:59.726,1.99035,1.99095,5.20,1.00
2009.01.27 17:30:00.116,1.99035,1.99095,3.60,1.00
2009.01.27 17:30:00.235,1.9904,1.99095,1.60,1.00
2009.01.27 17:30:02.275,1.99025,1.99095,1.60,1.00
2009.01.27 17:30:02.455,1.99015,1.99095,2.00,1.00
2009.01.27 17:30:03.465,1.99015,1.9909,2.00,1.00
2009.01.27 17:30:04.095,1.9901,1.9909,2.00,1.00
2009.01.27 17:30:04.324,1.99025,1.9909,1.60,1.00
2009.01.27 17:30:04.567,1.9904,1.9909,1.60,1.00
2009.01.27 17:30:05.094,1.9904,1.99085,1.60,1.00
2009.01.27 17:30:05.504,1.99035,1.9908,1.60,1.00
2009.01.27 17:30:05.734,1.99055,1.9909,1.60,1.00
2009.01.27 17:30:08.094,1.99055,1.9913,1.60,1.00
2009.01.27 17:30:08.333,1.99075,1.99155,1.60,1.60
2009.01.27 17:30:08.674,1.99075,1.9916,1.60,1.00
2009.01.27 17:30:12.252,1.99085,1.99145,1.60,1.00
2009.01.27 17:30:12.693,1.99075,1.99145,1.60,1.00
2009.01.27 17:30:12.932,1.99065,1.99145,1.60,1.00
2009.01.27 17:30:13.392,1.9906,1.9913,1.60,1.00
2009.01.27 17:30:13.512,1.99055,1.9913,1.60,1.00
2009.01.27 17:30:14.622,1.9906,1.9913,1.60,1.00
2009.01.27 17:30:16.392,1.9906,1.99085,1.60,1.40
2009.01.27 17:30:16.971,1.99055,1.99085,2.00,1.00
2009.01.27 17:30:17.321,1.98955,1.99085,1.60,1.00
2009.01.27 17:30:17.441,1.98955,1.9907,3.60,1.00
2009.01.27 17:30:19.621,1.98975,1.99065,2.00,1.00
2009.01.27 17:30:19.971,1.98995,1.9911,1.60,1.20
2009.01.27 17:30:20.021,1.99005,1.9913,2.00,1.00
2009.01.27 17:30:20.591,1.9901,1.9913,2.00,1.00
2009.01.27 17:30:20.650,1.99005,1.9913,2.00,1.00
2009.01.27 17:30:21.510,1.9901,1.9912,2.00,1.00
2009.01.27 17:30:23.080,1.99005,1.9912,3.60,1.00
2009.01.27 17:30:23.310,1.9902,1.9912,2.00,1.00
2009.01.27 17:30:31.528,1.99015,1.9912,2.00,1.00
2009.01.27 17:30:32.038,1.9902,1.9912,2.00,1.00
2009.01.27 17:30:34.797,1.9903,1.9914,1.60,1.00
2009.01.27 17:30:35.307,1.99025,1.99125,1.60,1.00
2009.01.27 17:30:35.777,1.9903,1.99125,2.00,1.00
2009.01.27 17:30:36.057,1.99035,1.99125,2.00,1.00
2009.01.27 17:30:37.456,1.99035,1.99125,2.00,1.00
2009.01.27 17:30:37.856,1.9904,1.9913,1.60,1.00
2009.01.27 17:30:38.156,1.99045,1.9913,2.00,1.00
2009.01.27 17:30:39.966,1.99045,1.9913,3.60,1.00
2009.01.27 17:30:41.056,1.99045,1.9913,2.00,1.00
2009.01.27 17:30:41.585,1.99035,1.9913,3.60,1.00
2009.01.27 17:30:43.935,1.99035,1.99125,2.00,1.00
2009.01.27 17:30:50.034,1.9904,1.99125,2.00,1.00
2009.01.27 17:30:50.383,1.99045,1.9914,2.00,1.00
2009.01.27 17:30:50.554,1.9906,1.99155,1.60,1.00
2009.01.27 17:30:50.893,1.99065,1.99155,2.00,1.00
2009.01.27 17:30:51.183,1.9907,1.99155,2.00,1.00
2009.01.27 17:30:52.343,1.9906,1.99145,2.00,1.00
2009.01.27 17:30:52.633,1.99055,1.99145,2.00,1.00
2009.01.27 17:30:53.273,1.99055,1.99155,2.00,1.00
2009.01.27 17:30:54.013,1.9906,1.99155,2.00,1.00
2009.01.27 17:30:55.702,1.9907,1.9916,2.00,1.00
2009.01.27 17:30:57.332,1.9907,1.9914,2.00,1.00
2009.01.27 17:30:57.741,1.99065,1.9917,1.60,1.00
2009.01.27 17:30:58.272,1.9906,1.9914,1.60,1.00
2009.01.27 17:31:00.121,1.99075,1.99145,3.60,1.00
2009.01.27 17:31:00.421,1.99065,1.9918,3.20,1.00
2009.01.27 17:31:00.711,1.99065,1.9918,3.60,1.00
