2017.09.25 20:00:00.105,1.4931,1.49322,1.00,1.00
2017.09.25 20:00:00.413,1.49308,1.4932,1.50,1.00
2017.09.25 20:00:00.761,1.49309,1.49319,1.19,1.00
2017.09.25 20:00:01.018,1.49307,1.49319,1.75,1.00
2017.09.25 20:00:01.173,1.49307,1.4932,1.87,1.00
2017.09.25 20:00:01.225,1.49307,1.49318,1.00,1.00
2017.09.25 20:00:01.531,1.49304,1.49315,1.37,1.00
2017.09.25 20:00:01.624,1.49303,1.49315,2.81,1.00
2017.09.25 20:00:02.138,1.49303,1.49315,1.12,1.00
2017.09.25 20:00:03.360,1.49302,1.49315,1.62,1.00
2017.09.25 20:00:03.882,1.49302,1.49315,1.50,1.00
2017.09.25 20:00:04.573,1.49301,1.49315,2.25,1.00
2017.09.25 20:00:05.248,1.49302,1.49313,1.25,1.00
2017.09.25 20:00:05.785,1.49301,1.49313,2.06,1.00
2017.09.25 20:00:06.886,1.49302,1.49313,1.12,1.00
2017.09.25 20:00:07.194,1.49303,1.49316,3.00,1.00
2017.09.25 20:00:07.707,1.49303,1.49315,3.56,1.00
2017.09.25 20:00:07.863,1.49303,1.49313,1.31,1.00
2017.09.25 20:00:08.070,1.49303,1.49312,1.25,1.00
2017.09.25 20:00:08.649,1.49303,1.49312,1.44,1.00
2017.09.25 20:00:09.182,1.49303,1.49312,1.12,1.00
2017.09.25 20:00:09.715,1.49303,1.49313,1.87,1.00
2017.09.25 20:00:10.226,1.49303,1.49313,1.25,1.00
2017.09.25 20:00:10.829,1.49303,1.49313,1.44,1.00
2017.09.25 20:00:11.216,1.49302,1.49313,1.25,1.00
2017.09.25 20:00:11.498,1.49303,1.49313,1.19,1.00
2017.09.25 20:00:12.103,1.49303,1.49313,1.12,1.00
2017.09.25 20:00:12.661,1.49303,1.49313,1.31,1.00
2017.09.25 20:00:14.263,1.49302,1.49313,1.31,1.00
2017.09.25 20:00:14.777,1.49302,1.49312,2.06,1.00
2017.09.25 20:00:15.337,1.49302,1.49312,1.31,1.00
2017.09.25 20:00:16.010,1.49302,1.49312,1.12,1.00
2017.09.25 20:00:16.528,1.49301,1.49312,1.87,1.00
2017.09.25 20:00:17.139,1.49302,1.49312,1.25,1.00
2017.09.25 20:00:17.606,1.49303,1.49313,1.44,1.00
2017.09.25 20:00:17.760,1.49304,1.49315,1.31,1.00
2017.09.25 20:00:18.456,1.49304,1.49314,1.62,1.00
2017.09.25 20:00:18.979,1.49303,1.49313,1.62,1.00
2017.09.25 20:00:19.487,1.49303,1.49313,1.62,1.00
2017.09.25 20:00:20.391,1.49302,1.49313,2.06,1.00
2017.09.25 20:00:21.087,1.49302,1.49313,1.19,1.00
2017.09.25 20:00:23.100,1.49302,1.49313,1.25,1.00
2017.09.25 20:00:24.194,1.49301,1.49313,1.44,1.00
2017.09.25 20:00:24.665,1.49301,1.49311,1.25,1.00
2017.09.25 20:00:25.214,1.49299,1.49311,2.44,1.00
2017.09.25 20:00:27.248,1.493,1.49311,2.06,1.00
2017.09.25 20:00:28.338,1.493,1.49311,2.06,1.00
2017.09.25 20:00:29.880,1.49299,1.49312,2.06,1.00
2017.09.25 20:00:30.187,1.49299,1.49311,2.44,1.00
2017.09.25 20:00:31.870,1.49299,1.49311,2.25,1.00
2017.09.25 20:00:32.427,1.493,1.49313,1.87,1.00
2017.09.25 20:00:32.973,1.493,1.49313,2.06,1.00
2017.09.25 20:00:33.025,1.493,1.49313,2.06,1.00
2017.09.25 20:00:33.301,1.49301,1.49313,1.62,1.00
2017.09.25 20:00:33.652,1.49301,1.49313,1.25,1.00
2017.09.25 20:00:33.896,1.493,1.49313,2.06,1.00
2017.09.25 20:00:34.408,1.493,1.49313,2.25,1.00
2017.09.25 20:00:34.516,1.49301,1.49313,1.44,1.00
2017.09.25 20:00:35.108,1.493,1.49313,1.56,1.00
2017.09.25 20:00:36.111,1.49301,1.49315,1.75,1.00
2017.09.25 20:00:36.768,1.49301,1.49315,2.25,1.00
2017.09.25 20:00:36.821,1.49301,1.49313,2.25,1.00
2017.09.25 20:00:37.432,1.49302,1.49312,1.62,1.00
2017.09.25 20:00:37.964,1.49302,1.49312,1.44,1.00
2017.09.25 20:00:38.466,1.49301,1.49313,2.62,1.00
2017.09.25 20:00:39.004,1.49301,1.49313,2.62,1.00
2017.09.25 20:00:39.565,1.49303,1.49313,1.25,1.00
2017.09.25 20:00:40.104,1.49303,1.49313,1.44,1.00
2017.09.25 20:00:40.680,1.49303,1.49313,1.25,1.00
2017.09.25 20:00:40.986,1.49302,1.49313,1.56,1.00
2017.09.25 20:00:41.711,1.49302,1.49313,1.44,1.00
2017.09.25 20:00:42.626,1.49302,1.49313,2.25,1.00
2017.09.25 20:00:43.165,1.49303,1.49313,1.56,1.00
2017.09.25 20:00:44.421,1.49303,1.49313,1.62,1.00
2017.09.25 20:00:44.952,1.49303,1.49313,1.62,1.00
2017.09.25 20:00:45.464,1.49302,1.49314,1.62,1.00
2017.09.25 20:00:45.974,1.49302,1.49314,1.56,1.00
2017.09.25 20:00:46.503,1.49303,1.49313,1.62,1.00
2017.09.25 20:00:47.012,1.49303,1.49313,1.25,1.00
2017.09.25 20:00:47.355,1.49303,1.49313,2.06,1.00
2017.09.25 20:00:47.869,1.49303,1.49313,1.44,1.00
2017.09.25 20:00:49.620,1.49302,1.49313,1.56,1.00
2017.09.25 20:00:50.121,1.49302,1.49313,1.56,1.00
2017.09.25 20:00:50.465,1.49302,1.49313,1.81,1.00
2017.09.25 20:00:51.454,1.49302,1.49315,1.56,1.00
2017.09.25 20:00:51.681,1.49302,1.49313,1.56,1.00
2017.09.25 20:00:52.916,1.49303,1.49313,1.62,1.00
2017.09.25 20:00:53.760,1.49303,1.49314,1.56,1.00
2017.09.25 20:00:54.334,1.49302,1.49313,2.81,1.00
2017.09.25 20:00:54.592,1.49304,1.49315,2.44,1.00
2017.09.25 20:00:54.900,1.49304,1.49315,2.62,1.00
2017.09.25 20:00:55.209,1.49305,1.49317,1.69,1.00
2017.09.25 20:00:55.723,1.49305,1.49317,2.06,1.00
2017.09.25 20:00:55.826,1.49304,1.49315,2.06,1.00
2017.09.25 20:00:57.045,1.49303,1.49315,2.81,1.00
2017.09.25 20:00:57.686,1.49303,1.49315,2.81,1.00
2017.09.25 20:00:58.234,1.49304,1.49314,1.44,1.00
2017.09.25 20:00:58.337,1.49304,1.49317,1.44,1.00
2017.09.25 20:00:59.354,1.49302,1.49317,2.06,1.00
2017.09.25 20:00:59.843,1.49302,1.49315,1.25,1.00
2017.09.25 20:01:00.150,1.49308,1.49319,1.00,1.69
2017.09.25 20:01:00.202,1.49311,1.49322,1.12,1.00
2017.09.25 20:01:00.254,1.49314,1.49327,1.00,1.50
2017.09.25 20:01:00.374,1.49314,1.49328,1.00,1.25
2017.09.25 20:01:00.426,1.49317,1.4933,1.00,1.00
2017.09.25 20:01:00.682,1.49314,1.49329,3.75,1.00
2017.09.25 20:01:01.207,1.49315,1.49327,1.15,1.00
2017.09.25 20:01:01.310,1.49313,1.49327,1.31,1.00
2017.09.25 20:01:01.825,1.49312,1.49326,1.34,1.00
2017.09.25 20:01:02.342,1.49312,1.49325,1.50,1.00
2017.09.25 20:01:02.394,1.49312,1.49325,1.50,1.00
2017.09.25 20:01:03.373,1.49311,1.49325,1.88,1.00
2017.09.25 20:01:03.595,1.49311,1.49323,1.19,1.00
2017.09.25 20:01:03.698,1.49309,1.49322,1.25,1.00
2017.09.25 20:01:03.801,1.49308,1.4932,1.31,1.00
2017.09.25 20:01:05.382,1.49307,1.4932,2.62,1.00
2017.09.25 20:01:05.735,1.49308,1.4932,1.69,1.00
2017.09.25 20:01:07.389,1.49307,1.49319,1.44,1.00
2017.09.25 20:01:07.492,1.49305,1.49319,1.44,1.00
2017.09.25 20:01:07.594,1.49305,1.49317,1.31,1.00
2017.09.25 20:01:08.114,1.49304,1.49317,1.62,1.00
2017.09.25 20:01:08.938,1.49304,1.49316,1.62,1.00
2017.09.25 20:01:09.040,1.49305,1.49318,1.12,1.00
2017.09.25 20:01:09.593,1.49303,1.49319,1.69,1.00
2017.09.25 20:01:09.696,1.49304,1.49318,1.12,1.00
2017.09.25 20:01:09.901,1.49303,1.49318,2.44,1.00
2017.09.25 20:01:10.413,1.49303,1.49318,1.69,1.00
2017.09.25 20:01:10.530,1.49304,1.49318,1.62,1.00
2017.09.25 20:01:11.055,1.49303,1.49318,2.44,1.00
2017.09.25 20:01:11.573,1.49304,1.49318,1.31,1.00
2017.09.25 20:01:11.624,1.49302,1.49316,1.69,1.00
2017.09.25 20:01:11.728,1.49302,1.49314,1.19,1.00
2017.09.25 20:01:11.781,1.493,1.49313,1.25,1.00
2017.09.25 20:01:12.292,1.49298,1.49312,1.56,1.00
2017.09.25 20:01:12.923,1.49299,1.49311,1.62,1.00
2017.09.25 20:01:13.433,1.49298,1.49311,1.56,1.00
2017.09.25 20:01:13.949,1.49299,1.49311,1.62,1.00
2017.09.25 20:01:14.484,1.49298,1.49311,1.31,1.00
2017.09.25 20:01:14.745,1.49298,1.49311,2.25,1.00
2017.09.25 20:01:15.809,1.49298,1.49311,1.44,1.00
2017.09.25 20:01:16.415,1.49296,1.49311,1.75,1.00
2017.09.25 20:01:17.065,1.49298,1.49311,1.19,1.00
2017.09.25 20:01:17.167,1.49298,1.49314,1.13,1.00
2017.09.25 20:01:17.525,1.49299,1.49314,1.94,1.00
2017.09.25 20:01:18.036,1.493,1.49315,2.00,1.00
2017.09.25 20:01:18.572,1.49301,1.49315,1.94,1.00
2017.09.25 20:01:18.756,1.49302,1.49317,1.62,1.00
2017.09.25 20:01:18.910,1.49302,1.49317,2.25,1.00
2017.09.25 20:01:18.961,1.49303,1.49317,1.37,1.00
2017.09.25 20:01:19.598,1.49302,1.49317,2.06,1.00
2017.09.25 20:01:20.205,1.49303,1.49317,1.37,1.00
2017.09.25 20:01:20.369,1.49302,1.49317,1.69,1.00
2017.09.25 20:01:20.879,1.49305,1.49317,1.37,1.00
2017.09.25 20:01:20.930,1.49311,1.49323,1.00,1.00
2017.09.25 20:01:21.446,1.49311,1.49324,1.00,1.00
2017.09.25 20:01:21.988,1.4931,1.49324,1.12,1.00
2017.09.25 20:01:22.553,1.49311,1.49324,1.00,1.00
2017.09.25 20:01:23.068,1.4931,1.49324,1.25,1.00
2017.09.25 20:01:23.728,1.49311,1.49324,1.00,1.00
2017.09.25 20:01:24.234,1.49311,1.49322,1.00,1.00
2017.09.25 20:01:24.827,1.4931,1.49322,1.12,1.00
2017.09.25 20:01:25.341,1.49311,1.49322,1.00,1.00
2017.09.25 20:01:25.916,1.49312,1.49322,1.13,1.00
2017.09.25 20:01:26.506,1.49311,1.49324,1.25,1.00
2017.09.25 20:01:27.917,1.49312,1.49324,1.00,1.00
2017.09.25 20:01:28.425,1.49311,1.49324,1.00,1.00
2017.09.25 20:01:29.057,1.49311,1.49323,1.00,1.00
2017.09.25 20:01:29.590,1.49312,1.49323,1.00,1.00
2017.09.25 20:01:30.120,1.49311,1.49323,1.00,1.00
2017.09.25 20:01:30.783,1.49312,1.49323,1.00,1.00
2017.09.25 20:01:31.164,1.49309,1.49322,1.69,1.00
2017.09.25 20:01:31.267,1.49312,1.49323,1.00,1.00
2017.09.25 20:01:31.830,1.49311,1.49323,1.00,1.00
2017.09.25 20:01:32.346,1.49312,1.49322,1.00,1.00
2017.09.25 20:01:32.982,1.49311,1.49322,1.00,1.00
2017.09.25 20:01:33.764,1.49312,1.49322,1.00,1.00
2017.09.25 20:01:34.274,1.49311,1.49322,1.00,1.00
2017.09.25 20:01:35.076,1.49304,1.49317,2.44,1.00
2017.09.25 20:01:35.231,1.49298,1.49313,2.06,1.00
2017.09.25 20:01:35.283,1.49296,1.49311,2.81,1.00
2017.09.25 20:01:35.334,1.49296,1.49311,2.81,1.00
2017.09.25 20:01:35.590,1.49296,1.49308,1.62,1.00
2017.09.25 20:01:36.100,1.49296,1.49308,2.06,1.00
2017.09.25 20:01:36.636,1.49296,1.49308,2.81,1.00
2017.09.25 20:01:37.255,1.49296,1.49309,1.87,1.00
2017.09.25 20:01:38.852,1.49296,1.49309,2.06,1.00
2017.09.25 20:01:39.357,1.49296,1.49309,2.81,1.00
2017.09.25 20:01:42.148,1.49296,1.49309,1.25,1.00
2017.09.25 20:01:43.645,1.49296,1.49312,1.69,1.00
2017.09.25 20:01:45.069,1.49296,1.49312,2.25,1.00
2017.09.25 20:01:45.825,1.49296,1.49312,1.87,1.00
2017.09.25 20:01:45.979,1.49297,1.49313,1.44,1.00
2017.09.25 20:01:46.494,1.49296,1.49313,2.62,1.00
2017.09.25 20:01:50.980,1.49296,1.49313,2.06,1.00
2017.09.25 20:01:51.294,1.49296,1.49313,2.81,1.00
2017.09.25 20:01:51.858,1.49296,1.49313,1.25,1.00
2017.09.25 20:01:52.379,1.49296,1.49312,1.87,1.00
2017.09.25 20:01:52.892,1.49296,1.49312,1.69,1.00
2017.09.25 20:01:55.254,1.49296,1.49312,1.69,1.00
2017.09.25 20:01:57.290,1.49296,1.49312,1.87,1.00
2017.09.25 20:02:00.053,1.49296,1.49312,1.69,1.00
2017.09.25 20:02:02.257,1.49296,1.49312,2.06,1.00
2017.09.25 20:02:02.978,1.49296,1.49312,1.87,1.00
2017.09.25 20:02:03.176,1.49296,1.49312,2.25,1.00
2017.09.25 20:02:03.723,1.49296,1.49312,2.62,1.00
2017.09.25 20:02:04.591,1.49296,1.49312,2.62,1.00
2017.09.25 20:02:05.092,1.49296,1.49313,1.69,1.00
2017.09.25 20:02:05.613,1.49296,1.49314,2.06,1.00
2017.09.25 20:02:06.118,1.49296,1.49313,2.06,1.00
2017.09.25 20:02:07.058,1.49296,1.49314,3.00,1.00
2017.09.25 20:02:07.161,1.49296,1.49314,1.12,1.00
2017.09.25 20:02:07.857,1.49296,1.49314,2.81,1.00
2017.09.25 20:02:08.388,1.49296,1.49314,1.12,1.00
2017.09.25 20:02:08.983,1.49296,1.49314,1.62,1.00
2017.09.25 20:02:09.619,1.49296,1.49314,2.06,1.00
2017.09.25 20:02:10.178,1.49296,1.49315,2.81,1.00
2017.09.25 20:02:10.230,1.49296,1.49309,1.00,1.00
2017.09.25 20:02:10.281,1.49293,1.49309,1.25,1.00
2017.09.25 20:02:10.805,1.4929,1.49309,2.44,1.50
2017.09.25 20:02:11.390,1.4929,1.49308,2.25,1.00
2017.09.25 20:02:12.155,1.4929,1.49307,2.25,1.00
2017.09.25 20:02:12.206,1.4929,1.4931,3.19,1.00
2017.09.25 20:02:12.360,1.49291,1.49309,1.12,1.19
2017.09.25 20:02:13.028,1.49292,1.49311,2.25,1.25
2017.09.25 20:02:13.081,1.49293,1.49311,1.56,1.00
2017.09.25 20:02:13.741,1.49292,1.49312,2.25,1.00
2017.09.25 20:02:14.336,1.49293,1.49313,1.75,1.00
2017.09.25 20:02:15.012,1.49292,1.49313,4.13,1.00
2017.09.25 20:02:15.115,1.49293,1.49313,1.50,1.00
2017.09.25 20:02:15.621,1.49292,1.4931,4.69,1.00
2017.09.25 20:02:16.260,1.49293,1.4931,1.81,1.00
2017.09.25 20:02:17.000,1.49292,1.4931,4.69,1.00
2017.09.25 20:02:17.622,1.49293,1.4931,1.81,1.00
2017.09.25 20:02:17.873,1.493,1.49318,1.44,1.25
2017.09.25 20:02:17.924,1.49299,1.49316,2.25,1.00
2017.09.25 20:02:18.651,1.49299,1.49316,1.69,1.00
2017.09.25 20:02:19.164,1.49298,1.49316,2.06,1.00
2017.09.25 20:02:19.715,1.49298,1.49316,2.06,1.00
2017.09.25 20:02:20.265,1.49297,1.49316,3.38,1.00
2017.09.25 20:02:21.793,1.49298,1.49316,1.50,1.00
2017.09.25 20:02:24.014,1.49297,1.49316,4.13,1.00
2017.09.25 20:02:24.550,1.49298,1.49316,1.81,1.00
2017.09.25 20:02:24.884,1.49303,1.49318,1.50,1.00
2017.09.25 20:02:25.141,1.49303,1.4932,1.31,1.00
2017.09.25 20:02:25.294,1.49303,1.49318,1.62,1.00
2017.09.25 20:02:26.247,1.49303,1.49318,1.62,1.00
2017.09.25 20:02:26.936,1.49303,1.49319,1.00,1.00
2017.09.25 20:02:27.461,1.49303,1.49318,1.00,1.00
2017.09.25 20:02:27.991,1.49302,1.49318,1.87,1.00
2017.09.25 20:02:29.018,1.49302,1.49319,1.12,1.00
2017.09.25 20:02:29.576,1.49303,1.49319,1.25,1.00
2017.09.25 20:02:30.192,1.49302,1.49319,1.12,1.00
2017.09.25 20:02:30.705,1.49303,1.49319,1.00,1.00
2017.09.25 20:02:31.237,1.49302,1.49319,1.25,1.00
2017.09.25 20:02:32.103,1.49303,1.49319,1.25,1.00
2017.09.25 20:02:32.634,1.49302,1.49319,1.12,1.00
2017.09.25 20:02:33.147,1.49301,1.4932,2.44,1.00
2017.09.25 20:02:33.669,1.49302,1.4932,1.12,1.25
2017.09.25 20:02:34.196,1.49302,1.4932,1.62,1.25
2017.09.25 20:02:34.465,1.49302,1.4932,1.56,1.25
2017.09.25 20:02:36.561,1.49301,1.4932,3.94,1.00
2017.09.25 20:02:37.530,1.49302,1.4932,1.62,1.00
2017.09.25 20:02:40.270,1.49301,1.4932,3.94,1.00
2017.09.25 20:02:40.423,1.49302,1.4932,2.62,1.25
2017.09.25 20:02:41.812,1.493,1.49318,1.81,1.00
2017.09.25 20:02:42.332,1.493,1.49318,1.62,1.00
2017.09.25 20:02:43.755,1.493,1.49318,1.44,1.19
2017.09.25 20:02:43.858,1.493,1.49316,1.19,1.44
2017.09.25 20:02:43.911,1.49299,1.49315,1.00,1.62
2017.09.25 20:02:43.963,1.49298,1.49315,1.69,1.25
2017.09.25 20:02:44.015,1.49297,1.49314,1.50,1.19
2017.09.25 20:02:44.300,1.49297,1.49315,1.69,1.25
2017.09.25 20:02:44.352,1.49298,1.49315,1.31,1.25
2017.09.25 20:02:44.876,1.49298,1.49315,1.12,1.25
2017.09.25 20:02:45.393,1.49298,1.49315,1.31,1.25
2017.09.25 20:02:46.149,1.49297,1.49315,2.44,1.25
2017.09.25 20:02:46.803,1.49298,1.49315,1.44,1.25
2017.09.25 20:02:47.334,1.49297,1.49315,3.94,1.25
2017.09.25 20:02:47.945,1.49298,1.49315,1.44,1.25
2017.09.25 20:02:48.777,1.49297,1.49315,3.94,1.25
2017.09.25 20:02:49.284,1.49298,1.49315,1.44,1.25
2017.09.25 20:02:51.796,1.49297,1.49315,3.94,1.25
2017.09.25 20:02:52.560,1.49297,1.49315,3.75,1.25
2017.09.25 20:02:53.063,1.49297,1.49315,3.94,1.25
2017.09.25 20:02:53.955,1.49298,1.49315,1.44,1.25
2017.09.25 20:02:54.761,1.49298,1.49315,1.12,1.25
2017.09.25 20:02:56.969,1.49298,1.49315,1.31,1.25
2017.09.25 20:02:58.252,1.49297,1.49315,4.12,1.25
2017.09.25 20:03:00.138,1.49297,1.49315,3.94,1.25
2017.09.25 20:03:00.723,1.49297,1.49316,3.94,1.00
2017.09.25 20:03:01.178,1.49298,1.49316,1.44,1.00
2017.09.25 20:03:01.948,1.49298,1.49316,1.19,1.13
2017.09.25 20:03:03.937,1.49297,1.49314,2.62,1.00
2017.09.25 20:03:04.554,1.49297,1.49314,1.87,1.00
2017.09.25 20:03:05.087,1.49297,1.49314,2.25,1.00
2017.09.25 20:03:05.896,1.49297,1.49314,1.31,1.00
2017.09.25 20:03:06.420,1.49297,1.49315,3.00,1.00
2017.09.25 20:03:06.961,1.49298,1.49315,1.81,1.00
2017.09.25 20:03:08.158,1.49298,1.49315,1.31,1.00
2017.09.25 20:03:08.666,1.49298,1.49315,1.81,1.00
2017.09.25 20:03:10.186,1.49298,1.49315,1.62,1.00
2017.09.25 20:03:10.713,1.49298,1.49314,1.44,1.00
2017.09.25 20:03:12.376,1.49298,1.49314,1.12,1.00
2017.09.25 20:03:12.908,1.49297,1.49314,2.25,1.00
2017.09.25 20:03:21.597,1.49297,1.49314,2.81,1.00
2017.09.25 20:03:22.104,1.49298,1.49314,1.31,1.00
2017.09.25 20:03:22.661,1.49297,1.49314,2.81,1.00
2017.09.25 20:03:23.376,1.49297,1.49314,2.81,1.00
2017.09.25 20:03:24.583,1.49297,1.49314,2.06,1.00
2017.09.25 20:03:25.094,1.49297,1.49314,2.06,1.00
2017.09.25 20:03:25.632,1.49297,1.49314,2.81,1.00
2017.09.25 20:03:26.264,1.49298,1.49314,1.31,1.00
2017.09.25 20:03:27.385,1.49297,1.49314,2.62,1.00
2017.09.25 20:03:28.085,1.49297,1.49314,3.00,1.00
2017.09.25 20:03:28.608,1.49298,1.49314,1.12,1.00
2017.09.25 20:03:29.387,1.49298,1.49314,1.31,1.00
2017.09.25 20:03:32.137,1.49298,1.49315,1.37,1.00
2017.09.25 20:03:32.805,1.49297,1.49315,3.00,1.00
2017.09.25 20:03:33.374,1.49297,1.49315,2.81,1.00
2017.09.25 20:03:36.722,1.49298,1.49315,1.56,1.00
2017.09.25 20:03:37.346,1.49298,1.49315,1.62,1.00
2017.09.25 20:03:37.888,1.49297,1.49315,1.50,1.00
2017.09.25 20:03:38.423,1.49297,1.49314,1.50,1.00
2017.09.25 20:03:39.288,1.49297,1.49314,2.06,1.00
2017.09.25 20:03:39.906,1.49297,1.49314,2.62,1.00
2017.09.25 20:03:40.444,1.49297,1.49314,1.87,1.00
2017.09.25 20:03:41.113,1.49297,1.49314,1.25,1.00
2017.09.25 20:03:41.735,1.49296,1.49315,1.87,1.00
2017.09.25 20:03:42.628,1.49297,1.49315,1.19,1.00
2017.09.25 20:03:43.216,1.49297,1.49315,1.25,1.00
2017.09.25 20:03:43.747,1.49297,1.49315,1.31,1.00
2017.09.25 20:03:44.881,1.49296,1.49315,2.25,1.50
2017.09.25 20:03:45.194,1.49297,1.49315,1.12,1.00
2017.09.25 20:03:45.466,1.49297,1.49315,1.31,1.50
2017.09.25 20:03:45.517,1.49296,1.49315,1.87,1.25
2017.09.25 20:03:46.460,1.49297,1.49313,1.19,1.00
2017.09.25 20:03:46.966,1.49296,1.49313,2.25,1.00
2017.09.25 20:03:49.824,1.49297,1.49313,1.56,1.00
2017.09.25 20:03:50.567,1.49296,1.49313,2.25,1.00
2017.09.25 20:03:51.091,1.49296,1.49313,2.25,1.00
2017.09.25 20:03:51.399,1.49296,1.49314,3.00,1.00
2017.09.25 20:03:51.967,1.49298,1.49314,1.31,1.00
2017.09.25 20:03:52.487,1.49297,1.49314,1.81,1.00
2017.09.25 20:03:52.848,1.49298,1.49314,1.12,1.00
2017.09.25 20:03:53.437,1.49298,1.49314,1.31,1.00
2017.09.25 20:03:55.248,1.49297,1.49314,1.87,1.00
2017.09.25 20:03:56.362,1.49297,1.49314,2.06,1.00
2017.09.25 20:03:56.902,1.49298,1.49314,1.12,1.00
2017.09.25 20:03:57.157,1.49297,1.49314,2.06,1.00
2017.09.25 20:03:57.679,1.49297,1.49314,2.06,1.00
2017.09.25 20:04:03.231,1.49297,1.49314,2.06,1.00
2017.09.25 20:04:03.755,1.49297,1.49314,2.06,1.00
2017.09.25 20:04:04.317,1.49298,1.49314,1.37,1.00
2017.09.25 20:04:04.836,1.49297,1.49314,2.06,1.00
2017.09.25 20:04:05.361,1.49297,1.49314,1.25,1.00
2017.09.25 20:04:05.897,1.49297,1.49314,1.31,1.00
2017.09.25 20:04:07.331,1.49297,1.49314,1.25,1.00
2017.09.25 20:04:10.446,1.49297,1.49314,1.44,1.00
2017.09.25 20:04:14.205,1.49293,1.4931,2.62,1.38
2017.09.25 20:04:14.513,1.49291,1.49305,1.00,1.00
2017.09.25 20:04:14.616,1.4929,1.49307,1.69,1.25
2017.09.25 20:04:14.719,1.49289,1.49305,1.50,1.00
2017.09.25 20:04:15.042,1.49296,1.49311,1.00,1.00
2017.09.25 20:04:15.400,1.49296,1.49314,1.19,1.25
2017.09.25 20:04:15.916,1.49296,1.49313,1.56,1.00
2017.09.25 20:04:16.434,1.49295,1.49313,2.81,1.00
2017.09.25 20:04:16.957,1.49296,1.49313,1.75,1.00
2017.09.25 20:04:17.475,1.49295,1.49313,3.00,1.00
2017.09.25 20:04:18.012,1.49296,1.49314,3.00,1.25
2017.09.25 20:04:18.669,1.49296,1.49314,2.25,1.25
2017.09.25 20:04:19.249,1.49296,1.49314,1.75,1.25
2017.09.25 20:04:19.808,1.49295,1.49314,4.12,1.25
2017.09.25 20:04:22.161,1.49296,1.49314,2.81,1.25
2017.09.25 20:04:22.714,1.49296,1.49314,1.62,1.25
2017.09.25 20:04:26.423,1.49298,1.49314,1.00,1.25
2017.09.25 20:04:27.075,1.49297,1.49314,1.69,1.25
2017.09.25 20:04:27.838,1.49298,1.49314,1.25,1.25
2017.09.25 20:04:29.155,1.49298,1.49314,1.25,1.44
2017.09.25 20:04:29.717,1.49298,1.49314,1.00,1.25
2017.09.25 20:04:30.432,1.49297,1.49314,1.25,1.12
2017.09.25 20:04:32.235,1.49298,1.49314,1.25,1.25
2017.09.25 20:04:32.338,1.49301,1.49316,1.00,1.00
2017.09.25 20:04:32.441,1.49299,1.49317,1.50,1.00
2017.09.25 20:04:32.492,1.49302,1.49315,1.00,1.00
2017.09.25 20:04:32.544,1.49303,1.49317,1.00,1.00
2017.09.25 20:04:33.057,1.49301,1.49318,2.44,1.00
2017.09.25 20:04:33.562,1.49302,1.49319,1.25,1.00
2017.09.25 20:04:33.614,1.49304,1.49319,1.25,1.25
2017.09.25 20:04:34.279,1.49303,1.49319,1.25,1.25
2017.09.25 20:04:34.787,1.49304,1.49319,1.00,1.25
2017.09.25 20:04:35.947,1.49303,1.49319,1.25,1.25
2017.09.25 20:04:36.695,1.49304,1.49319,1.00,1.25
2017.09.25 20:04:37.200,1.49303,1.49319,1.25,1.25
2017.09.25 20:04:37.845,1.49304,1.49319,1.00,1.25
2017.09.25 20:04:39.232,1.49303,1.49319,1.25,1.25
2017.09.25 20:04:39.840,1.49304,1.49319,1.00,1.25
2017.09.25 20:04:41.446,1.49303,1.49319,2.44,1.25
2017.09.25 20:04:42.314,1.49304,1.49319,1.00,1.25
2017.09.25 20:04:42.853,1.49303,1.49319,1.25,1.25
2017.09.25 20:04:43.362,1.49302,1.49318,1.19,1.19
2017.09.25 20:04:43.632,1.493,1.49315,1.25,1.00
2017.09.25 20:04:44.798,1.493,1.49315,1.19,1.00
2017.09.25 20:04:49.203,1.49301,1.49315,1.25,2.06
2017.09.25 20:04:49.255,1.49297,1.49313,1.25,1.00
2017.09.25 20:04:49.306,1.49296,1.49311,1.31,1.19
2017.09.25 20:04:49.563,1.49294,1.49309,1.69,1.00
2017.09.25 20:04:49.792,1.49293,1.49309,2.44,1.25
2017.09.25 20:04:50.380,1.49293,1.49309,1.69,1.00
2017.09.25 20:04:50.898,1.49293,1.4931,2.62,1.25
2017.09.25 20:04:57.811,1.49293,1.4931,1.69,1.25
2017.09.25 20:04:59.828,1.49293,1.4931,2.44,1.25
2017.09.25 20:05:05.078,1.49294,1.4931,1.25,1.00
2017.09.25 20:05:07.259,1.49293,1.4931,1.69,1.00
2017.09.25 20:05:08.130,1.49294,1.4931,1.25,1.00
2017.09.25 20:05:11.787,1.49293,1.4931,2.44,1.00
2017.09.25 20:05:14.857,1.49294,1.4931,1.25,1.00
2017.09.25 20:05:17.445,1.49293,1.4931,2.44,1.00
2017.09.25 20:05:19.686,1.49293,1.49311,1.69,1.25
2017.09.25 20:05:20.208,1.49293,1.49312,2.44,1.87
2017.09.25 20:05:20.809,1.49294,1.49312,1.19,1.69
2017.09.25 20:05:23.823,1.49293,1.49312,1.69,1.69
2017.09.25 20:05:25.598,1.49294,1.49312,1.19,1.87
2017.09.25 20:05:26.123,1.49293,1.49312,2.44,1.69
2017.09.25 20:05:27.838,1.49294,1.49312,1.19,1.69
2017.09.25 20:05:28.365,1.49294,1.49312,1.25,1.69
2017.09.25 20:05:28.887,1.49293,1.49312,1.19,1.69
2017.09.25 20:05:30.682,1.49293,1.49311,1.19,2.44
2017.09.25 20:05:32.676,1.49293,1.49311,1.25,1.19
2017.09.25 20:05:33.035,1.49289,1.49307,1.87,1.00
2017.09.25 20:05:33.438,1.49281,1.49297,2.44,1.00
2017.09.25 20:05:34.025,1.49281,1.49297,1.56,1.00
2017.09.25 20:05:37.462,1.49281,1.49297,1.12,1.00
2017.09.25 20:05:37.667,1.49281,1.49297,1.62,1.00
2017.09.25 20:05:38.181,1.4928,1.49297,2.06,1.00
2017.09.25 20:05:39.407,1.49281,1.49297,1.37,1.00
2017.09.25 20:05:39.927,1.4928,1.49297,2.06,1.00
2017.09.25 20:05:40.901,1.49281,1.49297,1.37,1.00
2017.09.25 20:05:42.678,1.4928,1.49297,2.06,1.00
2017.09.25 20:05:44.263,1.49281,1.49297,1.44,1.00
2017.09.25 20:05:44.468,1.49276,1.49293,2.25,1.00
2017.09.25 20:05:45.656,1.49277,1.49293,1.37,1.00
2017.09.25 20:05:46.203,1.49276,1.49293,1.50,1.00
2017.09.25 20:05:46.849,1.49277,1.49293,1.37,1.00
2017.09.25 20:05:47.487,1.49276,1.49293,2.25,1.00
2017.09.25 20:05:48.587,1.49277,1.49293,1.62,1.00
2017.09.25 20:05:49.618,1.49277,1.49294,1.62,1.00
2017.09.25 20:05:50.749,1.49276,1.49294,1.81,1.00
2017.09.25 20:05:51.316,1.49277,1.49294,1.62,1.00
2017.09.25 20:05:51.368,1.49276,1.49294,1.81,1.00
2017.09.25 20:05:54.926,1.49277,1.49294,1.62,1.00
2017.09.25 20:05:56.447,1.49276,1.49294,1.81,1.00
2017.09.25 20:05:57.211,1.49276,1.49294,1.81,1.00
2017.09.25 20:05:57.755,1.49275,1.49294,2.25,1.00
2017.09.25 20:05:58.867,1.49278,1.49298,1.00,2.06
2017.09.25 20:05:59.383,1.49278,1.49297,1.25,1.44
2017.09.25 20:05:59.909,1.49278,1.49297,1.87,1.13
2017.09.25 20:06:00.439,1.49278,1.49298,1.25,1.87
2017.09.25 20:06:00.976,1.49278,1.49297,1.87,1.25
2017.09.25 20:06:01.810,1.49278,1.49297,1.87,1.44
2017.09.25 20:06:02.279,1.49278,1.49298,1.25,1.25
2017.09.25 20:06:02.331,1.49278,1.49294,1.87,1.00
2017.09.25 20:06:03.436,1.49278,1.49295,1.25,1.00
2017.09.25 20:06:04.002,1.49278,1.49294,1.87,1.00
2017.09.25 20:06:05.153,1.49278,1.49296,1.00,1.00
2017.09.25 20:06:05.779,1.49278,1.49297,1.00,1.69
2017.09.25 20:06:06.285,1.49278,1.49296,1.25,1.69
2017.09.25 20:06:06.388,1.49278,1.49294,1.25,1.00
2017.09.25 20:06:06.999,1.49278,1.49295,1.00,1.00
2017.09.25 20:06:08.663,1.49278,1.49294,1.00,1.00
2017.09.25 20:06:09.276,1.49278,1.49295,1.00,1.00
2017.09.25 20:06:10.231,1.49278,1.49294,1.12,1.00
2017.09.25 20:06:12.208,1.49278,1.49295,1.00,1.00
2017.09.25 20:06:14.014,1.49275,1.49295,1.50,1.00
2017.09.25 20:06:17.548,1.49276,1.49294,1.69,1.00
2017.09.25 20:06:18.088,1.49275,1.49295,2.62,1.50
2017.09.25 20:06:18.605,1.49276,1.49294,1.62,1.00
2017.09.25 20:06:22.831,1.49276,1.49295,1.44,1.50
2017.09.25 20:06:23.162,1.49275,1.49293,2.44,1.00
2017.09.25 20:06:24.383,1.49276,1.49292,1.50,1.00
2017.09.25 20:06:24.889,1.49276,1.49293,1.31,1.50
2017.09.25 20:06:25.416,1.49275,1.49292,3.00,1.00
2017.09.25 20:06:25.943,1.49275,1.49293,2.81,1.50
2017.09.25 20:06:26.464,1.49275,1.49292,3.19,1.00
2017.09.25 20:06:27.110,1.49275,1.49295,3.19,1.87
2017.09.25 20:06:29.017,1.49275,1.49294,1.94,1.00
2017.09.25 20:06:29.567,1.49275,1.49295,2.00,1.50
2017.09.25 20:06:30.840,1.49275,1.49294,3.00,1.00
2017.09.25 20:06:33.198,1.49275,1.49294,3.19,1.50
2017.09.25 20:06:33.789,1.49275,1.49294,3.19,1.50
2017.09.25 20:06:34.896,1.49275,1.49293,2.00,1.00
2017.09.25 20:06:36.190,1.49275,1.49294,1.81,1.50
2017.09.25 20:06:40.647,1.49275,1.49293,1.87,1.00
2017.09.25 20:06:41.156,1.49277,1.49294,1.25,1.50
2017.09.25 20:06:42.546,1.49276,1.49293,1.69,1.00
2017.09.25 20:06:43.155,1.49275,1.49294,3.00,1.50
2017.09.25 20:06:43.356,1.49276,1.49291,1.81,1.00
2017.09.25 20:06:43.561,1.49275,1.49292,1.81,1.00
2017.09.25 20:06:43.848,1.49275,1.49294,1.81,1.50
2017.09.25 20:06:44.527,1.49274,1.49293,3.37,1.00
2017.09.25 20:06:45.063,1.49274,1.49294,2.63,1.00
2017.09.25 20:06:45.568,1.49274,1.49293,3.56,1.00
2017.09.25 20:06:46.072,1.49274,1.49294,2.44,1.50
2017.09.25 20:06:46.895,1.49274,1.49293,3.56,1.00
2017.09.25 20:06:47.447,1.49274,1.49294,2.44,1.50
2017.09.25 20:06:48.821,1.49276,1.49293,1.00,1.00
2017.09.25 20:06:49.535,1.49275,1.49293,2.06,1.00
2017.09.25 20:06:49.637,1.49275,1.49291,2.06,1.00
2017.09.25 20:06:50.178,1.49275,1.49291,1.62,1.00
2017.09.25 20:06:50.749,1.49275,1.49291,1.56,1.00
2017.09.25 20:06:50.846,1.49275,1.49291,1.31,1.00
2017.09.25 20:06:51.906,1.49274,1.49291,2.62,1.00
2017.09.25 20:06:53.210,1.49275,1.49291,1.44,1.00
2017.09.25 20:06:53.916,1.49274,1.49291,2.25,1.00
2017.09.25 20:06:54.566,1.49274,1.49291,3.00,1.00
2017.09.25 20:06:57.005,1.49275,1.49291,1.62,1.00
2017.09.25 20:06:57.899,1.49275,1.49291,1.44,1.00
2017.09.25 20:06:58.425,1.49275,1.49291,1.12,1.00
2017.09.25 20:06:58.957,1.49275,1.49292,1.12,1.00
2017.09.25 20:07:00.350,1.49274,1.49292,3.19,1.00
2017.09.25 20:07:01.643,1.49275,1.49292,1.12,1.00
2017.09.25 20:07:02.157,1.49275,1.49292,1.50,1.00
2017.09.25 20:07:02.463,1.49274,1.49292,2.06,1.00
2017.09.25 20:07:02.670,1.49274,1.49292,3.00,1.00
2017.09.25 20:07:03.309,1.49274,1.49292,2.06,1.00
2017.09.25 20:07:03.825,1.49274,1.49292,2.25,1.00
2017.09.25 20:07:04.667,1.49276,1.49294,1.62,1.50
2017.09.25 20:07:04.820,1.49275,1.49294,1.62,1.00
2017.09.25 20:07:05.115,1.49276,1.49294,1.62,1.50
2017.09.25 20:07:05.981,1.49275,1.49294,1.56,1.00
2017.09.25 20:07:06.391,1.49275,1.49291,1.56,1.00
2017.09.25 20:07:06.996,1.49275,1.49292,1.56,1.00
2017.09.25 20:07:07.541,1.49275,1.49291,2.06,1.00
2017.09.25 20:07:08.085,1.49275,1.49292,2.06,1.00
2017.09.25 20:07:08.641,1.49275,1.49291,1.56,1.00
2017.09.25 20:07:08.909,1.49275,1.49292,1.87,1.00
2017.09.25 20:07:09.605,1.49275,1.49291,1.56,1.00
2017.09.25 20:07:10.121,1.49275,1.49292,2.06,1.00
2017.09.25 20:07:12.080,1.49275,1.49291,1.56,1.00
2017.09.25 20:07:12.295,1.49274,1.4929,1.69,1.00
2017.09.25 20:07:12.813,1.49274,1.4929,1.00,1.00
2017.09.25 20:07:13.329,1.49273,1.4929,1.69,1.50
2017.09.25 20:07:15.237,1.49274,1.49289,1.62,1.00
2017.09.25 20:07:15.966,1.49273,1.4929,1.69,1.50
2017.09.25 20:07:16.880,1.49274,1.49289,1.31,1.00
2017.09.25 20:07:16.931,1.49273,1.4929,1.69,1.50
2017.09.25 20:07:17.088,1.49274,1.49289,1.31,1.00
2017.09.25 20:07:17.593,1.49273,1.49289,1.69,1.00
2017.09.25 20:07:18.157,1.49274,1.49289,1.31,1.50
2017.09.25 20:07:18.464,1.49279,1.4929,1.25,1.00
2017.09.25 20:07:18.566,1.49279,1.49292,1.44,1.12
2017.09.25 20:07:19.019,1.49275,1.49293,2.06,1.50
2017.09.25 20:07:19.527,1.49275,1.49292,2.81,1.00
2017.09.25 20:07:21.438,1.49275,1.49293,2.00,1.50
2017.09.25 20:07:24.453,1.49281,1.49292,1.00,1.00
2017.09.25 20:07:24.984,1.4928,1.49293,1.25,1.50
2017.09.25 20:07:27.738,1.49281,1.49292,1.00,1.00
2017.09.25 20:07:28.287,1.4928,1.49293,1.00,1.50
2017.09.25 20:07:28.804,1.49281,1.49292,1.00,1.00
2017.09.25 20:07:34.074,1.4928,1.49293,1.00,1.50
2017.09.25 20:07:35.877,1.49281,1.49292,1.00,1.00
2017.09.25 20:07:37.527,1.49276,1.49293,1.50,1.00
2017.09.25 20:07:37.579,1.49277,1.49288,1.00,1.00
2017.09.25 20:07:38.864,1.49277,1.49288,1.19,1.00
2017.09.25 20:07:40.364,1.49277,1.49288,1.25,1.00
2017.09.25 20:07:40.908,1.49276,1.49289,1.00,1.00
2017.09.25 20:07:43.933,1.49277,1.49288,1.25,1.00
2017.09.25 20:07:44.553,1.49276,1.49289,1.25,1.50
2017.09.25 20:07:45.196,1.49277,1.49288,1.00,1.00
2017.09.25 20:07:45.769,1.49276,1.49289,1.00,1.50
2017.09.25 20:07:46.292,1.49277,1.49288,1.00,1.00
2017.09.25 20:07:46.871,1.49277,1.49289,1.00,1.00
2017.09.25 20:07:48.573,1.49277,1.49287,1.25,1.00
2017.09.25 20:07:49.186,1.49276,1.49288,1.00,1.00
2017.09.25 20:07:51.826,1.49277,1.49287,1.00,1.00
2017.09.25 20:07:52.164,1.49271,1.49288,2.25,1.00
2017.09.25 20:07:55.140,1.49271,1.49288,2.25,1.00
2017.09.25 20:07:55.726,1.49271,1.49288,2.25,1.00
2017.09.25 20:07:57.853,1.49272,1.49287,1.56,1.00
2017.09.25 20:07:58.382,1.49271,1.49289,2.81,1.00
2017.09.25 20:07:58.434,1.49272,1.49286,1.56,1.00
2017.09.25 20:07:58.587,1.49271,1.49289,2.06,1.00
2017.09.25 20:07:59.439,1.49272,1.49288,1.81,1.00
2017.09.25 20:08:01.492,1.49272,1.49291,2.25,1.12
2017.09.25 20:08:01.546,1.49276,1.49293,1.19,2.25
2017.09.25 20:08:01.804,1.49276,1.49293,1.25,1.87
2017.09.25 20:08:01.958,1.49277,1.49293,1.19,2.62
2017.09.25 20:08:02.060,1.49276,1.49292,1.25,1.00
2017.09.25 20:08:02.264,1.49277,1.49293,1.19,1.12
2017.09.25 20:08:03.178,1.49277,1.49293,1.31,1.00
2017.09.25 20:08:03.696,1.49277,1.49293,1.44,1.00
2017.09.25 20:08:04.303,1.49276,1.49294,1.50,1.50
2017.09.25 20:08:04.840,1.49277,1.49293,1.62,1.00
2017.09.25 20:08:08.091,1.49277,1.49293,1.31,1.00
2017.09.25 20:08:10.926,1.49277,1.49293,1.31,1.00
2017.09.25 20:08:12.076,1.49276,1.49294,1.31,1.50
2017.09.25 20:08:12.978,1.49276,1.49294,2.25,1.50
2017.09.25 20:08:13.621,1.49277,1.49293,1.31,1.00
2017.09.25 20:08:14.856,1.49277,1.49294,1.00,1.00
2017.09.25 20:08:15.828,1.49276,1.49294,2.81,1.50
2017.09.25 20:08:16.450,1.49277,1.49293,1.12,1.00
2017.09.25 20:08:17.126,1.49276,1.49294,1.87,1.00
2017.09.25 20:08:17.816,1.49277,1.49293,1.12,1.00
2017.09.25 20:08:18.692,1.49276,1.49294,1.87,1.00
2017.09.25 20:08:19.227,1.49277,1.49293,1.12,1.00
2017.09.25 20:08:19.533,1.49276,1.49296,3.19,1.50
2017.09.25 20:08:19.585,1.49277,1.49294,2.25,1.00
2017.09.25 20:08:20.147,1.49277,1.49295,1.12,1.00
2017.09.25 20:08:20.667,1.49277,1.49295,1.62,1.00
2017.09.25 20:08:21.227,1.49277,1.49295,3.00,1.00
2017.09.25 20:08:25.084,1.49277,1.49296,2.25,1.00
2017.09.25 20:08:25.604,1.49277,1.49295,3.00,1.00
2017.09.25 20:08:26.181,1.49277,1.49296,1.50,1.00
2017.09.25 20:08:27.856,1.49277,1.49295,3.00,1.00
2017.09.25 20:08:31.075,1.49277,1.49295,2.06,1.00
2017.09.25 20:08:31.741,1.49277,1.49295,2.06,1.00
2017.09.25 20:08:32.513,1.49277,1.49296,1.62,1.00
2017.09.25 20:08:33.053,1.49277,1.49295,2.81,1.00
2017.09.25 20:08:33.105,1.49276,1.49295,1.25,1.00
2017.09.25 20:08:33.380,1.49274,1.49291,2.25,1.00
2017.09.25 20:08:33.431,1.49274,1.49293,2.25,1.00
2017.09.25 20:08:33.641,1.49273,1.49291,2.44,1.00
2017.09.25 20:08:33.743,1.49274,1.49293,1.81,1.50
2017.09.25 20:08:33.846,1.49274,1.4929,1.81,1.00
2017.09.25 20:08:33.948,1.49274,1.49293,1.81,1.50
2017.09.25 20:08:34.052,1.49274,1.49291,1.81,1.00
2017.09.25 20:08:34.257,1.49273,1.49291,2.25,1.00
2017.09.25 20:08:34.309,1.49273,1.49291,2.25,1.00
2017.09.25 20:08:34.534,1.49273,1.49291,2.25,1.00
2017.09.25 20:08:34.636,1.49273,1.4929,2.44,1.00
2017.09.25 20:08:34.840,1.49274,1.49291,1.31,1.00
2017.09.25 20:08:34.994,1.49275,1.49293,1.12,1.00
2017.09.25 20:08:35.045,1.49275,1.4929,1.25,1.00
2017.09.25 20:08:35.301,1.49275,1.49293,1.19,1.50
2017.09.25 20:08:35.352,1.49275,1.49291,1.00,1.00
2017.09.25 20:08:35.404,1.49275,1.49294,1.00,1.87
2017.09.25 20:08:35.506,1.49275,1.49293,1.37,1.00
2017.09.25 20:08:35.608,1.49275,1.49292,1.25,1.00
2017.09.25 20:08:35.779,1.49275,1.49294,1.25,1.87
2017.09.25 20:08:35.830,1.49275,1.4929,1.12,1.00
2017.09.25 20:08:35.998,1.49275,1.49293,1.12,1.00
2017.09.25 20:08:36.049,1.49275,1.49293,1.44,1.50
2017.09.25 20:08:36.152,1.49275,1.49293,1.25,1.00
2017.09.25 20:08:36.203,1.49275,1.49291,1.25,1.00
2017.09.25 20:08:36.356,1.49275,1.49293,1.31,1.00
2017.09.25 20:08:36.410,1.49275,1.49291,1.12,1.00
2017.09.25 20:08:36.589,1.49275,1.49293,1.62,1.50
2017.09.25 20:08:36.856,1.49275,1.49291,1.31,1.00
2017.09.25 20:08:36.907,1.49275,1.49293,1.31,1.00
2017.09.25 20:08:37.009,1.49275,1.49291,1.31,1.00
2017.09.25 20:08:37.061,1.49274,1.49294,1.81,1.87
2017.09.25 20:08:37.163,1.49274,1.49291,2.25,1.00
2017.09.25 20:08:37.675,1.49274,1.49291,2.25,1.00
2017.09.25 20:08:37.795,1.49274,1.49293,2.25,1.50
2017.09.25 20:08:37.846,1.49274,1.4929,1.81,1.00
2017.09.25 20:08:38.367,1.49273,1.49291,1.75,1.00
2017.09.25 20:08:38.426,1.49273,1.49293,2.00,1.00
2017.09.25 20:08:38.477,1.49273,1.4929,2.00,1.00
2017.09.25 20:08:38.907,1.49273,1.49294,1.75,1.87
2017.09.25 20:08:38.959,1.49273,1.49291,2.00,1.00
2017.09.25 20:08:39.146,1.49273,1.49293,2.00,1.00
2017.09.25 20:08:39.459,1.49273,1.49292,1.81,1.00
2017.09.25 20:08:39.969,1.49273,1.49293,2.00,1.00
2017.09.25 20:08:40.257,1.49273,1.49291,2.00,1.00
2017.09.25 20:08:40.798,1.49273,1.4929,2.00,1.00
2017.09.25 20:08:41.321,1.49273,1.49294,1.81,1.87
2017.09.25 20:08:41.372,1.49274,1.49291,1.19,1.00
2017.09.25 20:08:41.657,1.49274,1.49293,1.62,1.50
2017.09.25 20:08:42.176,1.49273,1.49293,1.69,1.00
2017.09.25 20:08:42.278,1.49273,1.49291,1.81,1.00
2017.09.25 20:08:43.595,1.49273,1.4929,1.69,1.00
2017.09.25 20:08:44.125,1.49274,1.49291,1.56,1.00
2017.09.25 20:08:44.711,1.49273,1.4929,1.81,1.00
2017.09.25 20:08:45.540,1.49272,1.49291,3.00,1.00
2017.09.25 20:08:45.591,1.49273,1.49291,1.69,1.00
2017.09.25 20:08:45.643,1.49272,1.49291,2.62,1.19
2017.09.25 20:08:45.950,1.49268,1.49287,3.37,1.00
2017.09.25 20:08:46.367,1.4927,1.49289,1.19,2.06
2017.09.25 20:08:46.524,1.4927,1.49286,1.37,1.00
2017.09.25 20:08:46.798,1.49269,1.49288,1.12,1.00
2017.09.25 20:08:48.336,1.49269,1.49289,1.62,2.06
2017.09.25 20:08:48.855,1.4927,1.49288,1.37,1.50
2017.09.25 20:08:49.174,1.49272,1.4929,1.44,1.19
2017.09.25 20:08:50.237,1.49272,1.49288,1.31,1.19
2017.09.25 20:08:50.289,1.49271,1.49288,1.56,1.19
2017.09.25 20:08:50.341,1.49271,1.49289,1.25,1.19
2017.09.25 20:08:51.091,1.49265,1.49281,3.56,1.19
2017.09.25 20:08:51.194,1.49261,1.49278,2.06,1.25
2017.09.25 20:08:51.247,1.49261,1.49279,1.87,1.44
2017.09.25 20:08:51.300,1.4926,1.49279,2.81,1.19
2017.09.25 20:08:53.738,1.4926,1.49279,3.56,1.25
2017.09.25 20:08:54.120,1.49261,1.4928,1.62,1.19
2017.09.25 20:08:54.727,1.49261,1.4928,1.62,1.19
2017.09.25 20:08:56.048,1.4926,1.49281,2.81,2.25
2017.09.25 20:08:56.350,1.49261,1.49277,1.12,1.19
2017.09.25 20:08:57.177,1.4926,1.49278,1.12,1.87
2017.09.25 20:08:58.027,1.49261,1.49277,1.25,1.19
2017.09.25 20:08:58.358,1.49261,1.49277,1.25,1.69
2017.09.25 20:08:59.110,1.49261,1.49277,1.25,1.69
2017.09.25 20:09:00.406,1.4926,1.49277,1.25,1.00
2017.09.25 20:09:00.820,1.4926,1.49279,1.69,1.50
2017.09.25 20:09:01.060,1.49261,1.49278,1.19,1.00
2017.09.25 20:09:01.646,1.4926,1.49279,1.62,1.00
2017.09.25 20:09:02.497,1.49261,1.49278,1.56,1.00
2017.09.25 20:09:04.902,1.4926,1.49279,1.56,1.00
2017.09.25 20:09:06.028,1.49261,1.49278,1.56,1.00
2017.09.25 20:09:06.687,1.4926,1.49279,3.00,1.00
2017.09.25 20:09:11.621,1.4926,1.49278,1.62,1.00
2017.09.25 20:09:12.300,1.4926,1.49279,1.31,1.00
2017.09.25 20:09:15.599,1.49259,1.49278,2.44,1.00
2017.09.25 20:09:16.107,1.49259,1.49279,1.56,1.00
2017.09.25 20:09:18.058,1.49263,1.49279,1.00,1.00
2017.09.25 20:09:18.657,1.49263,1.49278,1.00,1.00
2017.09.25 20:09:19.224,1.49263,1.49279,1.00,1.00
2017.09.25 20:09:20.488,1.49264,1.49279,1.00,1.00
2017.09.25 20:09:23.058,1.49264,1.49278,1.00,1.00
2017.09.25 20:09:24.409,1.49264,1.49279,1.00,1.00
2017.09.25 20:09:24.721,1.49266,1.49279,1.00,1.00
2017.09.25 20:09:30.109,1.49266,1.4928,1.25,1.00
2017.09.25 20:09:30.163,1.49268,1.49283,1.00,1.25
2017.09.25 20:09:30.696,1.49269,1.49285,1.00,2.06
2017.09.25 20:09:30.747,1.49271,1.49285,1.00,2.06
2017.09.25 20:09:31.029,1.49268,1.49284,1.00,1.19
2017.09.25 20:09:31.669,1.49265,1.49285,1.56,2.06
2017.09.25 20:09:32.185,1.49265,1.49284,3.56,1.69
2017.09.25 20:09:33.948,1.49265,1.49285,2.06,1.19
2017.09.25 20:09:34.390,1.49271,1.49285,1.00,1.19
2017.09.25 20:09:35.557,1.49269,1.49283,1.00,1.87
2017.09.25 20:09:35.609,1.49269,1.49283,1.00,1.44
2017.09.25 20:09:38.042,1.49269,1.49284,1.00,1.00
2017.09.25 20:09:39.447,1.49272,1.49287,1.25,1.37
2017.09.25 20:09:39.499,1.49272,1.4929,1.12,1.31
2017.09.25 20:09:39.550,1.49276,1.49291,1.25,1.37
2017.09.25 20:09:39.601,1.49277,1.49294,1.00,1.50
2017.09.25 20:09:39.653,1.4928,1.49299,1.00,2.62
2017.09.25 20:09:39.704,1.49281,1.49299,1.00,1.31
2017.09.25 20:09:39.909,1.49283,1.49298,1.00,1.00
2017.09.25 20:09:40.415,1.49284,1.49298,1.00,1.00
2017.09.25 20:09:40.909,1.49283,1.49295,1.00,1.00
2017.09.25 20:09:41.414,1.49282,1.49294,1.00,1.00
2017.09.25 20:09:41.937,1.49282,1.49295,1.00,1.87
2017.09.25 20:09:42.494,1.49282,1.49294,1.00,1.00
2017.09.25 20:09:43.102,1.49282,1.49295,1.00,1.87
2017.09.25 20:09:43.686,1.49282,1.49294,1.00,1.00
2017.09.25 20:09:48.837,1.49282,1.49295,1.00,1.87
2017.09.25 20:09:49.413,1.49282,1.49294,1.00,1.00
2017.09.25 20:09:50.231,1.49283,1.49298,1.00,1.75
2017.09.25 20:09:50.334,1.49284,1.49298,1.00,1.00
2017.09.25 20:09:52.979,1.49284,1.49297,1.00,1.00
2017.09.25 20:09:56.176,1.49284,1.49298,1.00,1.00
2017.09.25 20:09:58.643,1.49284,1.49297,1.00,1.00
2017.09.25 20:09:59.554,1.49284,1.49298,1.00,1.00
2017.09.25 20:10:00.152,1.49284,1.49297,1.00,1.00
2017.09.25 20:10:00.665,1.49284,1.49298,1.00,1.00
2017.09.25 20:10:01.201,1.49284,1.49297,1.00,1.00
2017.09.25 20:10:02.310,1.49283,1.49297,1.00,1.00
2017.09.25 20:10:02.920,1.49283,1.49298,1.00,1.00
2017.09.25 20:10:03.422,1.49282,1.49298,1.00,1.00
2017.09.25 20:10:04.083,1.49282,1.49297,1.00,1.00
2017.09.25 20:10:05.206,1.49282,1.49298,1.00,1.00
2017.09.25 20:10:05.734,1.49282,1.49297,1.00,1.00
2017.09.25 20:10:06.265,1.49281,1.49297,1.00,1.00
2017.09.25 20:10:09.598,1.49281,1.49296,1.00,1.00
2017.09.25 20:10:11.166,1.49281,1.49297,1.00,1.00
2017.09.25 20:10:15.763,1.49283,1.49298,1.00,1.00
2017.09.25 20:10:16.072,1.49285,1.493,1.00,1.50
2017.09.25 20:10:16.851,1.49285,1.493,1.00,1.50
2017.09.25 20:10:28.796,1.49282,1.49296,1.00,1.00
2017.09.25 20:10:28.982,1.49281,1.49298,1.00,1.87
2017.09.25 20:10:29.085,1.49283,1.49299,1.00,2.25
2017.09.25 20:10:29.290,1.49283,1.493,1.00,1.50
2017.09.25 20:10:30.236,1.49283,1.49299,1.00,1.25
2017.09.25 20:10:30.542,1.4928,1.49299,1.62,1.25
2017.09.25 20:10:31.241,1.49279,1.49298,1.31,1.00
2017.09.25 20:10:31.776,1.49279,1.49298,1.62,1.12
2017.09.25 20:10:32.280,1.49279,1.49298,2.06,1.12
2017.09.25 20:10:36.068,1.49279,1.49298,1.44,1.44
2017.09.25 20:10:36.664,1.49279,1.49298,1.19,1.25
2017.09.25 20:10:37.187,1.49279,1.49298,1.37,1.44
2017.09.25 20:10:37.718,1.49279,1.49298,1.19,1.25
2017.09.25 20:10:39.127,1.49279,1.49298,1.87,1.44
2017.09.25 20:10:39.725,1.49279,1.49298,1.19,1.25
2017.09.25 20:10:40.253,1.49279,1.49298,1.87,1.44
2017.09.25 20:10:40.766,1.49279,1.49298,1.19,1.25
2017.09.25 20:10:45.059,1.49278,1.49298,2.06,1.25
2017.09.25 20:10:45.770,1.49278,1.49298,2.25,1.00
2017.09.25 20:10:46.149,1.49277,1.49297,1.62,1.69
2017.09.25 20:10:46.754,1.49276,1.49297,2.81,1.69
2017.09.25 20:10:47.403,1.49277,1.49296,1.62,1.00
2017.09.25 20:10:47.922,1.49276,1.49297,2.06,1.87
2017.09.25 20:10:48.076,1.49276,1.49297,2.06,1.25
2017.09.25 20:10:50.033,1.49277,1.49295,1.12,1.50
2017.09.25 20:10:50.574,1.49275,1.49294,1.81,1.00
2017.09.25 20:10:51.087,1.49275,1.49294,1.81,1.00
2017.09.25 20:10:54.173,1.49275,1.49294,1.62,1.00
2017.09.25 20:10:54.225,1.49275,1.49294,1.31,1.00
2017.09.25 20:10:54.596,1.49276,1.49294,1.44,1.00
2017.09.25 20:10:54.735,1.49276,1.49295,1.25,1.50
2017.09.25 20:10:55.097,1.49275,1.49294,1.81,1.00
2017.09.25 20:10:56.056,1.49276,1.49295,1.19,1.50
2017.09.25 20:10:56.595,1.49276,1.49294,1.56,1.00
2017.09.25 20:10:57.159,1.49275,1.49292,2.25,1.00
2017.09.25 20:10:57.907,1.49275,1.49291,1.81,1.00
2017.09.25 20:10:58.411,1.49275,1.49291,1.31,1.00
2017.09.25 20:10:58.584,1.49275,1.49291,1.12,1.00
2017.09.25 20:10:58.788,1.49275,1.49291,1.50,1.00
2017.09.25 20:10:59.300,1.49274,1.49294,2.25,1.00
2017.09.25 20:11:00.114,1.49276,1.49294,1.56,1.50
2017.09.25 20:11:00.319,1.49275,1.49294,2.25,1.50
2017.09.25 20:11:00.949,1.49275,1.49294,2.25,1.50
2017.09.25 20:11:01.453,1.49276,1.49294,1.44,1.00
2017.09.25 20:11:01.977,1.49276,1.49294,1.81,1.50
2017.09.25 20:11:02.536,1.49275,1.49294,1.62,1.50
2017.09.25 20:11:03.069,1.49274,1.49291,2.81,1.00
2017.09.25 20:11:03.592,1.49274,1.49291,2.25,1.00
2017.09.25 20:11:04.430,1.49274,1.49291,2.25,1.00
2017.09.25 20:11:06.407,1.49274,1.49292,1.75,1.00
2017.09.25 20:11:06.812,1.49274,1.49292,2.25,1.00
2017.09.25 20:11:08.577,1.49274,1.49292,2.06,1.00
2017.09.25 20:11:09.726,1.49274,1.49292,2.25,1.00
2017.09.25 20:11:10.243,1.49274,1.49292,2.25,1.00
2017.09.25 20:11:13.679,1.49274,1.49292,2.06,1.00
2017.09.25 20:11:13.934,1.49274,1.49292,2.25,1.00
2017.09.25 20:11:15.884,1.49274,1.49292,2.25,1.00
2017.09.25 20:11:16.414,1.49274,1.49292,2.25,1.00
2017.09.25 20:11:17.061,1.49274,1.49292,2.81,1.00
2017.09.25 20:11:17.113,1.49274,1.49292,3.75,1.00
2017.09.25 20:11:17.316,1.49274,1.49292,3.75,1.00
2017.09.25 20:11:17.838,1.49274,1.49292,3.00,1.00
2017.09.25 20:11:17.965,1.49274,1.49292,3.75,1.00
2017.09.25 20:11:18.315,1.49274,1.49292,2.81,1.00
2017.09.25 20:11:18.550,1.49274,1.49292,3.75,1.00
2017.09.25 20:11:18.828,1.49274,1.49292,2.06,1.00
2017.09.25 20:11:19.005,1.49274,1.49292,3.00,1.00
2017.09.25 20:11:19.185,1.49274,1.49292,3.75,1.00
2017.09.25 20:11:19.485,1.49274,1.49292,3.75,1.00
2017.09.25 20:11:21.822,1.49274,1.49292,3.75,1.00
2017.09.25 20:11:22.514,1.49274,1.49292,3.75,1.00
2017.09.25 20:11:23.066,1.49274,1.49292,3.75,1.00
2017.09.25 20:11:23.625,1.49274,1.49292,3.75,1.00
2017.09.25 20:11:23.780,1.49274,1.49292,2.81,1.00
2017.09.25 20:11:24.462,1.49273,1.49291,1.69,1.00
2017.09.25 20:11:25.301,1.49273,1.49293,3.00,1.00
2017.09.25 20:11:25.868,1.49273,1.49292,3.00,1.00
2017.09.25 20:11:26.308,1.49273,1.49292,3.94,1.00
2017.09.25 20:11:26.821,1.49273,1.49292,3.00,1.00
2017.09.25 20:11:27.360,1.49273,1.49293,1.81,1.00
2017.09.25 20:11:27.977,1.49273,1.49293,2.25,1.00
2017.09.25 20:11:29.252,1.49273,1.49293,2.06,1.00
2017.09.25 20:11:29.782,1.49273,1.49293,1.81,1.00
2017.09.25 20:11:30.302,1.49273,1.49292,1.50,1.50
2017.09.25 20:11:30.835,1.49273,1.49292,1.81,1.00
2017.09.25 20:11:31.670,1.49273,1.49292,1.81,1.00
2017.09.25 20:11:32.445,1.49272,1.49292,3.37,1.00
2017.09.25 20:11:32.645,1.49273,1.49292,1.81,1.00
2017.09.25 20:11:33.446,1.49273,1.49292,1.50,1.00
2017.09.25 20:11:34.137,1.49273,1.49292,1.81,1.00
2017.09.25 20:11:34.298,1.49272,1.49292,2.81,1.00
2017.09.25 20:11:34.349,1.49271,1.49289,2.62,1.25
2017.09.25 20:11:34.401,1.49269,1.49288,1.87,1.00
2017.09.25 20:11:34.452,1.49268,1.49285,2.81,1.00
2017.09.25 20:11:34.505,1.49274,1.49289,1.00,1.50
2017.09.25 20:11:37.016,1.49271,1.49288,1.25,1.00
2017.09.25 20:11:37.221,1.49267,1.49284,1.31,1.00
2017.09.25 20:11:37.529,1.49255,1.49274,1.00,1.25
2017.09.25 20:11:37.631,1.49254,1.49271,1.12,1.00
2017.09.25 20:11:38.173,1.49254,1.49271,1.44,1.00
2017.09.25 20:11:39.560,1.49253,1.4927,2.44,1.00
2017.09.25 20:11:39.869,1.49257,1.49273,1.00,1.00
2017.09.25 20:11:40.378,1.49258,1.49273,1.00,1.00
2017.09.25 20:11:40.915,1.49257,1.49273,1.00,1.00
2017.09.25 20:11:41.450,1.49258,1.49273,1.00,1.00
2017.09.25 20:11:42.337,1.49257,1.49273,1.00,1.25
2017.09.25 20:11:43.057,1.49251,1.49268,2.19,1.00
2017.09.25 20:11:43.366,1.49255,1.4927,1.25,1.00
2017.09.25 20:11:43.418,1.49255,1.49273,1.12,1.25
2017.09.25 20:11:44.367,1.49256,1.49273,1.69,1.25
2017.09.25 20:11:45.159,1.49255,1.49272,1.00,1.00
2017.09.25 20:11:46.483,1.49254,1.49272,1.25,1.00
2017.09.25 20:11:48.369,1.49255,1.49272,1.00,1.00
2017.09.25 20:11:49.062,1.49254,1.49272,1.00,1.00
2017.09.25 20:11:49.164,1.49254,1.49269,1.00,1.00
2017.09.25 20:11:49.704,1.49255,1.49269,1.00,1.00
2017.09.25 20:11:50.220,1.49254,1.49274,1.50,1.44
2017.09.25 20:11:50.766,1.49252,1.49265,2.25,1.25
2017.09.25 20:11:50.898,1.49248,1.49265,1.12,2.62
2017.09.25 20:11:51.001,1.49244,1.49265,1.62,2.44
2017.09.25 20:11:51.269,1.49241,1.49262,1.12,1.00
2017.09.25 20:11:51.826,1.4924,1.49261,2.62,1.00
2017.09.25 20:11:52.334,1.49241,1.49262,1.81,1.50
2017.09.25 20:11:52.875,1.4924,1.49261,2.25,1.00
2017.09.25 20:11:53.747,1.4924,1.49262,1.75,1.50
2017.09.25 20:11:54.319,1.4924,1.49261,1.75,1.00
2017.09.25 20:11:55.961,1.4924,1.49262,1.75,1.00
2017.09.25 20:11:57.953,1.4924,1.49261,2.00,1.00
2017.09.25 20:11:58.475,1.49241,1.49261,2.25,1.00
2017.09.25 20:11:59.195,1.49241,1.49262,1.75,1.50
2017.09.25 20:11:59.814,1.49241,1.49261,2.25,1.00
2017.09.25 20:12:00.360,1.49241,1.49262,1.75,1.50
2017.09.25 20:12:00.412,1.49243,1.49265,2.06,3.37
2017.09.25 20:12:00.463,1.49243,1.49264,1.87,1.00
2017.09.25 20:12:01.006,1.49243,1.49265,1.87,1.00
2017.09.25 20:12:01.625,1.49244,1.49264,2.62,1.00
2017.09.25 20:12:02.408,1.49244,1.49265,1.87,1.00
2017.09.25 20:12:03.131,1.49247,1.49264,1.44,1.00
2017.09.25 20:12:05.483,1.49244,1.49265,1.87,1.00
2017.09.25 20:12:06.425,1.49247,1.49267,1.12,1.87
2017.09.25 20:12:07.106,1.49246,1.49267,1.87,1.25
2017.09.25 20:12:07.868,1.49247,1.49267,1.87,1.50
2017.09.25 20:12:09.368,1.49246,1.49267,1.87,1.00
2017.09.25 20:12:11.896,1.49247,1.49267,1.31,1.50
2017.09.25 20:12:12.345,1.49244,1.49263,1.87,1.00
2017.09.25 20:12:12.398,1.49244,1.49264,1.00,1.50
2017.09.25 20:12:13.390,1.49243,1.49263,1.62,1.12
2017.09.25 20:12:13.904,1.49243,1.49263,1.56,1.00
2017.09.25 20:12:15.858,1.49242,1.49263,2.25,1.00
2017.09.25 20:12:16.495,1.49243,1.49263,1.75,1.50
2017.09.25 20:12:19.786,1.49242,1.49264,2.25,1.00
2017.09.25 20:12:20.464,1.49243,1.49263,1.75,1.00
2017.09.25 20:12:20.966,1.49242,1.49264,1.75,1.00
2017.09.25 20:12:24.075,1.49243,1.49263,1.75,1.00
2017.09.25 20:12:24.598,1.49243,1.49263,1.75,1.00
2017.09.25 20:12:24.834,1.49242,1.49264,2.62,1.00
2017.09.25 20:12:25.263,1.49244,1.49265,1.62,2.25
2017.09.25 20:12:26.017,1.49243,1.49266,1.81,3.37
2017.09.25 20:12:26.526,1.49246,1.49266,1.25,2.06
2017.09.25 20:12:27.157,1.49246,1.49266,1.19,2.06
2017.09.25 20:12:27.361,1.49245,1.49266,1.12,1.12
2017.09.25 20:12:27.904,1.49245,1.49266,1.44,1.87
2017.09.25 20:12:29.378,1.49256,1.4927,1.00,1.50
2017.09.25 20:12:29.684,1.49259,1.49277,1.00,2.44
2017.09.25 20:12:31.985,1.49254,1.49272,2.44,1.25
2017.09.25 20:12:32.087,1.49254,1.49272,1.69,1.25
2017.09.25 20:12:32.853,1.49249,1.49266,1.75,1.00
2017.09.25 20:12:33.108,1.49243,1.49262,2.25,1.00
2017.09.25 20:12:33.810,1.49241,1.49262,1.87,1.00
2017.09.25 20:12:36.678,1.49241,1.49262,1.75,1.00
2017.09.25 20:12:37.892,1.4924,1.49261,3.37,1.00
2017.09.25 20:12:38.960,1.49241,1.49261,1.37,1.00
2017.09.25 20:12:43.924,1.49242,1.49261,1.75,1.00
2017.09.25 20:12:44.663,1.49241,1.49261,2.25,1.00
2017.09.25 20:12:45.377,1.49241,1.49261,1.37,1.00
2017.09.25 20:12:45.886,1.49242,1.49261,1.37,1.00
2017.09.25 20:12:46.697,1.49241,1.49261,2.06,1.00
2017.09.25 20:12:47.355,1.49242,1.49261,1.62,1.00
2017.09.25 20:12:48.007,1.49241,1.49261,1.37,1.00
2017.09.25 20:12:48.058,1.49242,1.49261,1.37,1.00
2017.09.25 20:12:48.577,1.49241,1.49261,1.87,1.00
2017.09.25 20:12:48.781,1.49242,1.49261,1.37,1.00
2017.09.25 20:12:54.670,1.49241,1.49261,1.37,1.00
2017.09.25 20:12:55.664,1.49241,1.49264,1.37,1.69
2017.09.25 20:12:56.186,1.49242,1.49263,1.62,1.25
2017.09.25 20:12:57.762,1.49241,1.49262,1.31,1.00
2017.09.25 20:12:57.814,1.4924,1.49261,1.00,2.25
2017.09.25 20:12:58.018,1.49238,1.49259,1.56,1.00
2017.09.25 20:12:58.584,1.49239,1.49259,1.37,1.25
2017.09.25 20:12:59.205,1.49236,1.49258,1.75,1.00
2017.09.25 20:12:59.765,1.49237,1.49258,1.81,1.00
2017.09.25 20:13:02.508,1.49236,1.49259,1.69,1.25
2017.09.25 20:13:03.226,1.49237,1.49258,1.62,1.00
2017.09.25 20:13:07.536,1.49236,1.49259,1.56,1.25
2017.09.25 20:13:09.044,1.49237,1.49257,2.00,1.00
2017.09.25 20:13:09.555,1.49236,1.49258,1.87,1.00
2017.09.25 20:13:09.872,1.49241,1.4926,1.37,1.44
2017.09.25 20:13:09.924,1.4924,1.49262,1.25,1.12
2017.09.25 20:13:10.497,1.49239,1.49261,1.25,1.37
2017.09.25 20:13:11.039,1.49239,1.4926,2.06,1.31
2017.09.25 20:13:12.144,1.49238,1.49261,2.06,1.62
2017.09.25 20:13:13.293,1.49239,1.49258,1.12,1.19
2017.09.25 20:13:13.795,1.49238,1.49259,1.87,1.31
2017.09.25 20:13:14.374,1.49237,1.49258,1.69,1.44
2017.09.25 20:13:14.795,1.49236,1.49259,1.69,2.25
2017.09.25 20:13:15.304,1.49237,1.49258,1.25,2.25
2017.09.25 20:13:15.860,1.49236,1.49258,1.87,1.50
2017.09.25 20:13:17.963,1.49237,1.49258,1.12,2.25
2017.09.25 20:13:18.585,1.49237,1.49258,1.12,2.44
2017.09.25 20:13:18.638,1.49234,1.49255,2.44,1.19
2017.09.25 20:13:18.690,1.49233,1.49255,1.12,1.62
2017.09.25 20:13:18.794,1.49232,1.49254,1.44,1.12
2017.09.25 20:13:19.047,1.49231,1.49253,2.06,1.00
2017.09.25 20:13:19.781,1.49232,1.49253,1.56,1.25
2017.09.25 20:13:20.863,1.49231,1.49254,2.06,1.12
2017.09.25 20:13:23.003,1.49231,1.49254,1.56,1.31
2017.09.25 20:13:23.553,1.49232,1.49254,1.62,1.87
2017.09.25 20:13:25.401,1.49231,1.4925,1.69,1.44
2017.09.25 20:13:25.453,1.4923,1.4925,1.87,2.25
2017.09.25 20:13:25.555,1.4923,1.4925,1.56,1.19
2017.09.25 20:13:25.658,1.49233,1.49252,1.12,1.19
2017.09.25 20:13:26.708,1.49232,1.49253,1.31,1.44
2017.09.25 20:13:27.333,1.49233,1.49253,1.31,1.19
2017.09.25 20:13:28.011,1.49232,1.49253,1.87,1.19
2017.09.25 20:13:28.526,1.49232,1.49253,1.56,2.62
2017.09.25 20:13:29.063,1.49231,1.49253,2.06,2.06
2017.09.25 20:13:30.831,1.49232,1.49251,1.50,1.37
2017.09.25 20:13:30.883,1.49229,1.49247,2.25,1.12
2017.09.25 20:13:31.400,1.49229,1.49249,1.00,3.00
2017.09.25 20:13:31.820,1.49229,1.49248,1.00,2.81
2017.09.25 20:13:31.923,1.49227,1.49245,1.00,1.87
2017.09.25 20:13:32.463,1.49228,1.49245,1.00,2.06
2017.09.25 20:13:34.396,1.49224,1.49245,1.50,2.81
2017.09.25 20:13:34.992,1.49223,1.49245,2.06,1.87
2017.09.25 20:13:35.183,1.49224,1.49245,1.37,3.00
2017.09.25 20:13:35.842,1.49224,1.49245,1.44,1.87
2017.09.25 20:13:36.343,1.49223,1.49245,1.87,1.37
2017.09.25 20:13:37.075,1.49224,1.49245,1.44,2.06
2017.09.25 20:13:37.614,1.49223,1.49245,1.87,1.37
2017.09.25 20:13:38.134,1.49223,1.49241,1.25,1.44
2017.09.25 20:13:38.445,1.49222,1.49242,2.06,1.37
2017.09.25 20:13:41.624,1.49222,1.49242,1.44,1.37
2017.09.25 20:13:41.789,1.49222,1.49242,1.12,1.37
2017.09.25 20:13:41.974,1.49222,1.49242,2.06,1.37
2017.09.25 20:13:42.568,1.49222,1.49242,2.06,1.37
2017.09.25 20:13:43.437,1.49222,1.49242,1.12,1.37
2017.09.25 20:13:43.953,1.49222,1.49242,1.87,1.37
2017.09.25 20:13:44.150,1.49223,1.49241,1.00,1.37
2017.09.25 20:13:45.072,1.49218,1.49241,1.37,1.87
2017.09.25 20:13:45.536,1.49218,1.49241,1.31,2.06
2017.09.25 20:13:46.082,1.49218,1.49241,1.37,2.06
2017.09.25 20:13:47.120,1.49218,1.49241,1.37,2.06
2017.09.25 20:13:47.273,1.49218,1.49241,1.25,2.06
2017.09.25 20:13:47.826,1.49219,1.4924,1.25,1.31
2017.09.25 20:13:48.358,1.49219,1.4924,1.25,1.31
2017.09.25 20:13:48.657,1.49219,1.4924,1.00,1.87
2017.09.25 20:13:49.204,1.49215,1.49235,1.37,1.19
2017.09.25 20:13:49.257,1.49214,1.49236,1.50,1.44
2017.09.25 20:13:49.309,1.49215,1.49235,1.37,1.19
2017.09.25 20:13:49.871,1.49218,1.49238,1.00,3.19
2017.09.25 20:13:50.493,1.49217,1.49238,1.00,2.44
2017.09.25 20:13:51.018,1.49218,1.49238,1.00,3.37
2017.09.25 20:13:51.524,1.49217,1.49238,1.00,2.44
2017.09.25 20:13:52.348,1.49218,1.49238,1.00,3.37
2017.09.25 20:13:53.058,1.49217,1.49238,1.00,2.44
2017.09.25 20:13:53.616,1.49218,1.49238,1.00,3.19
2017.09.25 20:13:56.394,1.49217,1.49238,1.00,2.25
2017.09.25 20:13:56.918,1.49218,1.49238,1.00,3.19
2017.09.25 20:13:59.555,1.49217,1.49238,1.00,2.25
2017.09.25 20:14:00.392,1.49218,1.49238,1.00,3.19
2017.09.25 20:14:00.947,1.49217,1.49238,1.00,2.25
2017.09.25 20:14:01.476,1.49218,1.49237,1.00,2.00
2017.09.25 20:14:03.645,1.49218,1.49238,1.50,1.87
2017.09.25 20:14:03.850,1.49227,1.49241,1.19,1.19
2017.09.25 20:14:03.902,1.4923,1.49244,1.62,2.06
2017.09.25 20:14:03.954,1.49232,1.49244,1.19,1.12
2017.09.25 20:14:04.005,1.49235,1.49253,1.25,1.19
2017.09.25 20:14:04.057,1.49237,1.49256,1.25,2.44
2017.09.25 20:14:04.596,1.49237,1.49256,1.31,1.69
2017.09.25 20:14:05.146,1.49237,1.49258,1.25,1.69
2017.09.25 20:14:15.089,1.49237,1.49257,2.06,1.19
2017.09.25 20:14:16.023,1.49241,1.49258,1.00,1.19
2017.09.25 20:14:16.076,1.49242,1.49262,1.00,2.81
2017.09.25 20:14:16.128,1.49242,1.49262,1.00,2.06
2017.09.25 20:14:16.580,1.49248,1.49265,1.00,1.12
2017.09.25 20:14:16.683,1.49247,1.49268,2.81,1.00
2017.09.25 20:14:16.786,1.49251,1.49271,1.00,1.56
2017.09.25 20:14:17.093,1.49243,1.49258,1.31,1.00
2017.09.25 20:14:19.954,1.4924,1.49258,1.31,1.00
2017.09.25 20:14:20.503,1.49238,1.49257,1.56,1.00
2017.09.25 20:14:21.366,1.49238,1.49258,1.62,1.00
2017.09.25 20:14:22.095,1.49238,1.49257,1.37,1.00
2017.09.25 20:14:23.887,1.49238,1.49258,1.44,1.25
2017.09.25 20:14:25.023,1.49238,1.49257,1.37,1.00
2017.09.25 20:14:25.862,1.49237,1.49258,1.87,1.25
2017.09.25 20:14:26.377,1.49238,1.49259,1.37,1.87
2017.09.25 20:14:28.727,1.49237,1.4926,2.62,2.62
2017.09.25 20:14:30.533,1.49238,1.49259,1.37,1.31
2017.09.25 20:14:33.699,1.49238,1.49259,1.25,2.81
2017.09.25 20:14:34.027,1.49237,1.49255,1.50,1.25
2017.09.25 20:14:34.181,1.49233,1.49253,3.19,1.25
2017.09.25 20:14:34.703,1.49234,1.49253,1.37,1.25
2017.09.25 20:14:37.065,1.49234,1.49254,1.12,2.06
2017.09.25 20:14:38.105,1.49233,1.49253,1.00,1.25
2017.09.25 20:14:38.495,1.49233,1.49253,1.37,1.25
2017.09.25 20:14:39.045,1.49233,1.49253,1.37,1.25
2017.09.25 20:14:45.768,1.49235,1.49252,1.00,2.81
2017.09.25 20:14:46.081,1.49233,1.4925,1.00,1.19
2017.09.25 20:14:46.778,1.49232,1.4925,1.00,1.87
2017.09.25 20:14:49.191,1.49232,1.49249,1.00,1.19
2017.09.25 20:14:49.761,1.49233,1.49249,1.00,1.19
2017.09.25 20:14:51.271,1.49232,1.49249,1.25,1.69
2017.09.25 20:14:52.399,1.49235,1.49252,1.00,1.87
2017.09.25 20:14:52.761,1.49235,1.49252,1.00,1.69
2017.09.25 20:14:55.598,1.49234,1.49253,1.00,1.19
2017.09.25 20:14:55.649,1.49236,1.49253,1.00,1.19
2017.09.25 20:14:56.292,1.49235,1.49253,1.00,1.19
2017.09.25 20:15:00.036,1.49235,1.49253,1.00,2.06
2017.09.25 20:15:00.582,1.49235,1.49253,1.00,1.19
2017.09.25 20:15:01.126,1.49235,1.49253,1.00,1.00
2017.09.25 20:15:01.682,1.49235,1.49252,1.00,1.00
2017.09.25 20:15:02.958,1.49236,1.49252,1.00,1.00
2017.09.25 20:15:03.568,1.49236,1.49253,1.00,1.87
2017.09.25 20:15:04.111,1.49236,1.49252,1.00,1.00
2017.09.25 20:15:04.842,1.49236,1.49253,1.00,1.25
2017.09.25 20:15:05.375,1.49236,1.49254,1.00,1.87
2017.09.25 20:15:09.473,1.4924,1.49256,1.37,2.44
2017.09.25 20:15:09.525,1.49244,1.49262,1.62,2.00
2017.09.25 20:15:09.577,1.49248,1.49263,1.00,2.81
2017.09.25 20:15:09.628,1.49251,1.49269,1.00,2.62
2017.09.25 20:15:09.731,1.49251,1.49269,1.00,1.87
2017.09.25 20:15:13.222,1.49252,1.49268,1.00,1.25
2017.09.25 20:15:20.096,1.4925,1.49269,1.00,1.19
2017.09.25 20:15:27.141,1.4925,1.49269,1.00,1.25
2017.09.25 20:15:27.830,1.4925,1.49268,1.25,1.00
2017.09.25 20:15:32.416,1.49252,1.49268,1.00,1.00
2017.09.25 20:15:35.794,1.49252,1.49269,1.00,1.25
2017.09.25 20:15:36.818,1.49252,1.49268,1.00,1.00
2017.09.25 20:15:37.377,1.4925,1.49264,1.00,1.00
2017.09.25 20:15:37.480,1.49245,1.49261,1.00,1.00
2017.09.25 20:15:37.986,1.49245,1.49262,1.00,1.25
2017.09.25 20:15:38.900,1.49245,1.49261,1.00,1.00
2017.09.25 20:15:39.435,1.49244,1.49261,1.24,1.00
2017.09.25 20:15:39.949,1.49244,1.49262,1.00,1.00
2017.09.25 20:15:41.506,1.49246,1.49264,1.00,1.50
2017.09.25 20:15:41.713,1.49246,1.49267,1.00,1.44
2017.09.25 20:15:41.766,1.49246,1.49262,1.00,1.00
2017.09.25 20:15:42.074,1.4924,1.49254,1.24,1.25
2017.09.25 20:15:42.177,1.49238,1.49254,1.00,1.25
2017.09.25 20:15:42.740,1.49237,1.49254,1.25,1.25
2017.09.25 20:15:50.168,1.49239,1.49259,1.00,2.44
2017.09.25 20:15:50.558,1.49241,1.49259,1.00,1.69
2017.09.25 20:15:51.167,1.49241,1.49259,1.00,1.19
2017.09.25 20:16:05.381,1.49241,1.49259,1.00,1.69
2017.09.25 20:16:07.657,1.4924,1.49259,1.00,1.87
2017.09.25 20:16:10.387,1.49239,1.49258,1.00,2.06
2017.09.25 20:16:10.791,1.49245,1.49262,1.37,2.06
2017.09.25 20:16:11.048,1.49257,1.49274,1.00,1.56
2017.09.25 20:16:11.481,1.49257,1.49273,1.00,1.37
2017.09.25 20:16:12.373,1.49255,1.49273,1.00,1.50
2017.09.25 20:16:16.810,1.49257,1.49275,1.00,1.31
2017.09.25 20:16:17.335,1.49256,1.49274,1.00,1.62
2017.09.25 20:16:18.225,1.49257,1.49275,1.00,2.19
2017.09.25 20:16:18.805,1.49256,1.49274,1.00,1.62
2017.09.25 20:16:19.343,1.49255,1.49274,1.00,1.62
2017.09.25 20:16:20.174,1.49253,1.49272,1.00,1.50
2017.09.25 20:16:20.803,1.49253,1.49272,1.00,1.87
2017.09.25 20:16:20.855,1.49252,1.49271,1.00,1.44
2017.09.25 20:16:20.958,1.49254,1.49271,1.00,1.25
2017.09.25 20:16:21.061,1.49252,1.49271,1.00,1.25
2017.09.25 20:16:21.660,1.49253,1.49271,1.00,1.25
2017.09.25 20:16:22.154,1.49253,1.49272,1.00,1.44
2017.09.25 20:16:23.784,1.49254,1.49271,1.00,1.00
2017.09.25 20:16:25.088,1.49254,1.49272,1.00,1.25
2017.09.25 20:16:26.317,1.49254,1.49271,1.00,1.00
2017.09.25 20:16:26.966,1.49254,1.49273,1.00,2.25
2017.09.25 20:16:28.921,1.49256,1.49274,1.00,1.56
2017.09.25 20:16:29.074,1.49257,1.49276,1.00,1.19
2017.09.25 20:16:30.291,1.49256,1.49275,1.00,1.25
2017.09.25 20:16:30.573,1.49258,1.49275,1.00,1.25
2017.09.25 20:16:32.763,1.49267,1.4928,1.00,1.75
2017.09.25 20:16:32.815,1.49265,1.4928,1.50,1.94
2017.09.25 20:16:32.969,1.49263,1.49282,1.00,3.37
2017.09.25 20:16:35.677,1.49263,1.49279,1.00,1.44
2017.09.25 20:16:36.726,1.49262,1.4928,1.00,1.87
2017.09.25 20:16:42.935,1.49261,1.4928,1.00,1.87
2017.09.25 20:16:45.232,1.49261,1.49279,1.00,1.44
2017.09.25 20:16:46.231,1.49261,1.4928,1.00,1.87
2017.09.25 20:16:47.381,1.49261,1.49279,1.00,1.44
2017.09.25 20:16:49.281,1.49261,1.4928,1.00,1.87
2017.09.25 20:16:49.812,1.49261,1.49279,1.00,1.44
2017.09.25 20:16:50.992,1.49261,1.4928,1.00,1.87
2017.09.25 20:16:51.611,1.49261,1.49279,1.00,1.44
2017.09.25 20:16:52.123,1.4926,1.49279,1.00,1.44
2017.09.25 20:16:52.770,1.4926,1.4928,1.00,1.87
2017.09.25 20:16:53.291,1.4926,1.49279,1.00,1.44
2017.09.25 20:16:55.263,1.49261,1.49282,1.00,3.12
2017.09.25 20:16:55.314,1.49261,1.49282,1.00,1.62
2017.09.25 20:16:56.217,1.49261,1.49282,1.50,1.87
2017.09.25 20:16:57.658,1.49262,1.49278,1.00,1.00
2017.09.25 20:16:57.965,1.49252,1.49267,1.00,1.00
2017.09.25 20:16:58.495,1.49252,1.49268,1.00,1.25
2017.09.25 20:16:59.005,1.49251,1.49268,1.00,1.25
2017.09.25 20:17:00.200,1.49255,1.49271,1.00,2.44
2017.09.25 20:17:00.252,1.49256,1.49272,1.00,1.31
2017.09.25 20:17:00.304,1.4926,1.49275,1.00,1.75
2017.09.25 20:17:00.407,1.49261,1.49277,1.00,1.00
2017.09.25 20:17:00.944,1.49259,1.49277,1.00,1.00
2017.09.25 20:17:01.488,1.4926,1.49277,1.00,1.00
2017.09.25 20:17:01.795,1.49259,1.49277,1.19,1.00
2017.09.25 20:17:01.847,1.49261,1.4928,1.44,1.19
2017.09.25 20:17:01.899,1.49263,1.49284,1.19,2.62
2017.09.25 20:17:02.003,1.49263,1.49284,1.19,1.87
2017.09.25 20:17:04.346,1.49264,1.49283,1.25,1.44
2017.09.25 20:17:07.155,1.49264,1.49284,1.00,1.87
2017.09.25 20:17:07.762,1.49263,1.49284,1.25,1.87
2017.09.25 20:17:08.698,1.49264,1.49284,1.00,1.44
2017.09.25 20:17:11.380,1.49262,1.49284,1.44,1.44
2017.09.25 20:17:12.264,1.49262,1.49283,1.87,1.44
2017.09.25 20:17:12.765,1.49263,1.49284,1.25,1.44
2017.09.25 20:17:13.294,1.49263,1.49283,1.25,1.44
2017.09.25 20:17:13.799,1.49263,1.49284,1.25,1.44
2017.09.25 20:17:15.299,1.49263,1.49283,1.25,1.44
2017.09.25 20:17:16.304,1.49263,1.49284,1.25,1.87
2017.09.25 20:17:16.922,1.49263,1.49283,1.12,1.44
2017.09.25 20:17:17.666,1.49263,1.49284,1.25,1.87
2017.09.25 20:17:20.318,1.49262,1.4928,1.00,1.69
2017.09.25 20:17:20.423,1.49259,1.49279,1.69,1.50
2017.09.25 20:17:20.965,1.49259,1.49278,1.19,1.00
2017.09.25 20:17:21.626,1.49259,1.49279,1.25,1.69
2017.09.25 20:17:22.145,1.49259,1.49278,1.25,1.00
2017.09.25 20:17:22.663,1.49259,1.49279,1.25,1.69
2017.09.25 20:17:23.221,1.49259,1.49278,1.25,1.00
2017.09.25 20:17:25.507,1.49259,1.49276,1.00,1.69
2017.09.25 20:17:25.610,1.49257,1.49274,1.12,1.00
2017.09.25 20:17:25.663,1.49258,1.49278,1.19,1.25
2017.09.25 20:17:26.191,1.4926,1.49277,1.00,1.12
2017.09.25 20:17:26.882,1.49261,1.49277,1.00,1.12
2017.09.25 20:17:27.648,1.4926,1.49277,1.00,1.12
2017.09.25 20:17:28.235,1.49259,1.49278,1.19,1.50
2017.09.25 20:17:30.300,1.49256,1.49273,1.44,1.00
2017.09.25 20:17:30.609,1.49252,1.49268,1.44,1.00
2017.09.25 20:17:31.141,1.49254,1.49269,1.19,1.00
2017.09.25 20:17:32.181,1.49254,1.49269,1.00,1.00
2017.09.25 20:17:32.724,1.49254,1.49268,1.00,1.00
2017.09.25 20:17:33.271,1.49252,1.49268,1.19,1.00
2017.09.25 20:17:37.940,1.49251,1.49267,1.00,1.69
2017.09.25 20:17:38.460,1.4925,1.49267,1.25,1.69
2017.09.25 20:17:39.135,1.4925,1.49267,1.19,1.19
2017.09.25 20:17:39.188,1.49252,1.49269,1.19,1.19
2017.09.25 20:17:40.092,1.49252,1.49268,1.00,1.25
2017.09.25 20:17:44.334,1.49251,1.49269,1.00,1.19
2017.09.25 20:17:47.716,1.49252,1.49268,1.44,1.25
2017.09.25 20:17:47.820,1.49255,1.49273,2.06,1.75
2017.09.25 20:17:48.025,1.49257,1.49276,1.19,1.00
2017.09.25 20:17:51.366,1.49256,1.49272,1.00,1.25
2017.09.25 20:17:51.565,1.49251,1.49268,1.25,1.00
2017.09.25 20:17:52.136,1.4925,1.49269,1.00,1.19
2017.09.25 20:17:53.005,1.4925,1.49269,1.19,1.44
2017.09.25 20:17:54.921,1.49251,1.49269,1.44,1.69
2017.09.25 20:17:54.972,1.49251,1.49269,1.31,1.00
2017.09.25 20:17:55.025,1.49254,1.49272,2.06,1.25
2017.09.25 20:17:55.076,1.49254,1.49274,1.44,1.00
2017.09.25 20:17:55.178,1.49257,1.49276,1.19,1.50
2017.09.25 20:17:56.011,1.49257,1.49275,1.19,1.00
2017.09.25 20:17:56.529,1.49257,1.49276,1.19,1.00
2017.09.25 20:17:57.094,1.49257,1.49275,1.31,1.00
2017.09.25 20:17:57.605,1.49257,1.49276,1.44,1.50
2017.09.25 20:17:58.171,1.49257,1.49275,1.81,1.00
2017.09.25 20:17:59.985,1.49257,1.49276,1.50,1.00
2017.09.25 20:18:00.495,1.49257,1.49275,1.81,1.00
2017.09.25 20:18:01.196,1.49257,1.49276,1.50,1.50
2017.09.25 20:18:01.799,1.49257,1.49275,1.81,1.00
2017.09.25 20:18:03.721,1.49262,1.49279,1.00,1.12
2017.09.25 20:18:04.234,1.49263,1.49279,1.00,1.00
2017.09.25 20:18:04.777,1.49262,1.4928,1.00,1.87
2017.09.25 20:18:05.301,1.49262,1.49279,1.00,1.00
2017.09.25 20:18:05.839,1.49262,1.4928,1.00,1.87
2017.09.25 20:18:06.426,1.49262,1.49279,1.25,1.00
2017.09.25 20:18:09.083,1.49262,1.49279,1.44,1.00
2017.09.25 20:18:09.923,1.49262,1.4928,1.19,1.00
2017.09.25 20:18:10.432,1.49262,1.49279,1.44,1.00
2017.09.25 20:18:13.140,1.49262,1.4928,1.19,1.00
2017.09.25 20:18:13.686,1.49262,1.49279,1.44,1.00
2017.09.25 20:18:14.697,1.49262,1.4928,1.44,1.00
2017.09.25 20:18:15.722,1.49262,1.4928,1.25,1.00
2017.09.25 20:18:16.257,1.49263,1.4928,1.00,1.00
2017.09.25 20:18:16.582,1.49265,1.49286,1.00,1.56
2017.09.25 20:18:17.196,1.49267,1.49286,1.00,1.87
2017.09.25 20:18:17.725,1.49266,1.49286,1.00,2.62
2017.09.25 20:18:20.444,1.49268,1.49285,1.00,1.44
2017.09.25 20:18:27.848,1.49264,1.49285,1.69,1.44
2017.09.25 20:18:28.561,1.49264,1.49285,1.87,1.44
2017.09.25 20:18:29.082,1.49267,1.49285,1.00,1.44
2017.09.25 20:18:34.617,1.49267,1.49286,1.00,1.87
2017.09.25 20:18:35.653,1.49267,1.49285,1.00,1.87
2017.09.25 20:18:38.187,1.49267,1.49286,1.00,2.62
2017.09.25 20:18:42.148,1.49267,1.49286,1.00,2.62
2017.09.25 20:18:56.884,1.49266,1.49285,1.00,1.44
2017.09.25 20:18:56.936,1.49266,1.49286,1.00,3.37
2017.09.25 20:19:01.552,1.49267,1.49286,1.00,2.62
2017.09.25 20:19:02.093,1.49268,1.49285,1.00,1.00
2017.09.25 20:19:02.903,1.49266,1.49285,1.25,1.00
2017.09.25 20:19:05.190,1.49268,1.49285,1.00,1.00
2017.09.25 20:19:06.835,1.49268,1.49286,1.00,1.50
2017.09.25 20:19:12.328,1.49268,1.49285,1.00,1.00
2017.09.25 20:19:12.430,1.49266,1.49284,1.00,1.25
2017.09.25 20:19:12.776,1.49266,1.49286,1.00,1.12
2017.09.25 20:19:13.279,1.49264,1.49286,1.00,1.25
2017.09.25 20:19:14.539,1.49264,1.49285,1.50,1.00
2017.09.25 20:19:15.271,1.49264,1.49286,1.00,1.25
2017.09.25 20:19:16.748,1.49264,1.49285,1.69,1.00
2017.09.25 20:19:17.253,1.49264,1.49286,1.00,1.12
2017.09.25 20:19:19.366,1.49264,1.49281,1.00,1.00
2017.09.25 20:19:19.418,1.49262,1.49281,1.25,1.25
2017.09.25 20:19:19.922,1.49261,1.49282,1.00,1.44
2017.09.25 20:19:20.434,1.4926,1.49282,2.25,1.62
2017.09.25 20:19:25.060,1.4926,1.4928,1.00,1.25
2017.09.25 20:19:26.215,1.4926,1.49281,1.00,1.69
2017.09.25 20:19:27.325,1.4926,1.4928,1.25,1.00
2017.09.25 20:19:27.918,1.4926,1.49281,1.00,1.12
2017.09.25 20:19:33.252,1.49259,1.49281,1.25,1.87
2017.09.25 20:19:36.335,1.49259,1.4928,1.87,1.25
2017.09.25 20:19:36.539,1.49257,1.49279,1.12,1.44
2017.09.25 20:19:37.494,1.49256,1.49279,1.50,1.87
2017.09.25 20:19:38.048,1.49255,1.49277,1.25,1.00
2017.09.25 20:19:40.428,1.49255,1.49276,1.44,1.25
2017.09.25 20:19:41.037,1.49254,1.49277,1.87,1.19
2017.09.25 20:19:41.805,1.49254,1.49277,2.06,1.00
2017.09.25 20:19:42.358,1.49255,1.49276,1.31,1.00
2017.09.25 20:19:43.010,1.49254,1.49277,2.06,1.00
2017.09.25 20:19:44.965,1.49254,1.49277,2.81,1.87
2017.09.25 20:19:45.659,1.49255,1.49276,2.06,1.25
2017.09.25 20:19:46.600,1.49255,1.49277,1.25,1.25
2017.09.25 20:19:48.156,1.49255,1.49276,2.06,1.25
2017.09.25 20:19:48.708,1.49256,1.49278,1.00,2.06
2017.09.25 20:19:49.290,1.49256,1.49278,1.00,2.06
2017.09.25 20:19:50.737,1.49257,1.49277,1.00,2.06
2017.09.25 20:19:51.286,1.49256,1.49278,1.00,2.06
2017.09.25 20:19:51.930,1.49256,1.49278,1.00,2.06
2017.09.25 20:19:52.591,1.49256,1.49278,1.00,2.06
2017.09.25 20:19:53.095,1.49256,1.49277,1.00,1.12
2017.09.25 20:19:54.425,1.49257,1.49277,1.25,2.06
2017.09.25 20:19:55.874,1.49256,1.49278,1.25,2.06
2017.09.25 20:19:56.473,1.49256,1.49277,1.25,1.12
2017.09.25 20:19:57.034,1.49256,1.49277,1.25,1.44
2017.09.25 20:19:57.351,1.49254,1.49274,1.31,1.25
2017.09.25 20:19:57.894,1.49254,1.49273,1.44,1.00
2017.09.25 20:19:58.486,1.49254,1.49274,1.25,1.00
2017.09.25 20:20:02.778,1.49253,1.49273,1.37,1.00
2017.09.25 20:20:03.484,1.49252,1.49274,3.37,1.00
2017.09.25 20:20:04.150,1.49253,1.49273,1.87,1.00
2017.09.25 20:20:05.099,1.49253,1.49276,1.44,1.12
2017.09.25 20:20:05.151,1.49254,1.49275,1.44,1.44
2017.09.25 20:20:05.468,1.49257,1.49275,1.00,1.44
2017.09.25 20:20:06.427,1.49257,1.49273,1.00,1.00
2017.09.25 20:20:08.013,1.49257,1.49274,1.00,1.00
2017.09.25 20:20:08.590,1.49257,1.49273,1.00,1.00
2017.09.25 20:20:09.133,1.49256,1.49273,1.00,1.00
2017.09.25 20:20:09.666,1.49256,1.49274,1.00,1.00
2017.09.25 20:20:10.878,1.49255,1.49274,1.00,1.00
2017.09.25 20:20:11.404,1.49255,1.49273,1.00,1.00
2017.09.25 20:20:13.087,1.49255,1.49274,1.00,1.25
2017.09.25 20:20:13.638,1.49255,1.49273,1.00,1.25
2017.09.25 20:20:14.420,1.49255,1.49274,1.00,1.25
2017.09.25 20:20:15.432,1.49255,1.49273,1.00,1.25
2017.09.25 20:20:18.392,1.49255,1.49274,1.00,1.00
2017.09.25 20:20:18.977,1.49255,1.49273,1.00,1.25
2017.09.25 20:20:19.486,1.49255,1.49274,1.00,1.25
2017.09.25 20:20:19.791,1.49255,1.49273,1.00,1.19
2017.09.25 20:20:19.842,1.49255,1.49274,1.00,1.00
2017.09.25 20:20:20.424,1.49255,1.49274,1.00,1.19
2017.09.25 20:20:20.974,1.49255,1.49274,1.00,1.00
2017.09.25 20:20:21.486,1.49256,1.49274,1.00,1.00
2017.09.25 20:20:21.988,1.49256,1.49273,1.00,1.00
2017.09.25 20:20:22.610,1.49256,1.49274,1.00,1.00
2017.09.25 20:20:22.959,1.49256,1.49273,1.00,1.19
2017.09.25 20:20:23.105,1.49256,1.49274,1.00,1.00
2017.09.25 20:20:23.285,1.49256,1.49273,1.00,1.44
2017.09.25 20:20:24.360,1.49256,1.49274,1.00,1.44
2017.09.25 20:20:24.666,1.49254,1.49274,1.00,1.44
2017.09.25 20:20:26.271,1.49257,1.49277,1.50,3.19
2017.09.25 20:20:26.683,1.49256,1.49276,1.00,1.19
2017.09.25 20:20:31.234,1.4926,1.49279,1.00,1.00
2017.09.25 20:20:31.950,1.4926,1.49279,1.00,1.37
2017.09.25 20:20:32.998,1.4926,1.4928,1.00,1.12
2017.09.25 20:20:33.525,1.4926,1.49279,1.00,1.00
2017.09.25 20:20:34.086,1.4926,1.49279,1.00,1.37
2017.09.25 20:20:34.472,1.4926,1.4928,1.00,1.12
2017.09.25 20:20:34.733,1.4926,1.49279,1.00,1.44
2017.09.25 20:20:35.073,1.4926,1.4928,1.00,1.12
2017.09.25 20:20:35.524,1.4926,1.49279,1.00,1.37
2017.09.25 20:20:35.773,1.4926,1.4928,1.00,1.12
2017.09.25 20:20:36.216,1.4926,1.49279,1.00,1.37
2017.09.25 20:20:36.515,1.4926,1.4928,1.00,1.12
2017.09.25 20:20:36.815,1.4926,1.49279,1.00,1.44
2017.09.25 20:20:37.205,1.4926,1.4928,1.00,1.12
2017.09.25 20:20:37.864,1.4926,1.49279,1.25,1.25
2017.09.25 20:20:39.028,1.4926,1.4928,1.00,1.31
2017.09.25 20:20:39.543,1.4926,1.4928,1.00,1.31
2017.09.25 20:20:40.103,1.4926,1.4928,1.00,1.12
2017.09.25 20:20:40.308,1.4926,1.49279,1.00,1.44
2017.09.25 20:20:42.472,1.4926,1.4928,1.00,1.50
2017.09.25 20:20:44.668,1.4926,1.49279,1.00,1.44
2017.09.25 20:20:47.764,1.4926,1.49279,1.25,1.00
2017.09.25 20:20:48.277,1.4926,1.4928,1.00,1.12
2017.09.25 20:20:48.808,1.4926,1.4928,1.00,1.44
2017.09.25 20:20:49.417,1.4926,1.49279,1.25,1.44
2017.09.25 20:20:51.334,1.4926,1.4928,1.00,1.44
2017.09.25 20:20:51.870,1.49259,1.49279,1.00,1.44
2017.09.25 20:20:52.412,1.4926,1.49278,1.00,1.37
2017.09.25 20:20:54.151,1.4926,1.49278,1.00,1.00
2017.09.25 20:20:54.676,1.4926,1.49278,1.00,1.44
2017.09.25 20:20:55.331,1.4926,1.49279,1.00,1.44
2017.09.25 20:20:57.272,1.4926,1.49279,1.00,1.00
2017.09.25 20:20:57.893,1.4926,1.49279,1.00,1.37
2017.09.25 20:21:01.138,1.4926,1.49279,1.00,1.19
2017.09.25 20:21:01.189,1.4926,1.49279,1.00,1.00
2017.09.25 20:21:01.444,1.4926,1.49278,1.00,1.44
2017.09.25 20:21:01.990,1.4926,1.49279,1.00,1.37
2017.09.25 20:21:02.909,1.4926,1.49278,1.00,1.19
2017.09.25 20:21:03.012,1.4926,1.49279,1.00,1.00
2017.09.25 20:21:03.342,1.4926,1.49279,1.00,1.37
2017.09.25 20:21:04.049,1.4926,1.49278,1.00,1.00
2017.09.25 20:21:04.378,1.4926,1.49278,1.00,1.19
2017.09.25 20:21:04.489,1.4926,1.49279,1.00,1.00
2017.09.25 20:21:04.729,1.4926,1.49278,1.00,1.44
2017.09.25 20:21:04.948,1.49261,1.49281,1.25,1.25
2017.09.25 20:21:05.052,1.49263,1.49283,1.00,2.06
2017.09.25 20:21:05.564,1.49263,1.49283,1.00,1.87
2017.09.25 20:21:06.091,1.49262,1.4928,1.00,1.25
2017.09.25 20:21:06.733,1.49259,1.49278,1.50,1.00
2017.09.25 20:21:07.325,1.49259,1.49279,1.00,1.87
2017.09.25 20:21:08.748,1.49259,1.49278,1.25,1.19
2017.09.25 20:21:08.934,1.49259,1.49279,1.00,1.00
2017.09.25 20:21:09.404,1.49259,1.49278,1.25,1.44
2017.09.25 20:21:09.570,1.49263,1.49283,1.25,2.81
2017.09.25 20:21:09.723,1.49265,1.49284,1.00,2.62
2017.09.25 20:21:09.877,1.49265,1.49285,1.00,1.87
2017.09.25 20:21:10.296,1.49265,1.49285,1.00,1.87
2017.09.25 20:21:10.904,1.49265,1.49284,1.00,1.87
2017.09.25 20:21:14.219,1.49265,1.49285,1.00,1.87
2017.09.25 20:21:18.502,1.49265,1.49285,1.50,1.87
2017.09.25 20:21:18.554,1.49268,1.49285,1.00,1.00
2017.09.25 20:21:19.092,1.49268,1.49284,1.00,1.25
2017.09.25 20:21:19.301,1.49267,1.49288,1.37,1.69
2017.09.25 20:21:19.352,1.49271,1.49289,1.00,2.06
2017.09.25 20:21:19.404,1.49272,1.49289,1.00,1.12
2017.09.25 20:21:20.359,1.49271,1.49293,1.50,3.00
2017.09.25 20:21:21.049,1.49274,1.49289,1.00,1.69
2017.09.25 20:21:21.101,1.49273,1.49288,1.50,1.69
2017.09.25 20:21:21.204,1.49272,1.4929,1.25,1.00
2017.09.25 20:21:21.358,1.49274,1.49291,1.00,1.00
2017.09.25 20:21:21.410,1.49274,1.49293,1.00,2.62
2017.09.25 20:21:22.000,1.49274,1.49293,1.00,2.06
2017.09.25 20:21:23.940,1.49274,1.49293,1.00,2.25
2017.09.25 20:21:24.483,1.49276,1.49294,1.00,1.12
2017.09.25 20:21:24.791,1.49279,1.49294,1.00,1.00
2017.09.25 20:21:25.402,1.49279,1.49295,1.00,1.00
2017.09.25 20:21:26.429,1.49279,1.49297,1.00,1.62
2017.09.25 20:21:27.044,1.49279,1.49298,1.00,1.56
2017.09.25 20:21:27.385,1.49276,1.49294,1.00,1.25
2017.09.25 20:21:27.930,1.49277,1.49296,1.00,1.37
2017.09.25 20:21:28.442,1.49277,1.49297,1.00,1.56
2017.09.25 20:21:29.045,1.49277,1.49298,1.00,2.25
2017.09.25 20:21:29.904,1.49277,1.49297,1.00,2.25
2017.09.25 20:21:30.454,1.49277,1.49297,1.00,1.81
2017.09.25 20:21:31.244,1.49277,1.49296,1.00,1.56
2017.09.25 20:21:31.742,1.49275,1.49293,1.00,1.00
2017.09.25 20:21:32.465,1.49275,1.49292,1.00,1.00
2017.09.25 20:21:33.229,1.49275,1.49294,1.31,1.00
2017.09.25 20:21:33.833,1.49276,1.49295,1.25,1.87
2017.09.25 20:21:34.493,1.49276,1.49294,1.25,1.00
2017.09.25 20:21:37.459,1.49276,1.49295,1.12,1.87
2017.09.25 20:21:37.988,1.49276,1.49294,1.12,1.00
2017.09.25 20:21:38.509,1.49276,1.49294,1.37,1.50
2017.09.25 20:21:39.019,1.49276,1.49294,1.00,1.00
2017.09.25 20:21:39.978,1.49276,1.49295,1.00,1.87
2017.09.25 20:21:40.776,1.49276,1.49294,1.12,1.00
2017.09.25 20:21:44.038,1.49275,1.49295,1.12,2.25
2017.09.25 20:21:44.602,1.49275,1.49294,1.62,1.50
2017.09.25 20:21:45.113,1.49275,1.49293,1.31,1.00
2017.09.25 20:21:49.392,1.49275,1.49292,1.50,1.00
2017.09.25 20:21:49.494,1.49275,1.49293,1.12,1.00
2017.09.25 20:21:50.067,1.49275,1.49292,1.31,1.00
2017.09.25 20:21:50.652,1.49273,1.49293,1.56,1.00
2017.09.25 20:21:51.162,1.49273,1.49293,1.56,1.00
2017.09.25 20:21:51.213,1.49278,1.49297,1.19,3.19
2017.09.25 20:21:51.265,1.49278,1.49298,1.19,3.37
2017.09.25 20:21:53.088,1.49278,1.49297,2.06,1.25
2017.09.25 20:21:53.797,1.49278,1.49298,2.06,2.25
2017.09.25 20:21:55.093,1.49278,1.49297,2.06,1.87
2017.09.25 20:21:56.057,1.49278,1.49298,1.87,2.44
2017.09.25 20:21:56.837,1.49278,1.49297,2.25,1.12
2017.09.25 20:21:57.342,1.49278,1.49298,1.87,2.25
2017.09.25 20:21:58.405,1.49279,1.49296,1.44,1.00
2017.09.25 20:21:58.939,1.49279,1.49297,1.25,1.25
2017.09.25 20:21:59.484,1.49278,1.49296,2.06,1.00
2017.09.25 20:21:59.588,1.49279,1.49293,1.38,1.00
2017.09.25 20:21:59.640,1.49279,1.49295,1.19,1.50
2017.09.25 20:22:00.183,1.49277,1.49294,1.37,1.00
2017.09.25 20:22:00.807,1.49277,1.49295,1.19,1.12
2017.09.25 20:22:01.354,1.49277,1.49294,1.19,1.00
2017.09.25 20:22:02.338,1.49277,1.49294,1.63,1.00
2017.09.25 20:22:02.856,1.49277,1.49292,1.44,1.00
2017.09.25 20:22:03.659,1.49277,1.49293,1.19,1.00
2017.09.25 20:22:04.211,1.49277,1.49292,1.19,1.00
2017.09.25 20:22:04.805,1.49277,1.49293,1.19,1.00
2017.09.25 20:22:05.868,1.49277,1.49292,1.31,1.00
2017.09.25 20:22:06.369,1.49277,1.49293,1.19,1.00
2017.09.25 20:22:06.694,1.49277,1.49291,1.44,1.00
2017.09.25 20:22:07.361,1.49277,1.49292,1.19,1.00
2017.09.25 20:22:08.933,1.49277,1.49291,1.44,1.00
2017.09.25 20:22:09.494,1.49277,1.49292,1.19,1.00
2017.09.25 20:22:10.027,1.49277,1.49291,1.50,1.00
2017.09.25 20:22:11.259,1.49278,1.49294,1.19,1.00
2017.09.25 20:22:11.412,1.49278,1.49298,1.69,2.62
2017.09.25 20:22:12.186,1.49278,1.49297,1.87,1.12
2017.09.25 20:22:13.370,1.49278,1.49298,1.87,2.62
2017.09.25 20:22:13.930,1.49278,1.49297,2.06,1.12
2017.09.25 20:22:14.280,1.49282,1.49298,1.37,1.00
2017.09.25 20:22:14.791,1.49282,1.49299,1.50,1.00
2017.09.25 20:22:15.426,1.49282,1.49298,1.50,1.00
2017.09.25 20:22:16.808,1.49282,1.49299,1.50,1.00
2017.09.25 20:22:18.124,1.49282,1.49298,1.50,1.00
2017.09.25 20:22:18.967,1.49282,1.49299,1.31,1.00
2017.09.25 20:22:19.517,1.49282,1.49298,1.31,1.00
2017.09.25 20:22:20.037,1.49282,1.49299,1.31,1.00
2017.09.25 20:22:20.865,1.49282,1.49298,1.31,1.00
2017.09.25 20:22:21.477,1.49282,1.49299,1.31,1.00
2017.09.25 20:22:22.099,1.49282,1.49298,1.31,1.00
2017.09.25 20:22:24.808,1.49282,1.49299,1.31,1.00
2017.09.25 20:22:26.377,1.49282,1.493,1.50,1.12
2017.09.25 20:22:27.688,1.49283,1.49299,1.62,1.00
2017.09.25 20:22:28.206,1.49283,1.493,1.44,1.00
2017.09.25 20:22:29.690,1.49281,1.493,2.44,1.00
2017.09.25 20:22:33.712,1.49282,1.493,1.62,1.00
2017.09.25 20:22:34.447,1.49282,1.493,1.62,1.00
2017.09.25 20:22:35.815,1.49281,1.49299,1.81,1.00
2017.09.25 20:22:36.396,1.49281,1.493,1.81,1.00
2017.09.25 20:22:38.188,1.49281,1.49299,1.81,1.00
2017.09.25 20:22:39.548,1.49281,1.493,1.81,1.00
2017.09.25 20:22:40.091,1.49281,1.49299,1.81,1.00
2017.09.25 20:22:40.723,1.49281,1.493,1.81,1.00
2017.09.25 20:22:41.523,1.49283,1.49301,1.31,1.00
2017.09.25 20:22:42.049,1.49282,1.49301,1.62,1.00
2017.09.25 20:22:45.403,1.49282,1.493,1.81,1.00
2017.09.25 20:22:46.428,1.49282,1.49303,1.50,1.50
2017.09.25 20:22:47.448,1.49282,1.49302,1.81,1.00
2017.09.25 20:22:47.972,1.49281,1.49303,2.25,1.50
2017.09.25 20:22:48.517,1.49281,1.49302,3.00,1.00
2017.09.25 20:23:03.145,1.49283,1.49305,1.31,1.81
2017.09.25 20:23:03.662,1.49284,1.49304,1.62,1.25
2017.09.25 20:23:04.180,1.49283,1.49305,1.62,1.25
2017.09.25 20:23:06.798,1.49284,1.49304,1.37,1.00
2017.09.25 20:23:07.332,1.49283,1.49305,1.62,1.25
2017.09.25 20:23:07.552,1.49284,1.49302,1.37,1.19
2017.09.25 20:23:07.810,1.49283,1.49305,1.87,1.19
2017.09.25 20:23:10.827,1.49285,1.49307,1.87,1.44
2017.09.25 20:23:11.418,1.49286,1.49307,1.44,3.19
2017.09.25 20:23:11.621,1.49285,1.49307,1.25,1.62
2017.09.25 20:23:12.807,1.49286,1.49307,1.12,2.44
2017.09.25 20:23:14.446,1.49283,1.49304,2.44,1.25
2017.09.25 20:23:14.549,1.49283,1.49304,1.25,1.12
2017.09.25 20:23:15.077,1.49283,1.49304,1.25,1.62
2017.09.25 20:23:16.119,1.49283,1.49304,1.00,1.56
2017.09.25 20:23:16.222,1.49281,1.49303,1.87,1.25
2017.09.25 20:23:16.454,1.49283,1.49298,1.00,1.00
2017.09.25 20:23:16.975,1.49282,1.49299,1.00,1.00
2017.09.25 20:23:17.594,1.49283,1.49298,1.00,1.19
2017.09.25 20:23:17.901,1.49283,1.49294,1.00,1.00
2017.09.25 20:23:18.921,1.4928,1.49297,1.00,1.00
2017.09.25 20:23:19.432,1.49281,1.49298,1.00,1.69
2017.09.25 20:23:19.998,1.4928,1.49297,1.00,1.00
2017.09.25 20:23:21.933,1.49281,1.49297,1.00,1.00
2017.09.25 20:23:25.022,1.4928,1.49297,1.00,1.00
2017.09.25 20:23:26.377,1.49279,1.49297,1.69,1.00
2017.09.25 20:23:27.131,1.49279,1.49297,1.31,1.00
2017.09.25 20:23:27.868,1.49279,1.49297,2.06,1.00
2017.09.25 20:23:28.964,1.49279,1.49297,2.06,1.00
2017.09.25 20:23:31.118,1.49279,1.49292,1.50,1.00
2017.09.25 20:23:31.170,1.49276,1.49293,1.50,1.00
2017.09.25 20:23:31.322,1.49275,1.49293,1.69,1.00
2017.09.25 20:23:31.870,1.49275,1.49293,1.44,1.00
2017.09.25 20:23:34.901,1.49276,1.49292,1.44,1.00
2017.09.25 20:23:35.119,1.49275,1.49293,1.87,1.00
2017.09.25 20:23:35.664,1.49276,1.49292,1.25,1.00
2017.09.25 20:23:36.243,1.49275,1.49293,1.25,1.00
2017.09.25 20:23:37.558,1.49276,1.49292,1.25,1.00
2017.09.25 20:23:38.164,1.49275,1.49293,1.25,1.00
2017.09.25 20:23:43.048,1.49275,1.49293,1.00,1.19
2017.09.25 20:23:44.513,1.49274,1.49292,1.50,1.19
2017.09.25 20:23:44.616,1.49273,1.49293,1.25,1.44
2017.09.25 20:23:44.936,1.4927,1.49289,1.87,1.00
2017.09.25 20:23:45.470,1.4927,1.49289,1.00,1.25
2017.09.25 20:23:45.998,1.49269,1.49289,1.69,1.87
2017.09.25 20:23:46.304,1.4927,1.49288,1.44,1.00
2017.09.25 20:23:46.830,1.4927,1.49289,1.12,1.50
2017.09.25 20:23:47.436,1.4927,1.49288,1.87,1.00
2017.09.25 20:23:50.819,1.49269,1.49289,1.87,1.69
2017.09.25 20:23:52.922,1.4927,1.49288,1.87,1.00
2017.09.25 20:23:54.023,1.4927,1.4929,1.87,1.25
2017.09.25 20:23:54.994,1.49271,1.49292,1.37,1.87
2017.09.25 20:23:55.532,1.4927,1.49293,2.62,3.56
2017.09.25 20:23:56.227,1.49274,1.49294,1.56,2.06
2017.09.25 20:23:56.738,1.49275,1.49294,1.38,1.00
2017.09.25 20:23:57.287,1.49274,1.49295,2.06,1.00
2017.09.25 20:23:57.821,1.49275,1.49298,1.37,2.81
2017.09.25 20:23:58.167,1.49276,1.49297,1.37,1.87
2017.09.25 20:23:58.690,1.49276,1.49297,1.62,2.06
2017.09.25 20:23:59.212,1.49275,1.49298,2.06,3.75
2017.09.25 20:24:00.643,1.49275,1.49298,1.31,2.81
2017.09.25 20:24:01.158,1.49276,1.49297,1.31,1.87
2017.09.25 20:24:01.845,1.49275,1.49298,1.31,3.00
2017.09.25 20:24:02.450,1.49276,1.49297,1.31,1.87
2017.09.25 20:24:03.140,1.49275,1.49298,1.50,2.81
2017.09.25 20:24:03.696,1.49276,1.49297,1.31,2.06
2017.09.25 20:24:04.235,1.49275,1.49298,2.06,3.56
2017.09.25 20:24:04.791,1.49276,1.49297,1.31,1.87
2017.09.25 20:24:05.502,1.49276,1.49293,1.31,1.00
2017.09.25 20:24:06.096,1.49276,1.49296,1.31,1.69
2017.09.25 20:24:06.758,1.49275,1.49298,2.06,2.81
2017.09.25 20:24:07.338,1.49276,1.49297,1.50,1.31
2017.09.25 20:24:07.847,1.49275,1.49298,1.31,2.25
2017.09.25 20:24:08.644,1.49276,1.49297,1.31,1.31
2017.09.25 20:24:09.894,1.49275,1.49296,1.50,1.00
2017.09.25 20:24:10.644,1.49276,1.49296,1.31,1.25
2017.09.25 20:24:11.188,1.49275,1.49296,1.31,1.00
2017.09.25 20:24:11.743,1.49276,1.49296,1.31,1.25
2017.09.25 20:24:12.535,1.49275,1.49296,2.25,1.00
2017.09.25 20:24:13.639,1.49276,1.49296,1.50,1.25
2017.09.25 20:24:14.364,1.49275,1.49296,2.06,1.00
2017.09.25 20:24:15.014,1.49276,1.49296,1.31,1.00
2017.09.25 20:24:15.370,1.49276,1.49294,1.44,1.00
2017.09.25 20:24:15.877,1.49275,1.49295,1.87,2.25
2017.09.25 20:24:18.876,1.49274,1.49295,1.12,1.37
2017.09.25 20:24:19.466,1.49275,1.49294,1.12,1.87
2017.09.25 20:24:21.172,1.49274,1.49294,1.12,1.44
2017.09.25 20:24:21.706,1.49275,1.49294,1.12,1.87
2017.09.25 20:24:21.860,1.49269,1.4929,2.06,1.44
2017.09.25 20:24:22.412,1.49269,1.4929,1.87,1.19
2017.09.25 20:24:23.973,1.4927,1.4929,1.37,2.62
2017.09.25 20:24:24.492,1.49269,1.4929,1.87,1.19
2017.09.25 20:24:29.930,1.4927,1.4929,1.12,1.19
2017.09.25 20:24:30.737,1.4927,1.4929,1.44,1.19
2017.09.25 20:24:31.287,1.49271,1.4929,1.44,1.87
2017.09.25 20:24:32.919,1.4927,1.4929,1.37,1.19
2017.09.25 20:24:33.717,1.49267,1.49288,2.44,1.19
2017.09.25 20:24:34.261,1.49267,1.49288,1.56,1.25
2017.09.25 20:24:35.787,1.49266,1.49288,2.06,1.69
2017.09.25 20:24:36.298,1.49266,1.49288,2.06,1.69
2017.09.25 20:24:37.474,1.49266,1.49288,2.81,1.25
2017.09.25 20:24:38.641,1.49266,1.49286,1.31,1.19
2017.09.25 20:24:39.149,1.49265,1.49285,1.56,1.19
2017.09.25 20:24:39.644,1.49265,1.49285,1.00,1.44
2017.09.25 20:24:40.300,1.49264,1.49286,1.00,1.87
2017.09.25 20:24:40.436,1.49273,1.49288,1.13,1.31
2017.09.25 20:24:40.588,1.49272,1.49293,1.31,1.50
2017.09.25 20:24:40.742,1.49272,1.49293,1.81,1.00
2017.09.25 20:24:41.388,1.49272,1.49294,1.81,1.69
2017.09.25 20:24:44.317,1.49272,1.49293,1.81,1.00
2017.09.25 20:24:45.269,1.49272,1.49294,1.81,2.44
2017.09.25 20:24:46.354,1.49272,1.49294,1.81,1.69
2017.09.25 20:24:46.873,1.49272,1.49293,1.81,1.00
2017.09.25 20:24:50.160,1.49272,1.49294,1.69,1.87
2017.09.25 20:24:50.680,1.49272,1.49293,1.81,1.00
2017.09.25 20:24:51.602,1.49272,1.49293,2.00,1.50
2017.09.25 20:24:52.600,1.49272,1.49293,2.00,1.00
2017.09.25 20:24:53.151,1.49276,1.49294,1.25,1.00
2017.09.25 20:24:53.654,1.49275,1.49295,1.25,1.00
2017.09.25 20:24:54.167,1.49275,1.49295,1.44,1.00
2017.09.25 20:24:54.751,1.49276,1.49294,1.44,1.00
2017.09.25 20:24:55.279,1.49275,1.49295,1.44,1.50
2017.09.25 20:24:55.996,1.49276,1.49294,1.44,1.00
2017.09.25 20:24:56.555,1.49275,1.49295,1.44,1.50
2017.09.25 20:24:57.178,1.49276,1.49294,1.44,1.00
2017.09.25 20:24:57.894,1.49275,1.49295,1.31,1.50
2017.09.25 20:24:58.554,1.49276,1.49294,1.31,1.00
2017.09.25 20:24:59.088,1.49275,1.49295,1.31,1.50
2017.09.25 20:24:59.606,1.49276,1.49294,1.44,1.00
2017.09.25 20:25:00.470,1.49275,1.49295,1.44,2.25
2017.09.25 20:25:01.126,1.49276,1.49294,1.44,1.00
2017.09.25 20:25:02.100,1.49275,1.49295,1.44,2.25
2017.09.25 20:25:02.938,1.49275,1.49295,1.12,2.25
2017.09.25 20:25:05.023,1.49275,1.49295,1.37,1.00
2017.09.25 20:25:05.640,1.49276,1.49295,1.37,1.25
2017.09.25 20:25:06.350,1.49275,1.49295,1.37,1.00
2017.09.25 20:25:06.469,1.49276,1.49295,1.37,1.00
2017.09.25 20:25:09.864,1.49275,1.49295,1.37,1.00
2017.09.25 20:25:10.335,1.49276,1.49297,1.37,2.25
2017.09.25 20:25:10.844,1.49275,1.49297,1.37,1.62
2017.09.25 20:25:11.598,1.49275,1.49297,1.44,2.06
2017.09.25 20:25:13.021,1.49276,1.49297,1.37,2.62
2017.09.25 20:25:13.579,1.49276,1.49297,1.37,1.87
2017.09.25 20:25:14.218,1.49275,1.49297,1.37,1.87
2017.09.25 20:25:16.691,1.49276,1.49297,1.37,2.06
2017.09.25 20:25:17.317,1.49275,1.49297,1.37,1.44
2017.09.25 20:25:17.855,1.49275,1.49297,1.37,2.06
2017.09.25 20:25:18.195,1.49275,1.49295,1.19,1.19
2017.09.25 20:25:21.628,1.49275,1.49295,1.19,1.25
2017.09.25 20:25:25.515,1.49273,1.49294,1.87,1.50
2017.09.25 20:25:26.041,1.49274,1.49294,1.37,1.00
2017.09.25 20:25:26.788,1.49274,1.49294,2.06,1.50
2017.09.25 20:25:28.117,1.49271,1.49286,1.87,1.00
2017.09.25 20:25:28.170,1.49271,1.49286,1.50,1.00
2017.09.25 20:25:28.222,1.49266,1.49279,1.75,1.00
2017.09.25 20:25:28.429,1.49259,1.49272,1.25,1.00
2017.09.25 20:25:29.156,1.49259,1.49273,1.00,1.00
2017.09.25 20:25:29.684,1.49259,1.49274,1.62,1.00
2017.09.25 20:25:30.229,1.4926,1.49274,1.44,1.00
2017.09.25 20:25:30.749,1.4926,1.49275,1.44,1.87
2017.09.25 20:25:31.579,1.4926,1.49274,1.44,1.00
2017.09.25 20:25:32.135,1.4926,1.49275,1.44,1.87
2017.09.25 20:25:32.989,1.4926,1.49274,1.44,1.00
2017.09.25 20:25:35.986,1.4926,1.49274,1.56,1.50
2017.09.25 20:25:40.427,1.4926,1.49275,1.31,1.87
2017.09.25 20:25:40.704,1.49259,1.49272,1.00,1.00
2017.09.25 20:25:41.012,1.49258,1.4927,1.00,1.00
2017.09.25 20:25:41.574,1.49258,1.49271,1.00,1.00
2017.09.25 20:25:43.064,1.49258,1.4927,1.00,1.00
2017.09.25 20:25:43.369,1.49258,1.49268,1.00,1.00
2017.09.25 20:25:44.768,1.49258,1.49267,1.00,1.00
2017.09.25 20:25:45.278,1.49258,1.49268,1.00,1.00
2017.09.25 20:25:46.390,1.49257,1.49271,1.44,1.87
2017.09.25 20:25:46.442,1.4925,1.49264,1.12,1.00
2017.09.25 20:25:46.596,1.4925,1.49268,1.63,1.00
2017.09.25 20:25:46.648,1.49254,1.49269,1.19,1.50
2017.09.25 20:25:46.853,1.49256,1.49275,1.00,1.62
2017.09.25 20:25:47.551,1.49257,1.49276,1.00,2.25
2017.09.25 20:25:49.152,1.49256,1.49276,1.50,2.81
2017.09.25 20:25:49.919,1.49257,1.49276,1.00,1.50
2017.09.25 20:25:51.045,1.49256,1.49276,1.50,1.50
2017.09.25 20:25:51.571,1.49257,1.49276,1.00,1.50
2017.09.25 20:25:52.403,1.49256,1.49276,1.50,1.31
2017.09.25 20:25:53.128,1.49257,1.49276,1.00,1.50
2017.09.25 20:25:54.028,1.49256,1.49276,1.50,1.31
2017.09.25 20:25:54.533,1.49257,1.49276,1.00,1.44
2017.09.25 20:25:55.039,1.49256,1.49276,1.50,1.44
2017.09.25 20:25:59.423,1.49257,1.49276,1.00,1.75
2017.09.25 20:25:59.948,1.49256,1.49276,1.00,1.62
2017.09.25 20:26:00.204,1.49259,1.49276,1.00,2.25
2017.09.25 20:26:00.714,1.49258,1.49278,1.00,2.06
2017.09.25 20:26:01.254,1.49259,1.49278,1.00,2.25
2017.09.25 20:26:02.409,1.49258,1.49278,1.00,2.06
2017.09.25 20:26:02.922,1.49259,1.49278,1.00,2.06
2017.09.25 20:26:03.537,1.49258,1.49278,1.00,1.50
2017.09.25 20:26:04.847,1.49259,1.49278,1.00,1.50
2017.09.25 20:26:05.282,1.49255,1.49277,1.87,1.44
2017.09.25 20:26:06.001,1.49256,1.49277,1.44,2.25
2017.09.25 20:26:07.198,1.49255,1.49276,1.87,1.44
2017.09.25 20:26:07.744,1.49256,1.49276,1.12,1.56
2017.09.25 20:26:08.253,1.4926,1.49278,1.00,2.25
2017.09.25 20:26:08.357,1.49256,1.49278,2.06,1.69
2017.09.25 20:26:08.863,1.49256,1.49278,1.31,2.25
2017.09.25 20:26:09.849,1.49257,1.49278,1.25,2.81
2017.09.25 20:26:10.387,1.49256,1.49278,2.06,2.06
2017.09.25 20:26:11.154,1.49257,1.49278,1.00,2.62
2017.09.25 20:26:11.692,1.49257,1.49274,1.00,1.00
2017.09.25 20:26:12.215,1.49256,1.49274,1.31,1.00
2017.09.25 20:26:12.824,1.49257,1.49274,1.25,1.00
2017.09.25 20:26:13.365,1.49256,1.49274,2.06,1.00
2017.09.25 20:26:13.944,1.49257,1.49274,1.00,1.00
2017.09.25 20:26:14.449,1.49256,1.49274,1.87,1.00
2017.09.25 20:26:14.908,1.49254,1.4927,2.00,1.00
2017.09.25 20:26:15.011,1.49252,1.49269,1.37,1.00
2017.09.25 20:26:15.113,1.49251,1.49268,1.62,1.00
2017.09.25 20:26:15.696,1.4925,1.49268,1.62,1.00
2017.09.25 20:26:16.228,1.49251,1.49268,1.31,1.00
2017.09.25 20:26:16.940,1.4925,1.49268,2.06,1.00
2017.09.25 20:26:17.465,1.4925,1.49268,1.87,1.00
2017.09.25 20:26:18.096,1.49251,1.49268,1.12,1.00
2017.09.25 20:26:18.704,1.4925,1.49268,1.25,1.00
2017.09.25 20:26:18.972,1.49251,1.49268,1.44,1.00
2017.09.25 20:26:19.680,1.49257,1.49271,1.00,1.00
2017.09.25 20:26:19.785,1.49255,1.4927,1.00,1.25
2017.09.25 20:26:19.837,1.49252,1.49268,1.69,1.00
2017.09.25 20:26:19.940,1.4925,1.49267,1.00,1.00
2017.09.25 20:26:20.546,1.49251,1.49267,1.00,1.00
2017.09.25 20:26:21.103,1.49251,1.49266,1.00,1.00
2017.09.25 20:26:23.022,1.49249,1.49265,1.44,1.00
2017.09.25 20:26:24.480,1.49248,1.49265,1.44,1.00
2017.09.25 20:26:24.984,1.49249,1.49265,1.44,1.00
2017.09.25 20:26:25.892,1.49248,1.49265,1.44,1.00
2017.09.25 20:26:27.011,1.49249,1.49265,1.44,1.00
2017.09.25 20:26:29.977,1.49248,1.49266,1.25,1.00
2017.09.25 20:26:30.245,1.49249,1.49266,1.44,1.00
2017.09.25 20:26:30.774,1.49254,1.49271,1.12,2.06
2017.09.25 20:26:30.825,1.49255,1.49272,1.37,2.06
2017.09.25 20:26:31.030,1.49258,1.49274,1.00,1.00
2017.09.25 20:26:31.913,1.49259,1.49275,1.00,1.25
2017.09.25 20:26:32.427,1.49258,1.49275,1.00,1.00
2017.09.25 20:26:32.931,1.49259,1.49275,1.00,1.25
2017.09.25 20:26:32.983,1.49256,1.49274,2.25,1.00
2017.09.25 20:26:33.494,1.49256,1.49273,1.12,1.00
2017.09.25 20:26:34.024,1.49255,1.49273,2.06,1.00
2017.09.25 20:26:34.350,1.49257,1.49274,1.00,1.00
2017.09.25 20:26:34.853,1.49258,1.49275,1.00,1.25
2017.09.25 20:26:35.361,1.49257,1.49275,1.00,1.00
2017.09.25 20:26:36.134,1.49258,1.49275,1.00,1.25
2017.09.25 20:26:36.785,1.49257,1.49275,1.00,1.00
2017.09.25 20:26:37.353,1.49258,1.49275,1.00,1.25
2017.09.25 20:26:41.914,1.49257,1.49275,1.00,1.00
2017.09.25 20:26:43.974,1.49258,1.49275,1.13,1.00
2017.09.25 20:26:44.667,1.49258,1.49274,1.00,1.00
2017.09.25 20:26:47.916,1.49258,1.49276,1.00,1.12
2017.09.25 20:26:47.967,1.49257,1.49274,1.50,1.00
2017.09.25 20:26:49.408,1.49258,1.49274,1.50,1.00
2017.09.25 20:26:50.584,1.49257,1.49274,1.50,1.00
2017.09.25 20:26:51.098,1.49258,1.49274,1.00,1.00
2017.09.25 20:26:51.604,1.49257,1.49274,1.50,1.00
2017.09.25 20:26:52.123,1.49258,1.49274,1.00,1.00
2017.09.25 20:26:53.358,1.4926,1.49275,1.00,1.00
2017.09.25 20:26:53.900,1.49259,1.49275,1.00,1.00
2017.09.25 20:26:58.091,1.49258,1.49275,1.00,1.00
2017.09.25 20:26:58.550,1.49254,1.49274,2.06,1.00
2017.09.25 20:27:02.899,1.49254,1.49273,2.44,1.00
2017.09.25 20:27:06.045,1.49253,1.49273,2.06,1.69
2017.09.25 20:27:06.571,1.49253,1.49272,1.94,1.00
2017.09.25 20:27:07.201,1.49253,1.49272,2.00,1.00
2017.09.25 20:27:07.608,1.49255,1.49274,1.31,1.00
2017.09.25 20:27:09.985,1.49257,1.49274,1.25,1.00
2017.09.25 20:27:10.579,1.49256,1.49274,1.69,1.00
2017.09.25 20:27:11.355,1.49257,1.49274,1.25,1.00
2017.09.25 20:27:11.866,1.49256,1.49274,1.25,1.00
2017.09.25 20:27:12.408,1.49256,1.49275,1.25,1.00
2017.09.25 20:27:12.951,1.49257,1.49275,1.25,1.00
2017.09.25 20:27:13.513,1.49256,1.49275,1.25,1.00
2017.09.25 20:27:15.020,1.49257,1.49275,1.12,1.00
2017.09.25 20:27:15.895,1.49256,1.49275,1.12,1.00
2017.09.25 20:27:16.843,1.49257,1.49275,1.44,1.00
2017.09.25 20:27:18.235,1.49256,1.49275,1.31,1.00
2017.09.25 20:27:18.743,1.49257,1.49275,1.31,1.00
2017.09.25 20:27:21.785,1.49256,1.49275,1.31,1.00
2017.09.25 20:27:21.888,1.49256,1.49271,1.25,1.00
2017.09.25 20:27:22.131,1.49251,1.49271,1.50,1.25
2017.09.25 20:27:22.183,1.49251,1.49269,2.06,1.00
2017.09.25 20:27:22.833,1.49251,1.49269,1.31,1.00
2017.09.25 20:27:23.374,1.49251,1.49269,1.31,1.00
2017.09.25 20:27:24.958,1.49251,1.49268,1.31,1.00
2017.09.25 20:27:28.882,1.49251,1.49268,1.25,1.00
2017.09.25 20:27:29.188,1.49256,1.49273,1.12,1.00
2017.09.25 20:27:29.698,1.49256,1.49274,1.12,1.00
2017.09.25 20:27:31.914,1.49256,1.49274,1.31,1.00
2017.09.25 20:27:32.724,1.49255,1.49274,1.50,1.00
2017.09.25 20:27:32.877,1.49256,1.49273,1.31,1.00
2017.09.25 20:27:33.191,1.49256,1.49275,1.31,1.25
2017.09.25 20:27:33.477,1.49254,1.49273,2.25,1.00
2017.09.25 20:27:33.978,1.49253,1.49273,3.00,1.00
2017.09.25 20:27:34.285,1.49253,1.49271,1.31,1.00
2017.09.25 20:27:34.704,1.49256,1.49273,1.44,1.00
2017.09.25 20:27:35.222,1.49256,1.49273,1.12,1.00
2017.09.25 20:27:35.743,1.49256,1.49273,1.44,1.00
2017.09.25 20:27:37.704,1.49256,1.49274,1.87,1.00
2017.09.25 20:27:38.224,1.49257,1.49274,1.19,1.00
2017.09.25 20:27:39.575,1.49256,1.49274,2.06,1.00
2017.09.25 20:27:40.140,1.49257,1.49274,1.44,1.00
2017.09.25 20:27:42.050,1.49256,1.49274,1.87,1.00
2017.09.25 20:27:42.553,1.49257,1.49274,1.19,1.00
2017.09.25 20:27:43.276,1.49257,1.49274,1.25,1.00
2017.09.25 20:27:45.428,1.49256,1.49274,1.87,1.00
2017.09.25 20:27:45.979,1.49256,1.49275,2.62,1.00
2017.09.25 20:27:46.913,1.49256,1.49275,1.31,1.25
2017.09.25 20:27:47.547,1.49256,1.49275,1.12,1.00
2017.09.25 20:27:49.243,1.49256,1.49275,1.31,1.25
2017.09.25 20:27:49.770,1.49256,1.49275,1.12,1.00
2017.09.25 20:27:50.218,1.49256,1.49274,1.81,1.00
2017.09.25 20:27:50.322,1.49255,1.49274,2.81,1.00
2017.09.25 20:27:50.981,1.49256,1.49274,2.25,1.00
2017.09.25 20:27:51.592,1.49255,1.49274,2.62,1.00
2017.09.25 20:27:52.236,1.49256,1.49274,2.06,1.00
2017.09.25 20:27:52.786,1.49255,1.49274,2.44,1.00
2017.09.25 20:27:53.673,1.49256,1.49274,1.87,1.00
2017.09.25 20:27:54.197,1.49256,1.49274,1.25,1.00
2017.09.25 20:27:54.769,1.49256,1.49274,2.06,1.00
2017.09.25 20:27:55.272,1.49256,1.49274,1.25,1.00
2017.09.25 20:27:55.831,1.49256,1.49274,1.87,1.00
2017.09.25 20:27:56.338,1.49256,1.49274,1.25,1.00
2017.09.25 20:27:57.199,1.49256,1.49274,2.06,1.00
2017.09.25 20:27:58.018,1.49256,1.49274,1.12,1.00
2017.09.25 20:27:58.708,1.49256,1.49274,1.31,1.00
2017.09.25 20:27:59.235,1.49255,1.49274,2.44,1.00
2017.09.25 20:28:01.212,1.49253,1.49272,1.12,1.00
2017.09.25 20:28:01.264,1.49252,1.49271,1.62,1.00
2017.09.25 20:28:01.875,1.49251,1.4927,1.31,1.00
2017.09.25 20:28:02.509,1.49252,1.4927,1.31,1.00
2017.09.25 20:28:03.042,1.49252,1.4927,1.12,1.00
2017.09.25 20:28:03.571,1.49252,1.4927,2.06,1.00
2017.09.25 20:28:04.286,1.49252,1.4927,2.06,1.00
2017.09.25 20:28:04.934,1.49252,1.4927,1.12,1.00
2017.09.25 20:28:05.453,1.49252,1.4927,1.31,1.00
2017.09.25 20:28:05.998,1.49251,1.4927,2.06,1.00
2017.09.25 20:28:07.038,1.49252,1.4927,1.44,1.00
2017.09.25 20:28:07.558,1.49251,1.4927,1.87,1.00
2017.09.25 20:28:08.076,1.49252,1.4927,1.44,1.00
2017.09.25 20:28:08.656,1.49251,1.4927,1.87,1.00
2017.09.25 20:28:09.166,1.49252,1.4927,1.31,1.00
2017.09.25 20:28:09.420,1.49252,1.49272,1.31,1.87
2017.09.25 20:28:09.471,1.49251,1.4927,1.56,1.00
2017.09.25 20:28:09.639,1.49251,1.49271,1.31,1.00
2017.09.25 20:28:10.454,1.49251,1.4927,1.56,1.00
2017.09.25 20:28:11.113,1.49251,1.49271,1.12,1.00
2017.09.25 20:28:12.612,1.49251,1.4927,1.56,1.00
2017.09.25 20:28:13.383,1.49252,1.4927,1.31,1.00
2017.09.25 20:28:13.819,1.49254,1.49272,1.44,1.50
2017.09.25 20:28:14.177,1.49255,1.49274,1.31,1.50
2017.09.25 20:28:14.936,1.49255,1.49274,1.25,1.00
2017.09.25 20:28:15.441,1.49254,1.49273,2.25,1.00
2017.09.25 20:28:15.961,1.49254,1.49273,2.25,1.00
2017.09.25 20:28:16.116,1.49253,1.49271,1.50,1.00
2017.09.25 20:28:16.167,1.49254,1.49273,1.69,1.69
2017.09.25 20:28:16.682,1.49254,1.49273,1.44,1.00
2017.09.25 20:28:17.874,1.49252,1.49271,1.25,1.00
2017.09.25 20:28:17.926,1.49252,1.49271,1.87,1.00
2017.09.25 20:28:18.372,1.4925,1.49271,1.50,1.50
2017.09.25 20:28:18.761,1.4925,1.49269,1.31,1.00
2017.09.25 20:28:18.813,1.49249,1.49269,1.12,1.00
2017.09.25 20:28:19.427,1.4925,1.49268,1.00,1.00
2017.09.25 20:28:23.573,1.49249,1.49268,1.25,1.00
2017.09.25 20:28:25.924,1.4925,1.49268,1.00,1.00
2017.09.25 20:28:26.690,1.49249,1.49268,1.25,1.00
2017.09.25 20:28:30.683,1.4925,1.49268,1.00,1.00
2017.09.25 20:28:31.218,1.49249,1.49268,1.25,1.00
2017.09.25 20:28:40.173,1.4925,1.49268,1.25,1.00
2017.09.25 20:28:41.955,1.4925,1.49268,1.44,1.00
2017.09.25 20:28:42.596,1.49249,1.49268,1.31,1.00
2017.09.25 20:28:43.356,1.49249,1.49268,1.31,1.00
2017.09.25 20:28:44.729,1.4925,1.49268,1.12,1.00
2017.09.25 20:28:47.964,1.49249,1.49268,1.12,1.00
2017.09.25 20:28:48.118,1.49249,1.49267,1.00,1.19
2017.09.25 20:28:48.169,1.49245,1.49265,1.69,1.25
2017.09.25 20:28:48.221,1.49243,1.4926,2.62,1.00
2017.09.25 20:28:48.272,1.49242,1.4926,1.31,1.50
2017.09.25 20:28:48.375,1.4924,1.4926,1.87,1.00
2017.09.25 20:28:52.056,1.49249,1.49267,1.44,2.44
2017.09.25 20:28:52.161,1.4925,1.49267,1.37,1.12
2017.09.25 20:28:52.732,1.4925,1.49267,1.87,1.00
2017.09.25 20:28:53.820,1.4925,1.49267,1.44,1.00
2017.09.25 20:28:54.352,1.4925,1.49267,1.87,1.00
2017.09.25 20:28:54.861,1.4925,1.49267,1.44,1.00
2017.09.25 20:28:56.011,1.4925,1.49267,1.12,1.00
2017.09.25 20:28:56.063,1.4925,1.49267,1.63,1.00
2017.09.25 20:28:57.064,1.49249,1.49267,1.87,1.00
2017.09.25 20:28:58.583,1.49249,1.49267,1.87,1.00
2017.09.25 20:28:59.104,1.4925,1.49267,1.37,1.00
2017.09.25 20:29:00.637,1.49249,1.49268,1.87,1.00
2017.09.25 20:29:01.195,1.49249,1.49268,1.87,1.00
2017.09.25 20:29:01.710,1.4925,1.49268,1.37,1.00
2017.09.25 20:29:03.456,1.49249,1.49268,1.87,1.00
2017.09.25 20:29:04.922,1.49249,1.49268,1.56,1.00
2017.09.25 20:29:04.974,1.49254,1.49273,1.44,1.25
2017.09.25 20:29:05.673,1.49253,1.49274,1.62,1.25
2017.09.25 20:29:06.724,1.49253,1.49273,3.19,1.25
2017.09.25 20:29:07.375,1.49253,1.49274,2.25,1.25
2017.09.25 20:29:07.895,1.49253,1.49274,1.81,1.00
2017.09.25 20:29:08.451,1.49253,1.49273,3.00,1.00
2017.09.25 20:29:09.423,1.49253,1.49271,1.37,1.00
2017.09.25 20:29:09.581,1.49246,1.49265,1.44,1.00
2017.09.25 20:29:09.633,1.49244,1.49265,1.50,1.19
2017.09.25 20:29:09.685,1.49244,1.49264,1.50,1.69
2017.09.25 20:29:09.788,1.49244,1.49265,1.81,1.00
2017.09.25 20:29:10.043,1.49246,1.49268,1.44,2.25
2017.09.25 20:29:10.355,1.49249,1.49269,1.37,1.31
2017.09.25 20:29:11.192,1.49248,1.49269,1.69,1.31
2017.09.25 20:29:11.607,1.49249,1.49267,1.62,1.25
2017.09.25 20:29:12.130,1.4925,1.49267,1.62,1.25
2017.09.25 20:29:12.541,1.49252,1.49273,1.25,1.75
2017.09.25 20:29:12.694,1.49252,1.49273,1.25,2.25
2017.09.25 20:29:12.798,1.49249,1.49271,1.25,1.62
2017.09.25 20:29:13.323,1.4925,1.4927,1.25,1.44
2017.09.25 20:29:13.894,1.49249,1.49271,1.25,1.62
2017.09.25 20:29:14.006,1.4925,1.4927,1.44,1.37
2017.09.25 20:29:14.497,1.49248,1.49269,3.37,1.19
2017.09.25 20:29:15.628,1.49248,1.49268,1.87,1.25
2017.09.25 20:29:15.680,1.4925,1.49267,1.00,1.38
2017.09.25 20:29:15.987,1.49242,1.49258,1.00,1.00
2017.09.25 20:29:16.141,1.4924,1.4926,2.06,1.00
2017.09.25 20:29:16.581,1.4924,1.4926,1.44,1.00
2017.09.25 20:29:16.786,1.49241,1.4926,1.37,1.00
2017.09.25 20:29:17.308,1.4924,1.4926,1.87,1.00
2017.09.25 20:29:17.723,1.49241,1.49259,1.44,1.19
2017.09.25 20:29:17.774,1.49238,1.49256,1.00,1.00
2017.09.25 20:29:17.826,1.49239,1.49256,1.44,1.50
2017.09.25 20:29:17.979,1.49239,1.4926,1.56,1.87
2017.09.25 20:29:18.508,1.49239,1.4926,1.62,1.87
2017.09.25 20:29:19.081,1.49239,1.4926,1.37,1.87
2017.09.25 20:29:19.627,1.49238,1.4926,2.81,1.19
2017.09.25 20:29:21.104,1.49239,1.4926,1.37,1.69
2017.09.25 20:29:21.804,1.49238,1.4926,2.62,1.19
2017.09.25 20:29:22.198,1.49238,1.4926,2.06,1.69
2017.09.25 20:29:22.606,1.49238,1.49258,2.06,1.19
2017.09.25 20:29:22.919,1.49253,1.49267,1.69,1.12
2017.09.25 20:29:23.021,1.49254,1.49273,1.00,1.87
2017.09.25 20:29:23.631,1.49255,1.49273,1.25,1.25
2017.09.25 20:29:24.151,1.49255,1.49273,1.31,1.00
2017.09.25 20:29:25.070,1.49257,1.49273,1.00,1.00
2017.09.25 20:29:25.983,1.49256,1.49274,1.25,1.25
2017.09.25 20:29:26.035,1.49259,1.49274,1.00,1.00
2017.09.25 20:29:26.583,1.49259,1.49275,1.00,1.00
2017.09.25 20:29:27.112,1.49258,1.49275,1.50,1.00
2017.09.25 20:29:29.238,1.49259,1.49275,1.00,1.00
2017.09.25 20:29:29.569,1.49256,1.49275,1.12,1.00
2017.09.25 20:29:29.674,1.49255,1.49274,1.50,1.19
