2014.07.23 07:00:00.215,1.42631,1.42646,2.63,1.25
2014.07.23 07:00:00.744,1.42631,1.42645,1.00,1.50
2014.07.23 07:00:01.301,1.42629,1.42645,1.50,1.50
2014.07.23 07:00:01.852,1.42628,1.42644,1.00,1.50
2014.07.23 07:00:02.563,1.4263,1.42644,1.00,1.50
2014.07.23 07:00:03.707,1.42629,1.42644,1.00,1.00
2014.07.23 07:00:04.156,1.42626,1.42643,1.50,1.00
2014.07.23 07:00:04.207,1.42626,1.42641,1.50,1.00
2014.07.23 07:00:04.308,1.42626,1.42643,1.00,1.50
2014.07.23 07:00:04.445,1.42625,1.42641,1.50,1.00
2014.07.23 07:00:09.208,1.42625,1.4264,1.00,1.00
2014.07.23 07:00:10.483,1.42625,1.42638,1.00,1.00
2014.07.23 07:00:10.635,1.42623,1.42638,1.00,1.00
2014.07.23 07:00:13.455,1.42623,1.42633,1.00,1.00
2014.07.23 07:00:13.505,1.42621,1.42633,1.00,1.00
2014.07.23 07:00:13.607,1.42619,1.42633,1.50,1.13
2014.07.23 07:00:13.810,1.42621,1.42633,1.00,1.00
2014.07.23 07:00:13.911,1.42619,1.42633,1.00,1.00
2014.07.23 07:00:14.215,1.42619,1.42635,1.00,1.00
2014.07.23 07:00:14.367,1.42621,1.42635,1.00,1.00
2014.07.23 07:00:14.898,1.4262,1.42635,1.00,1.00
2014.07.23 07:00:17.311,1.42622,1.42635,1.00,1.00
2014.07.23 07:00:17.464,1.42622,1.42637,1.00,2.44
2014.07.23 07:00:17.869,1.42624,1.42637,1.00,1.25
2014.07.23 07:00:22.365,1.42625,1.42637,1.00,1.50
2014.07.23 07:00:28.269,1.42625,1.42639,1.00,1.00
2014.07.23 07:00:30.648,1.42623,1.42639,1.00,1.69
2014.07.23 07:00:30.699,1.42621,1.42635,1.88,1.00
2014.07.23 07:00:31.205,1.42621,1.42634,1.00,1.00
2014.07.23 07:00:31.718,1.42621,1.42635,1.00,1.00
2014.07.23 07:00:33.517,1.42622,1.42635,1.00,1.00
2014.07.23 07:00:34.023,1.42621,1.42635,1.00,1.00
2014.07.23 07:00:34.529,1.4262,1.42634,1.00,1.00
2014.07.23 07:00:35.649,1.4262,1.42635,1.00,1.00
2014.07.23 07:00:36.940,1.4262,1.42634,1.00,1.00
2014.07.23 07:00:37.855,1.4262,1.42631,1.00,1.00
2014.07.23 07:00:37.907,1.42617,1.42631,1.00,1.00
2014.07.23 07:00:37.958,1.42617,1.42629,1.00,1.00
2014.07.23 07:00:38.490,1.42616,1.4263,1.00,1.50
2014.07.23 07:00:43.559,1.42617,1.42631,1.00,1.00
2014.07.23 07:00:43.661,1.42617,1.42633,1.32,1.00
2014.07.23 07:00:43.712,1.4262,1.42633,1.00,1.00
2014.07.23 07:00:43.864,1.4262,1.42635,1.00,1.69
2014.07.23 07:00:44.118,1.4262,1.42637,1.00,1.50
2014.07.23 07:00:44.169,1.42626,1.42635,1.00,1.00
2014.07.23 07:00:44.374,1.42622,1.42633,1.00,1.38
2014.07.23 07:00:44.476,1.4262,1.42633,1.00,2.07
2014.07.23 07:00:44.577,1.4262,1.42631,1.00,1.00
2014.07.23 07:00:45.111,1.42619,1.42631,1.00,1.00
2014.07.23 07:00:45.666,1.42619,1.42632,1.00,1.13
2014.07.23 07:00:46.021,1.42622,1.42632,1.00,1.00
2014.07.23 07:00:46.122,1.42617,1.42632,1.00,1.00
2014.07.23 07:00:46.392,1.42615,1.42632,1.88,1.13
2014.07.23 07:00:48.022,1.42615,1.42632,3.98,1.13
2014.07.23 07:00:48.328,1.4263,1.42639,1.00,1.50
2014.07.23 07:00:48.532,1.42628,1.42639,1.00,1.00
2014.07.23 07:00:48.685,1.42629,1.42644,1.32,1.00
2014.07.23 07:00:48.888,1.4263,1.42646,1.13,1.50
2014.07.23 07:00:49.345,1.4263,1.4264,1.00,1.00
2014.07.23 07:00:49.498,1.42628,1.4264,1.00,1.00
2014.07.23 07:00:49.650,1.42626,1.42644,1.69,1.50
2014.07.23 07:00:50.159,1.42627,1.42645,1.69,1.69
2014.07.23 07:00:50.722,1.42627,1.42645,1.69,1.50
2014.07.23 07:00:53.047,1.42627,1.42645,1.69,1.50
2014.07.23 07:00:53.756,1.42627,1.42645,1.50,2.25
2014.07.23 07:00:53.808,1.42627,1.42642,1.00,1.00
2014.07.23 07:00:54.112,1.42626,1.42639,1.00,1.00
2014.07.23 07:00:54.163,1.42626,1.42641,1.25,1.50
2014.07.23 07:00:56.553,1.42626,1.42641,1.63,1.00
2014.07.23 07:00:56.858,1.42634,1.42648,1.00,1.00
2014.07.23 07:00:56.909,1.42639,1.42648,1.00,1.00
2014.07.23 07:00:56.960,1.42639,1.42654,1.00,1.50
2014.07.23 07:00:57.130,1.42637,1.42649,1.32,1.00
2014.07.23 07:00:57.385,1.42637,1.42653,1.00,1.00
2014.07.23 07:00:57.690,1.42637,1.42648,1.00,1.00
2014.07.23 07:00:57.842,1.42633,1.42648,1.50,1.00
2014.07.23 07:00:58.198,1.42631,1.42645,1.50,1.00
2014.07.23 07:00:58.502,1.42628,1.42644,1.69,1.00
2014.07.23 07:00:58.603,1.42628,1.42639,1.00,1.00
2014.07.23 07:00:58.704,1.42626,1.42639,1.13,1.50
2014.07.23 07:00:58.806,1.42625,1.42632,1.00,1.00
2014.07.23 07:00:58.959,1.4262,1.42627,1.00,1.00
2014.07.23 07:00:59.061,1.42618,1.42627,1.00,1.00
2014.07.23 07:00:59.162,1.42614,1.42629,1.00,1.50
2014.07.23 07:01:00.442,1.42614,1.42628,1.00,1.00
2014.07.23 07:01:00.978,1.42615,1.42629,1.00,1.50
2014.07.23 07:01:01.231,1.42615,1.42631,1.88,1.00
2014.07.23 07:01:01.282,1.42615,1.42633,1.88,2.63
2014.07.23 07:01:01.333,1.4262,1.42632,1.00,1.00
2014.07.23 07:01:01.738,1.42619,1.42627,1.00,1.00
2014.07.23 07:01:01.942,1.42614,1.42626,1.50,1.00
2014.07.23 07:01:02.043,1.42613,1.42628,1.00,2.44
2014.07.23 07:01:02.347,1.42613,1.42626,1.00,1.00
2014.07.23 07:01:02.854,1.42612,1.42626,1.00,1.00
2014.07.23 07:01:03.827,1.42614,1.42626,1.00,1.00
2014.07.23 07:01:04.040,1.42614,1.42629,1.00,1.00
2014.07.23 07:01:04.447,1.42614,1.42627,1.00,1.00
2014.07.23 07:01:05.018,1.42613,1.42626,1.00,1.00
2014.07.23 07:01:05.677,1.42611,1.42627,1.50,1.13
2014.07.23 07:01:05.779,1.42613,1.42628,1.00,1.25
2014.07.23 07:01:06.085,1.42615,1.42629,1.00,1.00
2014.07.23 07:01:06.593,1.42614,1.42629,1.00,1.50
2014.07.23 07:01:07.095,1.42614,1.42628,1.00,1.00
2014.07.23 07:01:08.148,1.42614,1.42627,1.00,1.00
2014.07.23 07:01:08.452,1.42614,1.42625,1.00,1.00
2014.07.23 07:01:08.959,1.42612,1.42624,1.00,1.00
2014.07.23 07:01:09.843,1.42613,1.42624,1.00,1.00
2014.07.23 07:01:11.731,1.42613,1.42626,1.00,1.00
2014.07.23 07:01:12.136,1.4261,1.42626,2.44,1.00
2014.07.23 07:01:14.596,1.42614,1.42626,1.00,1.00
2014.07.23 07:01:14.813,1.42615,1.42629,1.00,1.00
2014.07.23 07:01:15.341,1.42615,1.4263,1.00,1.00
2014.07.23 07:01:16.621,1.42613,1.4263,1.69,1.00
2014.07.23 07:01:16.774,1.42611,1.42629,1.88,2.07
2014.07.23 07:01:18.140,1.42613,1.42629,1.00,1.13
2014.07.23 07:01:18.597,1.42615,1.4263,1.00,1.00
2014.07.23 07:01:18.902,1.42617,1.42632,1.00,1.00
2014.07.23 07:01:20.388,1.42617,1.42633,1.00,1.13
2014.07.23 07:01:21.361,1.42618,1.42633,1.00,1.13
2014.07.23 07:01:22.456,1.42618,1.42634,1.50,1.00
2014.07.23 07:01:22.993,1.42619,1.42635,1.25,1.88
2014.07.23 07:01:24.426,1.42621,1.42635,1.00,1.13
2014.07.23 07:01:24.695,1.42624,1.42641,1.25,1.00
2014.07.23 07:01:25.201,1.42625,1.42642,1.00,2.07
2014.07.23 07:01:25.555,1.42624,1.42637,1.00,1.00
2014.07.23 07:01:25.656,1.42621,1.42637,1.50,1.00
2014.07.23 07:01:26.207,1.42622,1.42637,1.00,1.00
2014.07.23 07:01:26.856,1.42622,1.42638,1.50,1.69
2014.07.23 07:01:27.260,1.42624,1.42638,1.25,1.00
2014.07.23 07:01:27.464,1.42625,1.4264,1.00,1.00
2014.07.23 07:01:27.768,1.42626,1.42642,1.00,1.13
2014.07.23 07:01:27.869,1.42626,1.4264,1.00,1.00
2014.07.23 07:01:27.971,1.42623,1.42639,1.00,1.50
2014.07.23 07:01:28.123,1.42621,1.42637,3.57,1.00
2014.07.23 07:01:28.433,1.42624,1.42637,1.00,1.00
2014.07.23 07:01:28.536,1.42623,1.42639,1.50,1.50
2014.07.23 07:01:29.410,1.42625,1.42639,1.00,1.00
2014.07.23 07:01:29.512,1.42625,1.42641,1.50,1.00
2014.07.23 07:01:29.824,1.42627,1.42641,1.00,1.00
2014.07.23 07:01:30.436,1.42628,1.42641,1.00,1.00
2014.07.23 07:01:30.867,1.42628,1.42644,1.00,1.00
2014.07.23 07:01:31.425,1.42627,1.42644,1.50,1.50
2014.07.23 07:01:31.526,1.42629,1.42644,1.00,1.00
2014.07.23 07:01:32.032,1.4263,1.42645,1.00,1.13
2014.07.23 07:01:32.910,1.4263,1.42645,1.00,2.07
2014.07.23 07:01:32.961,1.42627,1.42644,1.00,1.25
2014.07.23 07:01:33.164,1.42626,1.42641,1.00,1.00
2014.07.23 07:01:33.978,1.42625,1.42641,1.00,1.69
2014.07.23 07:01:35.353,1.42631,1.42641,1.00,1.00
2014.07.23 07:01:35.455,1.42631,1.42644,1.00,1.00
2014.07.23 07:01:35.961,1.42631,1.42646,1.00,1.38
2014.07.23 07:01:36.366,1.42629,1.42646,1.50,1.13
2014.07.23 07:01:36.901,1.4263,1.42648,1.00,2.07
2014.07.23 07:01:37.154,1.42632,1.42648,1.00,2.07
2014.07.23 07:01:37.459,1.42637,1.4265,1.00,1.00
2014.07.23 07:01:37.561,1.42637,1.42652,1.50,1.00
2014.07.23 07:01:37.662,1.42643,1.42654,1.00,1.13
2014.07.23 07:01:37.973,1.42643,1.42658,1.00,1.50
2014.07.23 07:01:38.479,1.42644,1.42658,1.50,1.00
2014.07.23 07:01:40.505,1.42642,1.42658,1.00,1.00
2014.07.23 07:01:41.023,1.42642,1.42658,1.00,1.88
2014.07.23 07:01:41.176,1.4264,1.42654,1.50,1.00
2014.07.23 07:01:42.272,1.42638,1.42654,1.00,1.25
2014.07.23 07:01:43.886,1.42637,1.42653,2.25,1.00
2014.07.23 07:01:44.160,1.42639,1.42653,1.00,1.00
2014.07.23 07:01:44.667,1.42639,1.42654,1.00,1.00
2014.07.23 07:01:45.173,1.42639,1.42653,1.00,1.50
2014.07.23 07:01:45.709,1.42639,1.42654,1.00,1.25
2014.07.23 07:01:46.211,1.42638,1.42654,1.50,1.00
2014.07.23 07:01:50.837,1.42638,1.42653,1.00,1.00
2014.07.23 07:01:51.372,1.42638,1.42652,1.00,1.00
2014.07.23 07:01:51.423,1.42635,1.42651,3.19,1.00
2014.07.23 07:01:51.626,1.42633,1.42645,1.50,1.00
2014.07.23 07:01:51.930,1.42625,1.42635,1.50,1.00
2014.07.23 07:01:52.082,1.42622,1.42635,1.00,1.00
2014.07.23 07:01:52.184,1.42619,1.42635,1.00,1.50
2014.07.23 07:01:52.235,1.42616,1.42634,1.25,1.00
2014.07.23 07:01:52.437,1.42616,1.42632,1.69,1.00
2014.07.23 07:01:52.741,1.42619,1.42633,1.00,1.50
2014.07.23 07:01:54.972,1.42621,1.42633,1.00,1.13
2014.07.23 07:01:55.486,1.42621,1.42634,1.00,1.13
2014.07.23 07:01:56.792,1.42621,1.42637,1.00,1.00
2014.07.23 07:01:57.045,1.42621,1.42635,1.00,1.00
2014.07.23 07:01:58.141,1.4262,1.42635,1.50,1.88
2014.07.23 07:01:58.458,1.4262,1.42633,1.00,1.00
2014.07.23 07:02:01.633,1.42619,1.42633,2.25,1.13
2014.07.23 07:02:02.262,1.42619,1.42633,1.00,1.38
2014.07.23 07:02:02.785,1.42618,1.4263,1.00,1.00
2014.07.23 07:02:04.346,1.42619,1.4263,1.00,1.00
2014.07.23 07:02:04.751,1.42621,1.4263,1.00,1.00
2014.07.23 07:02:05.289,1.4262,1.4263,1.00,1.00
2014.07.23 07:02:06.578,1.4262,1.42629,1.00,1.00
2014.07.23 07:02:06.629,1.42617,1.42629,1.00,1.00
2014.07.23 07:02:06.832,1.42619,1.4263,1.00,1.13
2014.07.23 07:02:10.030,1.42618,1.42631,1.00,1.38
2014.07.23 07:02:15.310,1.42619,1.42631,1.00,1.38
2014.07.23 07:02:15.768,1.42621,1.42631,1.00,1.13
2014.07.23 07:02:17.955,1.42616,1.42631,1.00,1.13
2014.07.23 07:02:18.502,1.42615,1.42631,2.25,1.13
2014.07.23 07:02:18.930,1.42619,1.42631,1.00,1.13
2014.07.23 07:02:20.690,1.42615,1.42631,3.00,1.13
2014.07.23 07:02:21.143,1.4262,1.42634,1.00,1.00
2014.07.23 07:02:21.600,1.42617,1.42633,1.00,1.88
2014.07.23 07:02:22.207,1.42617,1.42632,1.13,1.00
2014.07.23 07:02:22.730,1.42618,1.42635,1.00,1.00
2014.07.23 07:02:23.437,1.42619,1.42636,1.00,1.00
2014.07.23 07:02:27.841,1.42619,1.42635,1.00,1.00
2014.07.23 07:02:27.942,1.42618,1.42632,1.00,1.00
2014.07.23 07:02:28.094,1.42616,1.42632,1.50,1.32
2014.07.23 07:02:28.238,1.42614,1.42631,1.50,1.13
2014.07.23 07:02:28.756,1.42614,1.4263,1.00,1.00
2014.07.23 07:02:29.272,1.42614,1.42631,1.00,1.13
2014.07.23 07:02:29.922,1.42616,1.42631,1.00,1.00
2014.07.23 07:02:30.435,1.42616,1.42632,1.50,1.88
2014.07.23 07:02:30.789,1.42616,1.42632,2.25,1.50
2014.07.23 07:02:31.348,1.42623,1.42632,1.00,1.00
2014.07.23 07:02:31.449,1.42619,1.42635,1.50,1.00
2014.07.23 07:02:31.653,1.42619,1.42632,1.00,1.00
2014.07.23 07:02:32.159,1.42618,1.42633,1.00,1.00
2014.07.23 07:02:32.902,1.42618,1.42634,1.00,1.25
2014.07.23 07:02:33.207,1.42621,1.42636,1.00,1.00
2014.07.23 07:02:34.645,1.4262,1.42635,1.00,1.00
2014.07.23 07:02:34.951,1.42619,1.42632,1.00,1.00
2014.07.23 07:02:35.154,1.42616,1.42632,1.00,1.69
2014.07.23 07:02:37.266,1.42616,1.42632,1.00,1.88
2014.07.23 07:02:39.162,1.42616,1.4263,1.00,1.00
2014.07.23 07:02:45.465,1.42619,1.4263,1.00,1.00
2014.07.23 07:02:45.515,1.42619,1.42633,1.00,1.32
2014.07.23 07:02:46.022,1.4262,1.42633,1.00,1.00
2014.07.23 07:02:46.922,1.4262,1.42636,1.00,3.38
2014.07.23 07:02:47.423,1.4262,1.42636,1.00,3.57
2014.07.23 07:02:49.338,1.4262,1.42636,1.00,3.57
2014.07.23 07:02:51.343,1.4262,1.42635,1.00,1.00
2014.07.23 07:02:51.545,1.42618,1.42633,1.00,1.00
2014.07.23 07:02:52.313,1.42617,1.42633,1.00,1.25
2014.07.23 07:02:54.426,1.42618,1.42633,1.00,1.00
2014.07.23 07:02:54.975,1.42618,1.42634,2.63,1.50
2014.07.23 07:02:55.283,1.42623,1.42639,1.50,1.00
2014.07.23 07:02:59.173,1.42623,1.42637,1.50,1.00
2014.07.23 07:02:59.326,1.4262,1.42636,1.50,1.00
2014.07.23 07:02:59.377,1.4262,1.42634,1.00,1.00
2014.07.23 07:02:59.579,1.42618,1.42633,1.00,1.00
2014.07.23 07:02:59.782,1.42618,1.42636,1.50,2.82
2014.07.23 07:03:00.237,1.42618,1.42634,1.00,1.00
2014.07.23 07:03:00.771,1.42619,1.42634,1.00,1.00
2014.07.23 07:03:01.433,1.42619,1.42633,1.25,1.00
2014.07.23 07:03:02.301,1.42619,1.42633,2.07,1.00
2014.07.23 07:03:04.449,1.42619,1.42633,1.50,1.00
2014.07.23 07:03:04.753,1.42616,1.42622,1.00,1.00
2014.07.23 07:03:04.804,1.42616,1.42626,1.00,1.19
2014.07.23 07:03:04.855,1.42608,1.42625,1.13,1.25
2014.07.23 07:03:04.957,1.42608,1.42621,1.00,1.00
2014.07.23 07:03:05.059,1.42606,1.42621,2.25,1.50
2014.07.23 07:03:05.363,1.42604,1.4262,1.88,1.50
2014.07.23 07:03:08.621,1.42604,1.42619,2.18,1.00
2014.07.23 07:03:09.389,1.42604,1.42618,2.18,1.00
2014.07.23 07:03:09.828,1.42604,1.4262,2.18,2.25
2014.07.23 07:03:09.879,1.42604,1.42614,1.43,1.00
2014.07.23 07:03:10.386,1.42604,1.42613,1.00,1.00
2014.07.23 07:03:10.893,1.42602,1.42613,1.25,1.00
2014.07.23 07:03:11.213,1.426,1.42612,1.13,1.00
2014.07.23 07:03:11.265,1.426,1.42612,1.00,1.38
2014.07.23 07:03:11.571,1.42591,1.42599,1.00,1.00
2014.07.23 07:03:11.673,1.42588,1.42599,1.50,1.00
2014.07.23 07:03:11.774,1.42586,1.42601,1.00,1.00
2014.07.23 07:03:11.825,1.42589,1.42601,1.00,1.00
2014.07.23 07:03:12.129,1.42593,1.42603,1.00,1.00
2014.07.23 07:03:12.230,1.42593,1.42605,1.00,1.00
2014.07.23 07:03:12.584,1.42591,1.42605,1.88,1.00
2014.07.23 07:03:12.736,1.42593,1.42605,1.00,1.00
2014.07.23 07:03:13.563,1.42592,1.42605,1.00,1.00
2014.07.23 07:03:13.766,1.42587,1.42601,1.00,1.13
2014.07.23 07:03:13.969,1.42586,1.42599,1.00,1.00
2014.07.23 07:03:14.475,1.42585,1.42598,1.00,1.00
2014.07.23 07:03:15.231,1.42582,1.42598,1.19,1.50
2014.07.23 07:03:15.282,1.42581,1.42597,1.13,1.00
2014.07.23 07:03:15.789,1.4258,1.42596,1.25,1.00
2014.07.23 07:03:16.469,1.4258,1.42596,1.63,1.00
2014.07.23 07:03:16.578,1.4258,1.42596,1.25,1.00
2014.07.23 07:03:17.433,1.42581,1.42596,1.13,1.00
2014.07.23 07:03:17.535,1.42583,1.42596,1.13,1.00
2014.07.23 07:03:17.687,1.42583,1.42599,1.00,1.50
2014.07.23 07:03:17.992,1.42587,1.42599,1.00,1.00
2014.07.23 07:03:18.246,1.42589,1.42602,1.00,1.25
2014.07.23 07:03:18.651,1.42589,1.42599,1.00,1.00
2014.07.23 07:03:18.702,1.42587,1.42599,1.00,1.00
2014.07.23 07:03:19.209,1.42587,1.42598,1.00,1.00
2014.07.23 07:03:19.716,1.42587,1.42599,1.00,1.50
2014.07.23 07:03:24.176,1.42583,1.42598,1.00,1.00
2014.07.23 07:03:24.380,1.42588,1.42598,1.00,1.25
2014.07.23 07:03:24.633,1.42588,1.42601,1.00,1.00
2014.07.23 07:03:25.973,1.42588,1.42604,1.00,1.69
2014.07.23 07:03:31.217,1.42587,1.42605,1.88,1.69
2014.07.23 07:03:31.319,1.42585,1.42602,1.88,1.25
2014.07.23 07:03:31.673,1.42587,1.42602,1.00,1.25
2014.07.23 07:03:41.578,1.42587,1.42602,1.13,1.19
2014.07.23 07:03:41.884,1.42585,1.42595,1.00,1.00
2014.07.23 07:03:43.026,1.42583,1.42595,1.00,1.00
2014.07.23 07:03:44.449,1.42583,1.42597,1.00,1.32
2014.07.23 07:03:44.601,1.42585,1.42598,1.00,1.69
2014.07.23 07:03:44.904,1.42585,1.426,1.00,2.25
2014.07.23 07:03:47.675,1.42583,1.426,1.00,2.25
2014.07.23 07:03:47.928,1.42582,1.42598,1.50,1.00
2014.07.23 07:03:52.275,1.42582,1.42596,1.00,1.00
2014.07.23 07:03:52.478,1.42579,1.42594,1.00,1.50
2014.07.23 07:03:52.681,1.42576,1.42593,1.13,1.50
2014.07.23 07:03:53.556,1.42576,1.42592,1.13,1.00
2014.07.23 07:03:53.925,1.42576,1.42592,2.82,1.00
2014.07.23 07:03:54.027,1.42577,1.42594,1.13,1.25
2014.07.23 07:03:54.129,1.42579,1.42594,1.00,1.25
2014.07.23 07:03:54.661,1.42579,1.42593,1.00,1.00
2014.07.23 07:03:55.177,1.42578,1.42592,1.00,1.50
2014.07.23 07:03:55.333,1.42576,1.42591,1.00,1.50
2014.07.23 07:03:55.437,1.42576,1.42588,1.00,1.00
2014.07.23 07:03:55.599,1.42574,1.42588,1.00,1.00
2014.07.23 07:03:55.903,1.42576,1.42588,1.00,1.00
2014.07.23 07:03:57.868,1.42574,1.42588,1.00,1.69
2014.07.23 07:03:58.950,1.42573,1.42588,1.00,1.69
2014.07.23 07:03:59.390,1.42571,1.42586,1.50,1.00
2014.07.23 07:04:01.263,1.42574,1.42588,1.00,1.88
2014.07.23 07:04:01.568,1.42577,1.42591,1.00,1.00
2014.07.23 07:04:02.073,1.42577,1.42592,1.00,1.00
2014.07.23 07:04:02.590,1.42576,1.42592,1.25,1.00
2014.07.23 07:04:02.844,1.42571,1.42588,1.13,1.00
2014.07.23 07:04:03.374,1.4257,1.42587,2.25,1.00
2014.07.23 07:04:04.123,1.4257,1.42585,1.00,1.00
2014.07.23 07:04:05.135,1.42572,1.42588,1.00,2.07
2014.07.23 07:04:05.649,1.42573,1.42589,1.50,1.38
2014.07.23 07:04:05.801,1.42571,1.42587,3.00,1.13
2014.07.23 07:04:05.852,1.42579,1.42587,1.00,1.13
2014.07.23 07:04:05.954,1.42576,1.42591,1.00,1.50
2014.07.23 07:04:06.157,1.42577,1.42588,1.00,1.00
2014.07.23 07:04:06.309,1.42572,1.42588,1.00,1.00
2014.07.23 07:04:06.811,1.42571,1.42588,1.50,1.50
2014.07.23 07:04:08.001,1.42573,1.42588,1.00,1.00
2014.07.23 07:04:09.162,1.42572,1.42586,1.00,1.00
2014.07.23 07:04:11.150,1.4257,1.42586,1.69,1.00
2014.07.23 07:04:11.660,1.42569,1.42585,2.44,1.00
2014.07.23 07:04:12.166,1.42569,1.42585,1.50,1.00
2014.07.23 07:04:14.952,1.42569,1.42585,2.63,1.00
2014.07.23 07:04:15.559,1.42569,1.42587,1.88,1.69
2014.07.23 07:04:16.110,1.42569,1.42587,1.50,2.82
2014.07.23 07:04:16.657,1.42571,1.42587,1.00,2.07
2014.07.23 07:04:17.222,1.4257,1.42587,1.13,1.32
2014.07.23 07:04:17.527,1.4257,1.42585,1.00,1.00
2014.07.23 07:04:18.044,1.42572,1.42585,1.00,1.00
2014.07.23 07:04:18.160,1.42572,1.42588,1.50,1.69
2014.07.23 07:04:18.667,1.42572,1.42588,1.00,1.13
2014.07.23 07:04:18.921,1.42576,1.42588,1.00,1.00
2014.07.23 07:04:20.254,1.42574,1.42588,1.50,1.00
2014.07.23 07:04:20.357,1.42572,1.42588,2.63,1.00
2014.07.23 07:04:21.154,1.42572,1.42588,1.50,1.38
2014.07.23 07:04:21.969,1.42573,1.42588,1.00,1.38
2014.07.23 07:04:22.478,1.42572,1.42588,1.00,1.00
2014.07.23 07:04:24.873,1.42572,1.42588,1.38,1.00
2014.07.23 07:04:25.381,1.42572,1.42588,1.00,1.00
2014.07.23 07:04:25.634,1.42572,1.42586,1.00,1.00
2014.07.23 07:04:25.888,1.42569,1.42585,2.63,1.50
2014.07.23 07:04:26.274,1.42569,1.42583,2.25,1.00
2014.07.23 07:04:26.813,1.42569,1.42582,1.00,1.00
2014.07.23 07:04:27.341,1.42569,1.42583,1.00,1.00
2014.07.23 07:04:33.088,1.42569,1.42584,1.00,1.00
2014.07.23 07:04:33.491,1.42572,1.42585,1.00,1.00
2014.07.23 07:04:36.147,1.4257,1.42585,1.00,1.00
2014.07.23 07:04:36.250,1.42569,1.42583,1.00,1.00
2014.07.23 07:04:36.759,1.42568,1.42583,1.00,1.88
2014.07.23 07:04:37.614,1.42568,1.42583,1.00,1.69
2014.07.23 07:04:38.123,1.42567,1.42583,1.00,1.32
2014.07.23 07:04:40.969,1.42569,1.42585,1.00,1.32
2014.07.23 07:04:41.497,1.4257,1.42586,1.00,1.00
2014.07.23 07:04:42.007,1.42571,1.42587,1.00,1.25
2014.07.23 07:04:42.363,1.42572,1.42588,1.19,1.00
2014.07.23 07:04:42.718,1.42574,1.4259,1.00,1.50
2014.07.23 07:04:43.568,1.42576,1.4259,1.98,1.00
2014.07.23 07:04:43.670,1.42588,1.42594,1.00,1.43
2014.07.23 07:04:43.722,1.42589,1.42596,1.00,1.00
2014.07.23 07:04:43.773,1.4259,1.42602,1.00,2.55
2014.07.23 07:04:43.824,1.4259,1.42604,1.00,1.00
2014.07.23 07:04:43.976,1.4259,1.42606,1.25,1.00
2014.07.23 07:04:44.280,1.42586,1.42604,2.25,1.00
2014.07.23 07:04:44.483,1.42586,1.426,1.50,1.00
2014.07.23 07:04:44.787,1.42584,1.42599,1.00,1.00
2014.07.23 07:04:44.990,1.42581,1.42599,4.09,1.00
2014.07.23 07:04:45.602,1.42581,1.42599,1.47,1.13
2014.07.23 07:04:46.931,1.42581,1.42599,1.00,1.32
2014.07.23 07:04:47.032,1.42579,1.42597,1.25,2.07
2014.07.23 07:04:47.083,1.42579,1.42593,1.25,1.00
2014.07.23 07:04:47.388,1.42579,1.42595,1.25,1.00
2014.07.23 07:04:49.700,1.42579,1.42596,1.00,1.00
2014.07.23 07:04:52.348,1.42579,1.42595,1.00,1.00
2014.07.23 07:04:52.673,1.42579,1.42591,1.00,1.00
2014.07.23 07:04:52.977,1.42576,1.42589,1.00,1.00
2014.07.23 07:04:53.482,1.42575,1.42589,1.00,1.00
2014.07.23 07:04:55.752,1.42575,1.42591,1.00,1.25
2014.07.23 07:04:58.522,1.42574,1.42591,1.00,2.25
2014.07.23 07:04:58.623,1.42574,1.42588,1.00,1.00
2014.07.23 07:04:59.596,1.42574,1.4259,1.00,1.00
2014.07.23 07:04:59.678,1.42576,1.4259,1.00,1.00
2014.07.23 07:04:59.933,1.42577,1.42592,1.00,1.00
2014.07.23 07:05:01.355,1.4258,1.42595,1.00,1.50
2014.07.23 07:05:01.524,1.42579,1.42596,1.00,1.00
2014.07.23 07:05:02.470,1.42579,1.42594,1.00,1.00
2014.07.23 07:05:03.134,1.42579,1.42595,1.00,1.88
2014.07.23 07:05:03.644,1.42579,1.42597,1.00,2.82
2014.07.23 07:05:05.196,1.42578,1.42596,1.25,1.32
2014.07.23 07:05:05.500,1.42583,1.42598,1.00,1.00
2014.07.23 07:05:07.539,1.42583,1.42601,1.13,2.44
2014.07.23 07:05:07.894,1.42583,1.426,1.38,1.00
2014.07.23 07:05:08.350,1.42583,1.42599,1.88,1.00
2014.07.23 07:05:08.656,1.42585,1.42599,1.00,1.00
2014.07.23 07:05:08.808,1.42586,1.42603,1.00,1.69
2014.07.23 07:05:10.103,1.42586,1.426,1.00,1.00
2014.07.23 07:05:10.407,1.42587,1.426,1.32,1.00
2014.07.23 07:05:10.458,1.42587,1.42603,2.07,1.00
2014.07.23 07:05:10.509,1.4259,1.42603,1.00,1.00
2014.07.23 07:05:10.611,1.4259,1.42605,1.00,1.00
2014.07.23 07:05:11.118,1.4259,1.42607,1.00,1.19
2014.07.23 07:05:11.624,1.4259,1.42607,1.00,1.25
2014.07.23 07:05:13.757,1.4259,1.42605,1.00,1.00
2014.07.23 07:05:17.338,1.42589,1.42603,1.00,1.00
2014.07.23 07:05:17.440,1.42589,1.42605,1.00,1.25
2014.07.23 07:05:17.491,1.42588,1.42603,1.38,1.00
2014.07.23 07:05:17.997,1.42588,1.42603,1.00,1.00
2014.07.23 07:05:19.046,1.42587,1.42603,1.32,1.00
2014.07.23 07:05:19.401,1.42586,1.426,1.69,1.00
2014.07.23 07:05:19.713,1.42584,1.42598,1.00,1.00
2014.07.23 07:05:20.221,1.42583,1.42598,1.00,1.69
2014.07.23 07:05:20.528,1.42583,1.42596,1.00,1.00
2014.07.23 07:05:21.934,1.42583,1.42594,1.00,1.00
2014.07.23 07:05:21.985,1.4258,1.42594,1.88,1.00
2014.07.23 07:05:22.520,1.4258,1.42595,1.50,1.00
2014.07.23 07:05:26.916,1.4258,1.42596,1.50,1.69
2014.07.23 07:05:27.118,1.42582,1.42596,1.00,1.50
2014.07.23 07:05:30.162,1.42583,1.42596,1.00,1.00
2014.07.23 07:05:31.849,1.42585,1.42596,1.00,1.00
2014.07.23 07:05:32.304,1.42585,1.426,1.00,1.50
2014.07.23 07:05:32.864,1.42586,1.426,1.00,1.50
2014.07.23 07:05:34.238,1.42584,1.42598,1.13,1.00
2014.07.23 07:05:34.842,1.42584,1.42599,1.88,1.00
2014.07.23 07:05:35.411,1.42584,1.42599,1.88,1.00
2014.07.23 07:05:35.815,1.42586,1.42599,1.00,1.00
2014.07.23 07:05:36.375,1.42586,1.42598,1.00,1.50
2014.07.23 07:05:38.502,1.42586,1.42599,1.00,1.69
2014.07.23 07:05:39.474,1.42586,1.426,1.00,1.69
2014.07.23 07:05:44.400,1.42586,1.42592,1.00,1.00
2014.07.23 07:05:45.362,1.42586,1.42591,1.00,1.00
2014.07.23 07:05:47.355,1.42586,1.42593,1.00,1.00
2014.07.23 07:05:47.457,1.42584,1.42593,1.13,1.00
2014.07.23 07:05:47.663,1.42585,1.42595,1.00,1.00
2014.07.23 07:05:48.318,1.42585,1.42597,1.00,1.00
2014.07.23 07:05:49.212,1.42585,1.42598,1.00,1.00
2014.07.23 07:05:50.030,1.42585,1.42597,1.00,1.00
2014.07.23 07:05:50.519,1.42585,1.42599,1.00,1.50
2014.07.23 07:05:51.045,1.42586,1.42599,1.00,1.50
2014.07.23 07:05:51.551,1.42585,1.42599,1.00,1.50
2014.07.23 07:05:54.369,1.42587,1.42599,1.00,1.50
2014.07.23 07:05:54.673,1.42582,1.4259,1.00,1.00
2014.07.23 07:05:54.726,1.42582,1.42588,1.00,1.00
2014.07.23 07:05:54.778,1.4258,1.42588,1.50,1.00
2014.07.23 07:05:55.310,1.4258,1.42589,1.50,1.00
2014.07.23 07:05:55.361,1.4258,1.42592,1.50,1.00
2014.07.23 07:05:55.614,1.4258,1.42596,1.00,1.50
2014.07.23 07:05:55.918,1.42581,1.42596,1.32,1.00
2014.07.23 07:05:56.021,1.42581,1.42598,2.44,1.00
2014.07.23 07:05:56.122,1.42584,1.42598,1.00,1.50
2014.07.23 07:05:56.326,1.42581,1.42598,1.32,1.00
2014.07.23 07:05:56.377,1.42581,1.42595,1.00,1.00
2014.07.23 07:05:56.921,1.42579,1.42597,2.82,1.50
2014.07.23 07:05:57.521,1.42579,1.42597,2.63,1.50
2014.07.23 07:06:00.785,1.42579,1.42597,3.19,1.50
2014.07.23 07:06:01.847,1.42581,1.42597,1.00,1.50
2014.07.23 07:06:09.362,1.42582,1.42597,1.00,1.00
2014.07.23 07:06:09.665,1.42585,1.42597,1.00,1.00
2014.07.23 07:06:09.767,1.42585,1.42599,1.00,1.00
2014.07.23 07:06:09.869,1.42583,1.42599,1.13,1.00
2014.07.23 07:06:10.381,1.42583,1.42598,1.00,1.50
2014.07.23 07:06:11.260,1.42583,1.42598,1.00,1.69
2014.07.23 07:06:12.339,1.42583,1.42598,1.00,1.69
2014.07.23 07:06:16.099,1.42583,1.42597,1.00,1.00
2014.07.23 07:06:17.199,1.42583,1.42599,1.13,1.50
2014.07.23 07:06:17.706,1.42584,1.42599,1.00,1.00
2014.07.23 07:06:18.456,1.42583,1.42599,1.00,1.00
2014.07.23 07:06:23.860,1.42583,1.42598,1.00,1.00
2014.07.23 07:06:24.012,1.42581,1.42598,1.50,2.25
2014.07.23 07:06:27.253,1.42581,1.42597,1.00,1.00
2014.07.23 07:06:29.120,1.42583,1.42597,1.00,1.00
2014.07.23 07:06:30.261,1.42581,1.42593,1.00,1.00
2014.07.23 07:06:30.363,1.42578,1.42593,1.00,1.00
2014.07.23 07:06:30.414,1.42578,1.42593,1.00,1.50
2014.07.23 07:06:30.718,1.42576,1.42588,1.00,1.50
2014.07.23 07:06:31.039,1.42576,1.42586,1.00,1.00
2014.07.23 07:06:31.348,1.42576,1.42588,1.00,1.00
2014.07.23 07:06:31.652,1.42577,1.4259,1.00,1.00
2014.07.23 07:06:33.362,1.42579,1.42593,1.00,1.00
2014.07.23 07:06:33.666,1.42583,1.42596,1.00,2.07
2014.07.23 07:06:34.195,1.42579,1.42592,1.50,1.00
2014.07.23 07:06:34.348,1.42576,1.42592,2.07,1.00
2014.07.23 07:06:34.399,1.42579,1.42593,1.00,1.00
2014.07.23 07:06:34.766,1.42579,1.42595,1.00,1.00
2014.07.23 07:06:35.303,1.42578,1.42595,1.88,1.00
2014.07.23 07:06:35.835,1.42578,1.42595,1.88,1.69
2014.07.23 07:06:40.270,1.42576,1.4259,1.00,1.00
2014.07.23 07:06:40.675,1.42578,1.42592,1.00,2.48
2014.07.23 07:06:40.828,1.42579,1.42594,1.00,1.00
2014.07.23 07:06:41.132,1.42581,1.42596,1.00,1.00
2014.07.23 07:06:41.641,1.42581,1.42597,2.25,1.50
2014.07.23 07:06:42.895,1.42581,1.42596,1.13,1.00
2014.07.23 07:06:43.549,1.4258,1.42595,1.88,1.00
2014.07.23 07:06:45.706,1.4258,1.42595,1.88,1.25
2014.07.23 07:06:46.010,1.42578,1.42592,1.00,1.00
2014.07.23 07:06:46.315,1.42575,1.42588,1.00,1.00
2014.07.23 07:06:46.729,1.42575,1.42591,1.00,2.25
2014.07.23 07:06:47.237,1.42576,1.42591,1.00,1.00
2014.07.23 07:06:47.630,1.42577,1.42593,1.00,1.25
2014.07.23 07:06:47.680,1.42577,1.42593,1.38,1.25
2014.07.23 07:06:48.491,1.42579,1.42594,1.13,1.00
2014.07.23 07:06:48.996,1.4258,1.42595,1.00,1.00
2014.07.23 07:06:51.455,1.4258,1.42593,1.00,1.00
2014.07.23 07:06:52.335,1.4258,1.42595,1.00,1.00
2014.07.23 07:06:54.353,1.42582,1.42595,1.00,1.00
2014.07.23 07:06:54.920,1.42582,1.42596,1.50,1.00
2014.07.23 07:06:57.058,1.42582,1.42598,2.25,1.50
2014.07.23 07:06:57.589,1.42583,1.42598,1.00,1.25
2014.07.23 07:06:57.639,1.42582,1.42595,1.00,1.00
2014.07.23 07:06:57.690,1.42579,1.42595,2.25,1.50
2014.07.23 07:06:57.741,1.42581,1.42595,1.00,1.00
2014.07.23 07:06:57.943,1.42577,1.42592,1.00,1.69
2014.07.23 07:06:58.146,1.42579,1.42593,1.00,1.00
2014.07.23 07:06:58.449,1.4258,1.42596,1.00,2.44
2014.07.23 07:06:59.713,1.42581,1.42596,1.00,1.00
2014.07.23 07:07:00.119,1.42583,1.42599,1.00,1.19
2014.07.23 07:07:00.800,1.42583,1.42599,1.00,1.25
2014.07.23 07:07:02.806,1.42583,1.42596,1.00,1.00
2014.07.23 07:07:03.096,1.42581,1.42596,1.50,1.00
2014.07.23 07:07:03.147,1.42583,1.42597,1.00,1.00
2014.07.23 07:07:03.532,1.42583,1.42599,1.00,1.25
2014.07.23 07:07:04.899,1.42583,1.42596,1.00,1.00
2014.07.23 07:07:05.405,1.42583,1.42598,1.00,1.19
2014.07.23 07:07:06.287,1.42583,1.42601,1.50,2.82
2014.07.23 07:07:06.892,1.42583,1.42598,1.00,1.00
2014.07.23 07:07:07.094,1.42582,1.42598,1.00,1.19
2014.07.23 07:07:07.662,1.42581,1.42597,1.00,1.19
2014.07.23 07:07:09.929,1.42581,1.42597,2.25,1.00
2014.07.23 07:07:10.182,1.42582,1.42599,1.00,1.25
2014.07.23 07:07:11.634,1.42582,1.42593,1.00,1.00
2014.07.23 07:07:11.998,1.4258,1.42593,1.00,1.00
2014.07.23 07:07:12.150,1.4258,1.42596,1.00,1.50
2014.07.23 07:07:12.405,1.4258,1.42591,1.00,1.00
2014.07.23 07:07:12.456,1.42578,1.42591,1.00,1.00
2014.07.23 07:07:12.710,1.42579,1.42593,1.00,1.00
2014.07.23 07:07:12.912,1.42581,1.42594,1.00,1.50
2014.07.23 07:07:14.715,1.42579,1.42594,1.00,1.50
2014.07.23 07:07:15.425,1.4258,1.42594,1.00,1.50
2014.07.23 07:07:15.839,1.4258,1.42596,1.50,1.00
2014.07.23 07:07:16.396,1.42581,1.42597,1.00,1.50
2014.07.23 07:07:17.413,1.42584,1.42597,1.00,1.00
2014.07.23 07:07:17.514,1.42584,1.42599,1.00,1.50
2014.07.23 07:07:18.075,1.42585,1.426,1.00,1.25
2014.07.23 07:07:18.600,1.42584,1.426,1.00,1.50
2014.07.23 07:07:19.582,1.42584,1.426,1.00,2.82
2014.07.23 07:07:19.683,1.42582,1.42599,1.32,1.00
2014.07.23 07:07:20.205,1.42581,1.42598,1.00,1.13
2014.07.23 07:07:24.593,1.42582,1.42598,1.00,1.25
2014.07.23 07:07:25.555,1.42581,1.42598,1.50,1.00
2014.07.23 07:07:26.872,1.4258,1.42598,2.44,2.63
2014.07.23 07:07:27.395,1.42581,1.42598,1.00,2.82
2014.07.23 07:07:28.675,1.4258,1.42598,1.69,2.82
2014.07.23 07:07:29.725,1.4258,1.42598,2.44,2.07
2014.07.23 07:07:33.914,1.42581,1.42596,1.00,1.00
2014.07.23 07:07:34.419,1.42582,1.42596,1.00,1.00
2014.07.23 07:07:36.782,1.42581,1.42596,1.00,1.25
2014.07.23 07:07:37.315,1.4258,1.42596,1.00,1.25
2014.07.23 07:07:39.638,1.42582,1.42596,1.00,1.25
2014.07.23 07:07:40.143,1.42582,1.42597,1.00,1.00
2014.07.23 07:07:41.664,1.42582,1.42597,1.38,1.00
2014.07.23 07:07:41.968,1.42585,1.42597,1.00,1.00
2014.07.23 07:07:42.489,1.42585,1.42599,1.00,1.19
2014.07.23 07:07:43.035,1.42585,1.42599,1.00,1.25
2014.07.23 07:07:43.355,1.42593,1.426,1.00,1.00
2014.07.23 07:07:44.077,1.42593,1.42602,1.00,1.00
2014.07.23 07:07:44.127,1.42595,1.42602,1.00,1.00
2014.07.23 07:07:44.330,1.42598,1.42613,1.00,1.00
2014.07.23 07:07:44.836,1.42599,1.42614,1.00,1.00
2014.07.23 07:07:45.338,1.42598,1.42614,1.00,1.00
2014.07.23 07:07:45.848,1.42597,1.42611,1.00,1.00
2014.07.23 07:07:46.103,1.42594,1.4261,1.50,1.00
2014.07.23 07:07:50.289,1.42597,1.4261,1.00,1.00
2014.07.23 07:07:51.920,1.42596,1.42612,1.00,3.57
2014.07.23 07:07:52.226,1.42594,1.42605,1.00,1.00
2014.07.23 07:07:54.069,1.42594,1.42607,1.00,1.32
2014.07.23 07:07:54.575,1.42594,1.42604,1.00,1.13
2014.07.23 07:07:54.980,1.42587,1.42603,2.25,1.00
2014.07.23 07:07:55.089,1.42594,1.42605,1.00,1.69
2014.07.23 07:07:55.469,1.42587,1.42598,1.00,1.00
2014.07.23 07:07:55.623,1.42594,1.42601,1.00,1.00
2014.07.23 07:07:55.689,1.42586,1.42601,1.50,1.00
2014.07.23 07:07:55.792,1.42592,1.42602,1.00,1.25
2014.07.23 07:07:55.894,1.42586,1.42602,1.50,1.69
2014.07.23 07:07:56.111,1.42586,1.42599,1.25,1.00
2014.07.23 07:07:56.415,1.42592,1.42603,1.00,1.00
2014.07.23 07:07:57.779,1.42587,1.42603,1.00,1.25
2014.07.23 07:07:58.033,1.42591,1.42604,1.00,1.50
2014.07.23 07:07:58.287,1.42591,1.42607,1.50,1.00
2014.07.23 07:07:59.185,1.42591,1.42607,1.50,2.82
2014.07.23 07:07:59.248,1.42591,1.42604,1.00,1.00
2014.07.23 07:07:59.401,1.42586,1.42601,2.25,1.00
2014.07.23 07:07:59.655,1.42586,1.42601,2.25,1.00
2014.07.23 07:08:00.116,1.42589,1.42603,1.50,1.25
2014.07.23 07:08:00.421,1.42592,1.42607,1.00,2.44
2014.07.23 07:08:00.473,1.42592,1.42607,1.00,1.50
2014.07.23 07:08:00.625,1.42593,1.42609,1.88,1.50
2014.07.23 07:08:00.728,1.42596,1.42609,1.00,1.50
2014.07.23 07:08:01.234,1.42597,1.42609,1.00,1.00
2014.07.23 07:08:02.388,1.42594,1.42609,1.13,1.25
2014.07.23 07:08:03.450,1.42598,1.42609,1.00,1.00
2014.07.23 07:08:05.840,1.42598,1.42607,1.00,1.00
2014.07.23 07:08:05.891,1.42595,1.42607,1.00,1.00
2014.07.23 07:08:05.942,1.42595,1.42604,1.00,1.00
2014.07.23 07:08:05.993,1.42593,1.42604,1.00,1.00
2014.07.23 07:08:06.558,1.42593,1.42603,1.00,1.00
2014.07.23 07:08:07.889,1.42591,1.42603,1.00,1.19
2014.07.23 07:08:07.940,1.42591,1.42599,1.00,1.00
2014.07.23 07:08:07.991,1.42585,1.42599,1.50,1.00
2014.07.23 07:08:08.042,1.42585,1.42601,2.25,1.00
2014.07.23 07:08:08.144,1.42587,1.426,1.50,1.00
2014.07.23 07:08:08.195,1.42587,1.42603,1.88,1.00
2014.07.23 07:08:08.348,1.42592,1.42603,1.00,1.00
2014.07.23 07:08:08.551,1.42592,1.42606,1.00,1.25
2014.07.23 07:08:09.259,1.42593,1.42607,1.00,1.19
2014.07.23 07:08:09.777,1.42592,1.42607,1.00,1.50
2014.07.23 07:08:11.329,1.42594,1.42607,1.00,1.00
2014.07.23 07:08:12.165,1.42594,1.42606,1.00,1.00
2014.07.23 07:08:12.419,1.42592,1.42606,1.00,1.00
2014.07.23 07:08:12.471,1.42592,1.42602,1.00,1.00
2014.07.23 07:08:12.522,1.4259,1.42602,1.00,1.00
2014.07.23 07:08:12.574,1.4259,1.42598,1.00,1.00
2014.07.23 07:08:12.676,1.42586,1.42598,1.00,1.00
2014.07.23 07:08:13.183,1.42586,1.42598,1.00,1.69
2014.07.23 07:08:13.826,1.42586,1.42598,1.00,1.00
2014.07.23 07:08:14.030,1.42586,1.42604,2.44,1.69
2014.07.23 07:08:14.131,1.42588,1.42604,1.00,1.69
2014.07.23 07:08:15.901,1.42591,1.42606,1.00,1.05
2014.07.23 07:08:16.003,1.42592,1.42608,1.50,1.50
2014.07.23 07:08:16.214,1.42594,1.42609,1.00,1.25
2014.07.23 07:08:16.367,1.42595,1.42611,1.00,1.00
2014.07.23 07:08:16.913,1.42595,1.42605,1.00,1.00
2014.07.23 07:08:17.065,1.42592,1.42605,1.00,1.00
2014.07.23 07:08:17.116,1.4259,1.42603,1.00,1.00
2014.07.23 07:08:17.420,1.42588,1.42601,1.00,1.00
2014.07.23 07:08:18.822,1.42589,1.42601,1.00,1.00
2014.07.23 07:08:20.221,1.42589,1.42602,1.00,1.00
2014.07.23 07:08:21.723,1.42589,1.42603,1.00,1.00
2014.07.23 07:08:22.027,1.42591,1.42607,1.00,1.50
2014.07.23 07:08:22.331,1.42589,1.42603,1.00,1.00
2014.07.23 07:08:22.865,1.42588,1.42602,1.00,1.00
2014.07.23 07:08:24.769,1.42589,1.42602,1.00,1.25
2014.07.23 07:08:24.871,1.42587,1.42602,1.00,1.25
2014.07.23 07:08:24.922,1.42587,1.42602,1.00,1.32
2014.07.23 07:08:25.995,1.42587,1.42602,1.00,1.32
2014.07.23 07:08:27.229,1.42587,1.42602,1.00,1.32
2014.07.23 07:08:29.304,1.42585,1.42599,1.00,1.69
2014.07.23 07:08:30.517,1.42586,1.42599,1.00,1.25
2014.07.23 07:08:31.392,1.42586,1.42598,1.00,1.00
2014.07.23 07:08:31.910,1.42585,1.42598,1.00,1.00
2014.07.23 07:08:37.311,1.42585,1.42597,1.00,1.00
2014.07.23 07:08:38.982,1.42585,1.42597,1.00,1.69
2014.07.23 07:08:39.489,1.42584,1.42597,1.00,2.07
2014.07.23 07:08:40.062,1.42584,1.42597,1.00,1.69
2014.07.23 07:08:40.215,1.42584,1.42595,1.00,1.00
2014.07.23 07:08:44.362,1.42584,1.42596,1.00,1.00
2014.07.23 07:08:46.152,1.42584,1.42595,1.00,1.00
2014.07.23 07:08:48.143,1.42584,1.42593,1.00,1.13
2014.07.23 07:08:48.194,1.42579,1.42593,1.00,1.50
2014.07.23 07:08:48.296,1.42576,1.42593,1.00,1.50
2014.07.23 07:08:48.802,1.42576,1.42592,1.00,1.00
2014.07.23 07:08:49.457,1.42577,1.42592,1.00,1.00
2014.07.23 07:08:50.064,1.42578,1.42593,1.00,1.00
2014.07.23 07:08:50.343,1.4258,1.42594,1.00,1.00
2014.07.23 07:08:50.496,1.4258,1.42597,1.38,1.00
2014.07.23 07:08:51.034,1.42582,1.42598,1.00,1.00
2014.07.23 07:08:51.442,1.42584,1.426,1.00,2.07
2014.07.23 07:08:51.960,1.42584,1.426,1.00,1.69
2014.07.23 07:08:52.499,1.42588,1.426,1.00,1.25
2014.07.23 07:08:52.728,1.4259,1.42603,1.00,1.00
2014.07.23 07:08:52.829,1.4259,1.42606,1.00,1.00
2014.07.23 07:08:53.350,1.4259,1.42607,1.00,1.00
2014.07.23 07:08:55.965,1.42589,1.42605,1.69,1.00
2014.07.23 07:08:56.271,1.42587,1.426,1.00,1.00
2014.07.23 07:08:56.373,1.42584,1.42598,1.00,1.00
2014.07.23 07:08:56.475,1.42582,1.42596,1.69,1.00
2014.07.23 07:08:56.779,1.42579,1.42594,1.00,1.88
2014.07.23 07:08:56.881,1.42579,1.42592,1.00,1.00
2014.07.23 07:08:57.135,1.42577,1.42592,1.00,1.50
2014.07.23 07:08:57.642,1.42576,1.42591,1.25,1.00
2014.07.23 07:08:58.048,1.42574,1.42589,1.50,1.00
2014.07.23 07:08:58.352,1.42581,1.42587,1.00,1.00
2014.07.23 07:08:58.453,1.42581,1.42589,1.00,1.00
2014.07.23 07:08:58.554,1.4258,1.42591,1.00,1.50
2014.07.23 07:08:58.757,1.42578,1.42591,1.00,2.07
2014.07.23 07:08:58.858,1.42575,1.42587,1.00,1.13
2014.07.23 07:08:59.162,1.42574,1.42585,1.00,1.00
2014.07.23 07:08:59.466,1.42576,1.42585,1.00,1.00
2014.07.23 07:08:59.517,1.42576,1.42587,1.00,1.00
2014.07.23 07:09:00.958,1.42577,1.42589,1.00,1.00
2014.07.23 07:09:01.312,1.42577,1.42593,1.50,1.25
2014.07.23 07:09:01.515,1.42577,1.42591,1.00,1.00
2014.07.23 07:09:01.819,1.42582,1.42594,1.00,1.50
2014.07.23 07:09:01.921,1.42578,1.42594,1.25,1.88
2014.07.23 07:09:02.073,1.42577,1.42588,1.00,1.00
2014.07.23 07:09:02.579,1.42577,1.42587,1.00,1.00
2014.07.23 07:09:03.141,1.42574,1.42586,1.00,1.00
2014.07.23 07:09:04.874,1.42573,1.42586,1.00,1.00
2014.07.23 07:09:05.536,1.42571,1.42586,1.00,1.00
2014.07.23 07:09:08.111,1.42571,1.42585,1.00,1.00
2014.07.23 07:09:08.618,1.4257,1.42584,1.00,1.00
2014.07.23 07:09:08.669,1.42568,1.42584,1.50,1.50
2014.07.23 07:09:09.610,1.42575,1.42584,1.00,1.50
2014.07.23 07:09:09.762,1.4257,1.42584,1.00,1.00
2014.07.23 07:09:10.276,1.42569,1.42585,1.50,1.88
2014.07.23 07:09:10.789,1.42569,1.42584,1.00,1.00
2014.07.23 07:09:12.404,1.42567,1.42583,1.50,1.00
2014.07.23 07:09:12.941,1.42568,1.42583,1.00,1.00
2014.07.23 07:09:15.174,1.42568,1.42584,1.00,2.07
2014.07.23 07:09:17.864,1.42568,1.42583,1.00,1.00
2014.07.23 07:09:18.881,1.42568,1.42584,1.50,2.82
2014.07.23 07:09:19.136,1.42568,1.42584,1.50,2.07
2014.07.23 07:09:19.644,1.42572,1.42583,1.50,1.00
2014.07.23 07:09:19.746,1.4257,1.42582,1.00,1.00
2014.07.23 07:09:19.848,1.42568,1.42582,1.00,1.00
2014.07.23 07:09:19.899,1.42567,1.42579,1.00,1.00
2014.07.23 07:09:20.001,1.42565,1.42579,1.50,1.00
2014.07.23 07:09:20.641,1.42567,1.42579,1.00,1.00
2014.07.23 07:09:20.743,1.42565,1.42579,1.00,1.00
2014.07.23 07:09:21.097,1.42566,1.42582,1.00,2.07
2014.07.23 07:09:21.362,1.42565,1.4258,1.00,1.19
2014.07.23 07:09:21.903,1.42564,1.4258,1.00,1.19
2014.07.23 07:09:22.835,1.42568,1.42581,1.00,1.32
2014.07.23 07:09:22.937,1.42569,1.42583,1.50,1.50
2014.07.23 07:09:23.039,1.42569,1.42585,1.50,3.19
2014.07.23 07:09:23.607,1.4257,1.42585,1.00,1.69
2014.07.23 07:09:27.586,1.4257,1.42584,1.00,1.00
2014.07.23 07:09:29.683,1.42568,1.42584,1.50,2.44
2014.07.23 07:09:30.194,1.42568,1.42583,1.00,1.00
2014.07.23 07:09:31.944,1.42568,1.42581,1.00,1.00
2014.07.23 07:09:37.665,1.42568,1.42583,1.88,1.00
2014.07.23 07:09:41.014,1.42568,1.42584,1.50,1.00
2014.07.23 07:09:46.264,1.42568,1.42579,1.00,1.00
2014.07.23 07:09:46.618,1.42566,1.42579,1.69,1.00
2014.07.23 07:09:47.024,1.42565,1.42573,1.00,1.00
2014.07.23 07:09:47.075,1.42563,1.42573,1.25,1.00
2014.07.23 07:09:47.177,1.42561,1.42572,1.13,1.00
2014.07.23 07:09:47.278,1.42557,1.42573,1.00,1.00
2014.07.23 07:09:47.792,1.42557,1.42572,1.00,1.00
2014.07.23 07:09:48.300,1.42555,1.42571,1.00,1.63
2014.07.23 07:09:48.622,1.42554,1.42568,1.00,1.50
2014.07.23 07:09:50.433,1.42554,1.42568,1.00,1.13
2014.07.23 07:09:53.875,1.42555,1.42569,1.00,1.13
2014.07.23 07:09:56.188,1.42555,1.4257,1.00,1.00
2014.07.23 07:09:56.577,1.42555,1.42568,1.00,1.00
2014.07.23 07:09:57.083,1.42554,1.42569,1.00,1.25
2014.07.23 07:10:00.580,1.42553,1.4257,1.00,2.44
2014.07.23 07:10:01.617,1.42554,1.42571,1.00,1.38
2014.07.23 07:10:01.718,1.42553,1.42571,1.69,1.13
2014.07.23 07:10:02.224,1.42554,1.42572,1.69,1.38
2014.07.23 07:10:02.427,1.42554,1.42572,1.69,1.00
2014.07.23 07:10:02.929,1.42554,1.42572,1.69,1.25
2014.07.23 07:10:04.005,1.42558,1.42572,1.00,1.25
2014.07.23 07:10:04.310,1.42562,1.42576,1.00,1.00
2014.07.23 07:10:07.037,1.42562,1.42576,1.19,1.00
2014.07.23 07:10:07.088,1.42562,1.42579,1.19,2.07
2014.07.23 07:10:07.660,1.42561,1.42577,1.00,1.19
2014.07.23 07:10:07.763,1.42558,1.42575,1.88,1.00
2014.07.23 07:10:07.864,1.42558,1.42574,1.00,1.19
2014.07.23 07:10:08.372,1.42557,1.42574,1.25,2.07
2014.07.23 07:10:10.603,1.42557,1.42571,1.00,1.50
2014.07.23 07:10:10.835,1.42552,1.42568,2.44,1.00
2014.07.23 07:10:11.451,1.42552,1.42567,1.50,1.25
2014.07.23 07:10:11.973,1.42553,1.42568,1.00,1.19
2014.07.23 07:10:12.484,1.42553,1.42568,1.00,1.69
2014.07.23 07:10:13.613,1.42553,1.42568,1.00,2.44
2014.07.23 07:10:13.765,1.42551,1.42563,1.00,1.00
2014.07.23 07:10:13.816,1.42547,1.42563,4.50,1.00
2014.07.23 07:10:13.867,1.42548,1.42559,1.25,1.00
2014.07.23 07:10:14.171,1.42548,1.42556,1.38,1.00
2014.07.23 07:10:14.223,1.42547,1.42554,1.50,1.00
2014.07.23 07:10:14.426,1.42547,1.42564,1.50,1.32
2014.07.23 07:10:14.579,1.42548,1.42563,1.19,1.00
2014.07.23 07:10:14.713,1.42548,1.42563,1.19,1.50
2014.07.23 07:10:14.917,1.42548,1.42563,1.25,1.00
2014.07.23 07:10:15.845,1.42548,1.42562,1.00,1.00
2014.07.23 07:10:15.998,1.42545,1.4256,2.07,1.00
2014.07.23 07:10:16.049,1.42545,1.4256,1.25,1.00
2014.07.23 07:10:16.720,1.42546,1.42562,1.13,1.25
2014.07.23 07:10:16.923,1.42548,1.42565,1.38,1.69
2014.07.23 07:10:16.974,1.42548,1.42565,2.25,1.00
2014.07.23 07:10:17.582,1.42549,1.42564,1.19,1.00
2014.07.23 07:10:17.633,1.42546,1.4256,2.07,1.00
2014.07.23 07:10:17.684,1.42546,1.4256,1.00,1.00
2014.07.23 07:10:17.734,1.42546,1.42558,1.00,1.00
2014.07.23 07:10:17.836,1.42544,1.42558,1.50,1.00
2014.07.23 07:10:18.089,1.42542,1.42558,2.55,1.50
2014.07.23 07:10:18.140,1.42547,1.42556,1.00,1.00
2014.07.23 07:10:18.241,1.42549,1.42561,1.00,1.00
2014.07.23 07:10:18.343,1.42549,1.42559,1.00,1.00
2014.07.23 07:10:18.394,1.42544,1.42559,1.25,1.00
2014.07.23 07:10:18.596,1.42542,1.42556,3.19,1.00
2014.07.23 07:10:18.950,1.42544,1.42558,1.00,1.19
2014.07.23 07:10:19.153,1.42542,1.42558,3.19,1.32
2014.07.23 07:10:19.573,1.42542,1.42558,2.44,1.00
2014.07.23 07:10:20.986,1.42542,1.42554,1.69,1.00
2014.07.23 07:10:21.092,1.42542,1.42556,2.44,1.13
2014.07.23 07:10:21.145,1.42542,1.42553,1.69,1.00
2014.07.23 07:10:21.651,1.4254,1.42554,1.19,1.50
2014.07.23 07:10:22.210,1.4254,1.42554,1.25,1.00
2014.07.23 07:10:22.717,1.42539,1.42555,1.24,1.32
2014.07.23 07:10:24.085,1.42538,1.42553,2.44,1.00
2014.07.23 07:10:24.604,1.42538,1.42553,2.44,1.00
2014.07.23 07:10:25.405,1.42538,1.42554,1.69,1.25
2014.07.23 07:10:26.413,1.4254,1.42556,1.00,2.44
2014.07.23 07:10:27.706,1.4254,1.42553,1.00,1.00
2014.07.23 07:10:28.054,1.42538,1.42555,2.44,1.88
2014.07.23 07:10:28.105,1.42538,1.42554,1.69,1.19
2014.07.23 07:10:30.151,1.42537,1.42553,1.00,1.25
2014.07.23 07:10:32.566,1.42537,1.42553,1.00,2.07
2014.07.23 07:10:32.820,1.42533,1.4255,1.69,2.82
2014.07.23 07:10:33.369,1.42533,1.42547,1.25,1.00
2014.07.23 07:10:34.998,1.42533,1.42549,1.50,1.69
2014.07.23 07:10:35.050,1.42533,1.42542,1.00,1.00
2014.07.23 07:10:35.101,1.42531,1.42542,1.00,1.00
2014.07.23 07:10:35.203,1.42528,1.42544,1.69,1.19
2014.07.23 07:10:35.254,1.42528,1.4254,1.00,1.00
2014.07.23 07:10:35.305,1.42526,1.4254,1.00,1.00
2014.07.23 07:10:35.660,1.42525,1.42538,1.25,1.00
2014.07.23 07:10:36.167,1.42526,1.42543,1.25,1.69
2014.07.23 07:10:36.270,1.42526,1.4254,1.25,1.00
2014.07.23 07:10:36.776,1.42527,1.4254,1.00,1.00
2014.07.23 07:10:36.878,1.42524,1.4254,2.25,1.13
2014.07.23 07:10:37.387,1.42525,1.42541,1.00,1.38
2014.07.23 07:10:37.894,1.42526,1.42541,1.00,1.57
2014.07.23 07:10:38.643,1.42525,1.42543,1.50,2.44
2014.07.23 07:10:39.173,1.42525,1.42541,1.50,1.00
2014.07.23 07:10:39.281,1.42525,1.42535,1.00,1.00
2014.07.23 07:10:39.382,1.42525,1.42542,1.00,1.32
2014.07.23 07:10:39.863,1.42534,1.42543,1.00,2.07
2014.07.23 07:10:39.965,1.42529,1.42546,1.60,2.25
2014.07.23 07:10:40.170,1.4253,1.42535,1.00,1.00
2014.07.23 07:10:40.275,1.42529,1.42536,1.00,1.00
2014.07.23 07:10:40.377,1.42526,1.42541,1.00,1.00
2014.07.23 07:10:40.892,1.42527,1.42543,1.00,2.44
2014.07.23 07:10:41.443,1.42527,1.42543,1.00,2.25
2014.07.23 07:10:42.271,1.42528,1.42543,1.00,1.00
2014.07.23 07:10:42.575,1.42529,1.42545,1.30,1.00
2014.07.23 07:10:43.030,1.42532,1.42546,1.00,1.00
2014.07.23 07:10:43.334,1.42529,1.42541,1.00,1.50
2014.07.23 07:10:43.436,1.42526,1.42539,1.00,1.00
2014.07.23 07:10:43.487,1.42526,1.42541,1.00,2.63
2014.07.23 07:10:44.001,1.42525,1.42541,1.00,3.00
2014.07.23 07:10:45.797,1.42526,1.42541,1.00,1.32
2014.07.23 07:10:46.333,1.42527,1.42541,1.00,1.13
2014.07.23 07:10:47.844,1.42528,1.42544,1.38,1.00
2014.07.23 07:10:47.946,1.42529,1.42545,1.50,2.25
2014.07.23 07:10:47.997,1.42529,1.42541,1.50,1.00
2014.07.23 07:10:48.149,1.42526,1.42541,1.00,1.69
2014.07.23 07:10:48.606,1.42533,1.42543,1.00,2.07
2014.07.23 07:10:48.672,1.42533,1.42543,1.00,1.88
2014.07.23 07:10:48.723,1.42528,1.42543,1.00,1.88
2014.07.23 07:10:49.230,1.42527,1.42543,2.25,1.88
2014.07.23 07:10:49.838,1.42527,1.42542,2.25,1.00
2014.07.23 07:10:50.144,1.4253,1.42542,1.00,1.00
2014.07.23 07:10:50.196,1.4253,1.42544,1.00,1.25
2014.07.23 07:10:50.298,1.42528,1.42543,1.13,1.00
2014.07.23 07:10:50.349,1.4253,1.42543,1.00,1.00
2014.07.23 07:10:50.856,1.42529,1.42543,1.00,1.69
2014.07.23 07:10:53.160,1.42529,1.42539,1.69,1.00
2014.07.23 07:11:04.589,1.42526,1.42537,1.00,1.00
2014.07.23 07:11:04.690,1.42525,1.42539,1.69,2.25
2014.07.23 07:11:04.792,1.42525,1.42539,1.69,2.25
2014.07.23 07:11:04.893,1.42524,1.42539,1.19,1.50
2014.07.23 07:11:06.135,1.42524,1.42541,3.57,1.19
2014.07.23 07:11:06.657,1.42527,1.42543,1.00,1.69
2014.07.23 07:11:06.820,1.42527,1.42543,1.25,1.69
2014.07.23 07:11:10.878,1.42527,1.42541,1.25,1.00
2014.07.23 07:11:16.110,1.42537,1.42543,1.00,1.69
2014.07.23 07:11:16.211,1.42533,1.42542,1.00,1.00
2014.07.23 07:11:16.364,1.42535,1.42542,1.00,1.00
2014.07.23 07:11:16.465,1.42531,1.42542,1.00,1.00
2014.07.23 07:11:16.769,1.42529,1.42542,1.00,1.00
2014.07.23 07:11:17.139,1.42533,1.42545,1.50,1.00
2014.07.23 07:11:17.646,1.42529,1.42545,1.00,2.82
2014.07.23 07:11:18.001,1.4253,1.42543,1.00,1.00
2014.07.23 07:11:18.631,1.42532,1.42543,1.00,1.00
2014.07.23 07:11:19.087,1.42532,1.42545,1.00,1.69
2014.07.23 07:11:19.445,1.42528,1.42545,1.69,1.69
2014.07.23 07:11:19.952,1.4253,1.42546,1.57,1.25
2014.07.23 07:11:20.003,1.42533,1.42546,1.00,1.25
2014.07.23 07:11:20.314,1.42533,1.42544,1.00,1.00
2014.07.23 07:11:20.416,1.4253,1.42544,1.00,1.00
2014.07.23 07:11:20.568,1.4253,1.42544,1.00,1.57
2014.07.23 07:11:20.872,1.4253,1.42538,1.00,1.00
2014.07.23 07:11:21.075,1.42526,1.42538,1.00,1.00
2014.07.23 07:11:22.392,1.42528,1.42538,1.00,1.00
2014.07.23 07:11:23.804,1.42526,1.42538,1.69,1.00
2014.07.23 07:11:24.611,1.42526,1.42537,1.50,1.00
2014.07.23 07:11:24.949,1.42526,1.42539,1.50,1.00
2014.07.23 07:11:25.861,1.42525,1.42539,1.50,1.00
2014.07.23 07:11:26.382,1.42525,1.42541,1.50,1.19
2014.07.23 07:11:28.019,1.42525,1.42541,1.50,1.19
2014.07.23 07:11:30.408,1.42525,1.42541,1.50,1.25
2014.07.23 07:11:31.891,1.42525,1.42541,1.00,1.57
2014.07.23 07:11:32.602,1.42524,1.42541,2.44,1.57
2014.07.23 07:11:33.035,1.42526,1.42541,1.00,1.19
2014.07.23 07:11:33.571,1.42525,1.42541,1.00,1.19
2014.07.23 07:11:33.915,1.42525,1.42541,1.00,1.25
2014.07.23 07:11:35.034,1.42526,1.42541,1.57,1.00
2014.07.23 07:11:35.137,1.42529,1.42543,1.13,1.69
2014.07.23 07:11:35.239,1.42527,1.42542,1.25,1.00
2014.07.23 07:11:35.792,1.42527,1.42541,1.00,1.00
2014.07.23 07:11:36.147,1.42531,1.42543,1.00,1.25
2014.07.23 07:11:36.248,1.42532,1.42545,1.00,1.00
2014.07.23 07:11:36.504,1.4253,1.42546,1.50,1.25
2014.07.23 07:11:36.555,1.4253,1.42546,1.50,1.19
2014.07.23 07:11:37.116,1.42529,1.42543,1.00,1.25
2014.07.23 07:11:38.208,1.42529,1.42544,1.00,2.25
2014.07.23 07:11:38.512,1.42533,1.42545,1.25,1.13
2014.07.23 07:11:38.563,1.42529,1.42544,1.50,1.00
2014.07.23 07:11:38.767,1.42529,1.4254,1.00,1.00
2014.07.23 07:11:39.342,1.42529,1.42543,1.00,1.00
2014.07.23 07:11:40.653,1.42531,1.42544,1.00,1.00
2014.07.23 07:11:40.906,1.42531,1.42547,1.00,1.50
2014.07.23 07:11:41.654,1.42531,1.42547,1.00,1.69
2014.07.23 07:11:41.958,1.42529,1.42545,1.69,1.00
2014.07.23 07:11:42.675,1.42529,1.42545,1.00,2.82
2014.07.23 07:11:43.181,1.42529,1.42543,1.00,1.25
2014.07.23 07:11:43.283,1.42534,1.42545,1.00,1.25
2014.07.23 07:11:43.385,1.4253,1.42546,1.19,1.32
2014.07.23 07:11:43.487,1.4253,1.42546,1.00,1.69
2014.07.23 07:11:44.041,1.42528,1.42545,1.69,1.19
2014.07.23 07:11:44.757,1.42528,1.42545,1.69,1.69
2014.07.23 07:11:45.619,1.42529,1.42543,1.00,1.25
2014.07.23 07:11:45.923,1.42529,1.42541,1.00,1.00
2014.07.23 07:11:47.159,1.42527,1.42541,1.25,1.00
2014.07.23 07:11:47.727,1.42527,1.42542,1.69,1.25
2014.07.23 07:11:48.234,1.4253,1.42544,1.00,1.19
2014.07.23 07:11:48.979,1.4253,1.42545,1.00,1.00
2014.07.23 07:11:49.131,1.42532,1.42545,1.00,1.00
2014.07.23 07:11:49.637,1.42531,1.42544,1.00,1.25
2014.07.23 07:11:50.539,1.42532,1.42544,1.00,1.25
2014.07.23 07:11:50.844,1.42535,1.42545,1.00,1.00
2014.07.23 07:11:51.099,1.42531,1.42545,1.00,1.69
2014.07.23 07:11:51.634,1.4253,1.42544,1.69,1.00
2014.07.23 07:11:51.791,1.42532,1.42544,1.25,1.00
2014.07.23 07:11:52.303,1.4253,1.42543,1.25,1.00
2014.07.23 07:11:52.556,1.42532,1.42543,1.50,1.00
2014.07.23 07:11:52.888,1.42534,1.42542,1.00,1.00
2014.07.23 07:11:52.939,1.42534,1.42544,1.00,1.00
2014.07.23 07:11:52.990,1.4253,1.42544,1.13,1.25
2014.07.23 07:11:53.041,1.4253,1.4254,1.00,1.00
2014.07.23 07:11:53.194,1.42528,1.4254,1.00,1.00
2014.07.23 07:11:54.124,1.42529,1.42544,1.00,1.50
2014.07.23 07:11:54.631,1.42529,1.42544,1.88,1.69
2014.07.23 07:11:55.570,1.42529,1.42542,1.50,1.00
2014.07.23 07:11:58.246,1.42527,1.42542,1.69,1.25
2014.07.23 07:11:58.707,1.42531,1.42544,1.00,1.19
2014.07.23 07:11:58.758,1.42531,1.42544,1.00,1.00
2014.07.23 07:11:59.266,1.42532,1.42544,1.50,1.00
2014.07.23 07:11:59.824,1.4253,1.42544,1.88,1.50
2014.07.23 07:12:00.255,1.42532,1.42544,1.38,1.00
2014.07.23 07:12:00.559,1.42533,1.42547,1.38,1.19
2014.07.23 07:12:01.129,1.42533,1.42545,1.88,1.00
2014.07.23 07:12:02.187,1.42533,1.42545,2.63,1.00
2014.07.23 07:12:07.937,1.42534,1.42545,1.00,1.00
2014.07.23 07:12:08.141,1.42534,1.42543,1.00,1.00
2014.07.23 07:12:08.667,1.42535,1.42543,1.00,1.00
2014.07.23 07:12:12.650,1.42535,1.42546,1.00,1.00
2014.07.23 07:12:16.391,1.42535,1.42549,1.00,1.50
2014.07.23 07:12:17.612,1.42535,1.42548,1.25,1.00
2014.07.23 07:12:21.936,1.42538,1.42548,1.00,1.00
2014.07.23 07:12:22.493,1.42536,1.42548,1.00,1.00
2014.07.23 07:12:24.890,1.42536,1.42547,1.00,1.00
2014.07.23 07:12:28.973,1.42536,1.42547,1.00,1.60
2014.07.23 07:12:29.277,1.42529,1.42538,1.00,1.00
2014.07.23 07:12:29.329,1.42527,1.42538,1.00,1.00
2014.07.23 07:12:29.380,1.42527,1.4254,1.00,1.00
2014.07.23 07:12:29.891,1.42525,1.4254,1.19,1.00
2014.07.23 07:12:30.399,1.42525,1.4254,1.00,1.00
2014.07.23 07:12:30.929,1.42524,1.4254,1.69,1.00
2014.07.23 07:12:32.366,1.42525,1.4254,1.00,1.25
2014.07.23 07:12:34.253,1.42525,1.42539,1.00,1.00
2014.07.23 07:12:34.709,1.42526,1.42541,1.50,1.00
2014.07.23 07:12:35.041,1.42528,1.42541,1.00,1.00
2014.07.23 07:12:35.790,1.4253,1.42541,1.00,1.00
2014.07.23 07:12:35.999,1.4253,1.42543,1.00,1.00
2014.07.23 07:12:39.205,1.42533,1.42543,1.00,1.00
2014.07.23 07:12:40.167,1.42532,1.42543,1.00,1.50
2014.07.23 07:12:40.269,1.4253,1.42543,1.00,1.50
2014.07.23 07:12:40.778,1.4253,1.42542,1.00,1.00
2014.07.23 07:12:41.490,1.42531,1.42542,1.00,1.00
2014.07.23 07:12:43.021,1.42531,1.42541,1.00,1.00
2014.07.23 07:12:43.125,1.42533,1.42543,1.00,1.00
2014.07.23 07:12:43.479,1.42533,1.42541,1.00,1.00
2014.07.23 07:12:46.421,1.42533,1.42543,1.00,1.00
2014.07.23 07:12:47.870,1.42533,1.42544,1.00,1.00
2014.07.23 07:12:48.379,1.42533,1.42543,1.00,1.00
2014.07.23 07:12:50.400,1.42531,1.42543,1.00,1.00
2014.07.23 07:12:50.725,1.42534,1.42542,1.00,1.00
2014.07.23 07:12:50.826,1.42532,1.42542,1.00,1.00
2014.07.23 07:12:51.398,1.42531,1.42542,1.00,1.50
2014.07.23 07:12:53.466,1.42531,1.42543,1.00,1.00
2014.07.23 07:12:54.672,1.42529,1.42543,1.00,1.00
2014.07.23 07:12:55.214,1.42529,1.42544,1.00,1.00
2014.07.23 07:12:56.281,1.42529,1.42543,1.00,1.00
2014.07.23 07:12:58.348,1.42529,1.42545,1.25,2.25
2014.07.23 07:12:59.325,1.42529,1.42545,1.25,2.44
2014.07.23 07:13:00.116,1.4253,1.42545,1.00,1.69
2014.07.23 07:13:06.291,1.42529,1.42546,1.57,1.00
2014.07.23 07:13:06.854,1.4253,1.42546,1.19,1.00
2014.07.23 07:13:08.033,1.42531,1.42547,1.25,1.50
2014.07.23 07:13:08.827,1.42531,1.42547,1.69,1.00
2014.07.23 07:13:14.075,1.42531,1.42547,1.69,1.00
2014.07.23 07:13:14.517,1.42529,1.42546,1.69,1.00
2014.07.23 07:13:14.972,1.42532,1.42546,1.00,1.19
2014.07.23 07:13:15.074,1.4253,1.42546,1.25,1.00
2014.07.23 07:13:15.583,1.42528,1.42546,2.07,2.07
2014.07.23 07:13:17.418,1.42527,1.42545,2.07,1.69
2014.07.23 07:13:17.469,1.42529,1.42545,1.00,1.69
2014.07.23 07:13:17.976,1.4253,1.42545,1.69,1.25
2014.07.23 07:13:18.822,1.4253,1.42545,1.69,1.00
2014.07.23 07:13:21.223,1.4253,1.42546,2.07,1.50
2014.07.23 07:13:23.619,1.42531,1.42546,1.63,1.00
2014.07.23 07:13:25.651,1.42531,1.42548,1.63,1.25
2014.07.23 07:13:32.122,1.42539,1.42548,1.00,1.25
2014.07.23 07:13:32.327,1.42539,1.42551,1.00,1.00
2014.07.23 07:13:32.428,1.4254,1.42553,1.00,1.00
2014.07.23 07:13:32.581,1.42541,1.42555,1.32,1.00
2014.07.23 07:13:32.683,1.42544,1.42558,1.25,1.00
2014.07.23 07:13:33.190,1.42543,1.42557,1.19,1.00
2014.07.23 07:13:33.771,1.42543,1.42557,1.25,1.00
2014.07.23 07:13:34.699,1.42543,1.42558,1.32,1.00
2014.07.23 07:13:35.776,1.42543,1.42559,1.25,1.00
2014.07.23 07:13:35.877,1.42543,1.42555,1.25,1.00
2014.07.23 07:13:41.280,1.42542,1.42555,1.25,1.00
2014.07.23 07:13:42.668,1.42544,1.42555,1.00,1.00
2014.07.23 07:13:42.987,1.42542,1.42555,1.50,1.00
2014.07.23 07:13:43.090,1.42542,1.42555,1.00,1.32
2014.07.23 07:13:43.395,1.42542,1.42552,1.00,2.07
2014.07.23 07:13:43.446,1.42536,1.42551,1.13,1.69
2014.07.23 07:13:43.599,1.42534,1.42551,1.00,1.69
2014.07.23 07:13:44.497,1.42534,1.42549,1.00,1.50
2014.07.23 07:13:45.632,1.42533,1.42549,2.07,1.50
2014.07.23 07:13:45.963,1.42536,1.42549,1.00,1.50
2014.07.23 07:13:46.166,1.42534,1.42551,1.57,1.00
2014.07.23 07:13:46.672,1.42533,1.4255,1.32,1.50
2014.07.23 07:13:47.203,1.42533,1.42549,1.19,1.00
2014.07.23 07:13:47.835,1.42533,1.4255,1.25,1.19
2014.07.23 07:13:48.862,1.42533,1.4255,1.19,1.19
2014.07.23 07:13:48.963,1.42533,1.42548,1.00,1.19
2014.07.23 07:13:49.498,1.42532,1.42548,1.25,1.19
2014.07.23 07:13:51.071,1.42532,1.42548,1.19,1.25
2014.07.23 07:13:51.684,1.42532,1.42545,1.19,1.00
2014.07.23 07:13:51.938,1.4253,1.42543,1.69,1.00
2014.07.23 07:13:52.242,1.42528,1.42543,1.25,1.25
2014.07.23 07:13:52.794,1.42528,1.42543,1.25,1.63
2014.07.23 07:13:53.315,1.42529,1.42541,1.00,1.00
2014.07.23 07:13:53.640,1.42526,1.42542,1.88,1.88
2014.07.23 07:13:54.046,1.42526,1.4254,1.00,1.00
2014.07.23 07:13:54.820,1.42525,1.42541,1.00,1.63
2014.07.23 07:14:00.080,1.42525,1.42541,1.00,1.88
2014.07.23 07:14:01.714,1.42525,1.42541,1.00,1.50
2014.07.23 07:14:02.288,1.42525,1.42541,1.00,1.13
2014.07.23 07:14:05.068,1.42524,1.4254,1.00,1.00
2014.07.23 07:14:05.473,1.42524,1.42538,1.00,1.00
2014.07.23 07:14:05.676,1.42522,1.42539,1.50,1.57
2014.07.23 07:14:05.828,1.42522,1.4254,1.69,1.69
2014.07.23 07:14:06.516,1.42522,1.4254,2.07,1.69
2014.07.23 07:14:07.923,1.42522,1.4254,2.82,1.69
2014.07.23 07:14:10.132,1.42522,1.4254,3.57,1.50
2014.07.23 07:14:11.398,1.42522,1.42536,2.44,1.00
2014.07.23 07:14:11.450,1.42522,1.42536,2.25,1.25
2014.07.23 07:14:12.022,1.42521,1.42537,1.69,2.07
2014.07.23 07:14:13.546,1.42521,1.42537,1.50,1.69
2014.07.23 07:14:14.607,1.42521,1.42532,1.00,1.00
2014.07.23 07:14:14.811,1.42514,1.42526,1.88,1.25
2014.07.23 07:14:14.862,1.42514,1.42526,1.88,1.19
2014.07.23 07:14:14.913,1.42511,1.42526,1.50,1.19
2014.07.23 07:14:15.621,1.42509,1.42524,1.00,1.19
2014.07.23 07:14:15.875,1.42509,1.42525,2.07,1.50
2014.07.23 07:14:16.419,1.4251,1.42525,1.00,1.00
2014.07.23 07:14:16.690,1.42514,1.42528,1.00,1.19
2014.07.23 07:14:16.791,1.42512,1.42528,1.00,1.69
2014.07.23 07:14:16.994,1.42514,1.42528,1.00,1.19
2014.07.23 07:14:17.096,1.42512,1.42527,1.00,1.25
2014.07.23 07:14:17.626,1.42513,1.42528,1.00,1.19
2014.07.23 07:14:18.576,1.42513,1.42528,1.25,1.25
2014.07.23 07:14:19.503,1.42514,1.4253,1.00,1.19
2014.07.23 07:14:20.913,1.42513,1.42528,1.32,1.25
2014.07.23 07:14:21.115,1.42513,1.42531,2.07,1.69
2014.07.23 07:14:21.166,1.42513,1.42531,2.82,1.69
2014.07.23 07:14:21.268,1.42516,1.42532,1.32,1.50
2014.07.23 07:14:21.470,1.42517,1.42533,1.38,1.19
2014.07.23 07:14:21.960,1.42516,1.42532,2.07,1.19
2014.07.23 07:14:22.163,1.42514,1.42531,1.00,1.19
2014.07.23 07:14:22.265,1.42514,1.42527,1.00,1.00
2014.07.23 07:14:23.151,1.42514,1.42529,1.00,1.19
2014.07.23 07:14:23.788,1.42513,1.42527,1.69,1.00
2014.07.23 07:14:24.501,1.42514,1.42527,1.00,1.00
2014.07.23 07:14:25.010,1.42513,1.42529,2.25,1.69
2014.07.23 07:14:26.318,1.42513,1.42529,2.25,1.69
2014.07.23 07:14:27.146,1.42517,1.42529,1.00,1.00
2014.07.23 07:14:27.248,1.42518,1.42532,1.13,1.19
2014.07.23 07:14:27.754,1.42517,1.42532,1.25,1.69
2014.07.23 07:14:27.856,1.42516,1.4253,1.00,1.00
2014.07.23 07:14:28.118,1.42514,1.4253,2.25,1.50
2014.07.23 07:14:28.967,1.42514,1.42529,1.50,1.00
2014.07.23 07:14:29.473,1.42512,1.42528,1.38,1.00
2014.07.23 07:14:29.676,1.42511,1.42527,2.63,1.00
2014.07.23 07:14:29.830,1.42513,1.42528,1.00,1.00
2014.07.23 07:14:29.881,1.42514,1.4253,1.00,1.69
2014.07.23 07:14:29.932,1.42514,1.42528,1.00,1.00
2014.07.23 07:14:30.186,1.42511,1.42528,2.25,1.25
2014.07.23 07:14:30.389,1.42513,1.42529,1.50,1.25
2014.07.23 07:14:30.693,1.42515,1.42531,2.25,1.25
2014.07.23 07:14:31.285,1.42514,1.42529,1.00,1.00
2014.07.23 07:14:31.604,1.42512,1.42526,1.00,1.00
2014.07.23 07:14:32.284,1.42512,1.42527,1.00,1.69
2014.07.23 07:14:32.816,1.42513,1.42527,1.00,1.50
2014.07.23 07:14:33.160,1.42511,1.42527,1.50,1.50
2014.07.23 07:14:34.093,1.42511,1.42525,1.00,1.00
2014.07.23 07:14:34.447,1.42509,1.42527,1.88,1.69
2014.07.23 07:14:34.802,1.42511,1.42527,1.00,1.69
2014.07.23 07:14:35.365,1.42511,1.42527,1.00,1.50
2014.07.23 07:14:35.871,1.4251,1.42526,1.00,1.00
2014.07.23 07:14:37.118,1.4251,1.42527,1.00,1.00
2014.07.23 07:14:37.422,1.42512,1.42528,1.13,1.00
2014.07.23 07:14:39.396,1.42512,1.42528,1.38,1.00
2014.07.23 07:14:39.913,1.42512,1.42528,1.00,1.00
2014.07.23 07:14:40.424,1.42514,1.42528,1.00,1.00
2014.07.23 07:14:40.475,1.42514,1.4253,1.00,2.44
2014.07.23 07:14:40.627,1.42516,1.4253,1.00,1.50
2014.07.23 07:14:40.931,1.42514,1.4253,1.00,2.44
2014.07.23 07:14:41.477,1.42514,1.4253,1.00,2.44
2014.07.23 07:14:42.146,1.42514,1.42528,1.00,1.00
2014.07.23 07:14:44.598,1.42512,1.42528,1.50,1.50
2014.07.23 07:14:50.126,1.42512,1.42527,1.50,1.00
2014.07.23 07:14:56.676,1.42512,1.42527,1.88,1.19
2014.07.23 07:14:57.895,1.42512,1.42527,1.88,1.00
2014.07.23 07:15:00.460,1.42512,1.42526,2.07,1.00
2014.07.23 07:15:00.967,1.42512,1.42527,2.07,1.25
2014.07.23 07:15:02.905,1.42513,1.42527,1.00,1.00
2014.07.23 07:15:03.552,1.42513,1.42525,1.00,1.00
2014.07.23 07:15:04.087,1.42513,1.42526,1.32,1.00
2014.07.23 07:15:04.531,1.42513,1.42529,1.32,1.50
2014.07.23 07:15:06.167,1.42514,1.42529,1.00,1.50
2014.07.23 07:15:08.141,1.42514,1.42529,1.69,1.00
2014.07.23 07:15:09.333,1.42515,1.4253,1.63,1.00
2014.07.23 07:15:09.435,1.42515,1.4253,1.57,1.00
2014.07.23 07:15:09.486,1.42517,1.42532,1.19,1.50
2014.07.23 07:15:10.121,1.42517,1.42532,1.00,1.50
2014.07.23 07:15:10.222,1.42517,1.42529,1.00,1.00
2014.07.23 07:15:11.671,1.42515,1.42529,1.00,1.50
2014.07.23 07:15:11.873,1.42513,1.42529,1.25,1.50
2014.07.23 07:15:12.403,1.42513,1.42528,1.00,1.25
2014.07.23 07:15:13.122,1.42513,1.42528,1.00,1.19
2014.07.23 07:15:13.848,1.42514,1.42529,1.00,1.32
2014.07.23 07:15:14.000,1.42511,1.42527,1.69,1.19
2014.07.23 07:15:14.567,1.42511,1.42527,1.50,1.25
2014.07.23 07:15:16.375,1.42511,1.42527,1.50,1.69
2014.07.23 07:15:16.881,1.4251,1.42526,1.00,1.69
2014.07.23 07:15:20.006,1.42512,1.42526,1.00,1.19
2014.07.23 07:15:20.534,1.42512,1.42526,1.00,1.25
2014.07.23 07:15:22.453,1.42512,1.42525,1.00,1.00
2014.07.23 07:15:22.655,1.42515,1.42529,1.00,1.50
2014.07.23 07:15:22.706,1.42515,1.42525,1.00,1.00
2014.07.23 07:15:23.010,1.42514,1.42523,1.00,1.00
2014.07.23 07:15:23.112,1.42509,1.42523,1.19,1.00
2014.07.23 07:15:23.214,1.42507,1.42523,1.25,1.50
2014.07.23 07:15:23.722,1.42508,1.42523,1.00,1.50
2014.07.23 07:15:24.240,1.42509,1.42524,1.00,1.00
2014.07.23 07:15:25.497,1.42509,1.42523,1.00,1.19
2014.07.23 07:15:25.801,1.42507,1.4252,1.00,1.69
2014.07.23 07:15:26.329,1.42506,1.4252,1.00,1.69
2014.07.23 07:15:26.843,1.42506,1.4252,1.00,1.19
2014.07.23 07:15:30.316,1.42506,1.42516,1.00,1.00
2014.07.23 07:15:30.628,1.42506,1.4252,1.00,1.00
2014.07.23 07:15:30.882,1.42507,1.42516,1.00,1.50
2014.07.23 07:15:30.933,1.42505,1.42516,1.00,1.69
2014.07.23 07:15:31.035,1.42499,1.42515,1.69,2.07
2014.07.23 07:15:31.086,1.42502,1.42515,1.00,1.32
2014.07.23 07:15:31.341,1.42504,1.42519,1.25,1.25
2014.07.23 07:15:31.392,1.42503,1.42513,1.19,1.00
2014.07.23 07:15:31.443,1.42501,1.42512,1.00,1.00
2014.07.23 07:15:31.596,1.42499,1.42512,1.00,1.50
2014.07.23 07:15:31.699,1.42497,1.4251,1.25,1.00
2014.07.23 07:15:32.054,1.42493,1.42509,1.00,1.00
2014.07.23 07:15:32.106,1.42493,1.42507,1.00,1.00
2014.07.23 07:15:32.208,1.4249,1.42506,1.00,1.00
2014.07.23 07:15:32.310,1.4249,1.42503,1.25,1.00
2014.07.23 07:15:32.615,1.42488,1.42505,1.32,1.50
2014.07.23 07:15:32.666,1.42488,1.42501,1.32,1.00
2014.07.23 07:15:32.767,1.42488,1.42501,1.32,1.00
2014.07.23 07:15:33.123,1.42489,1.42501,1.19,1.00
2014.07.23 07:15:33.633,1.42491,1.42501,1.00,1.00
2014.07.23 07:15:33.737,1.42491,1.42503,1.00,1.00
2014.07.23 07:15:35.580,1.42491,1.42503,1.63,1.00
2014.07.23 07:15:36.441,1.42491,1.42503,1.25,1.00
2014.07.23 07:15:36.948,1.42491,1.42503,1.63,1.00
2014.07.23 07:15:37.536,1.42489,1.42503,1.69,1.50
2014.07.23 07:15:37.674,1.42489,1.42503,1.00,1.50
2014.07.23 07:15:37.726,1.42488,1.42501,1.13,1.00
2014.07.23 07:15:38.030,1.42493,1.42502,1.00,1.00
2014.07.23 07:15:38.233,1.42488,1.42499,1.50,1.00
2014.07.23 07:15:38.588,1.4249,1.425,1.00,1.00
2014.07.23 07:15:38.943,1.4249,1.42502,1.25,1.00
2014.07.23 07:15:39.045,1.42488,1.425,1.69,1.00
2014.07.23 07:15:39.096,1.42488,1.425,1.25,1.00
2014.07.23 07:15:39.611,1.42487,1.42501,1.19,1.00
2014.07.23 07:15:39.966,1.42491,1.42501,1.00,1.00
2014.07.23 07:15:40.118,1.42489,1.42502,1.50,1.00
2014.07.23 07:15:40.473,1.42485,1.42501,1.25,1.69
2014.07.23 07:15:40.929,1.42486,1.42498,1.00,1.00
2014.07.23 07:15:41.620,1.42488,1.42498,1.00,1.00
2014.07.23 07:15:42.782,1.42488,1.42499,1.00,1.00
2014.07.23 07:15:43.389,1.42489,1.42503,1.00,1.50
2014.07.23 07:15:43.491,1.42491,1.42503,1.00,1.00
2014.07.23 07:15:43.593,1.4249,1.42506,1.69,1.00
2014.07.23 07:15:43.899,1.42492,1.42508,1.19,1.00
2014.07.23 07:15:44.102,1.42493,1.4251,1.19,1.50
2014.07.23 07:15:44.658,1.42493,1.42508,1.19,1.00
2014.07.23 07:15:45.332,1.42492,1.42508,1.32,1.50
2014.07.23 07:15:45.991,1.4249,1.42507,2.07,1.00
2014.07.23 07:15:46.042,1.4249,1.42507,1.88,1.25
2014.07.23 07:15:47.004,1.4249,1.42507,1.69,1.25
2014.07.23 07:15:47.923,1.42493,1.42507,1.00,1.00
2014.07.23 07:15:48.177,1.42495,1.42511,1.13,1.19
2014.07.23 07:15:48.533,1.42492,1.42507,1.00,1.25
2014.07.23 07:15:48.836,1.42489,1.42502,1.38,1.00
2014.07.23 07:15:48.989,1.42485,1.42498,3.00,1.00
2014.07.23 07:15:49.102,1.42481,1.42494,1.00,1.00
2014.07.23 07:15:49.408,1.42483,1.42492,1.00,1.25
2014.07.23 07:15:49.459,1.42479,1.42492,1.00,1.25
2014.07.23 07:15:49.965,1.42478,1.42492,1.00,1.69
2014.07.23 07:15:50.530,1.42477,1.42492,1.13,1.50
2014.07.23 07:15:50.936,1.42477,1.42492,1.00,1.69
2014.07.23 07:15:51.037,1.42474,1.42489,1.00,2.29
2014.07.23 07:15:51.139,1.42473,1.42484,1.00,1.00
2014.07.23 07:15:51.647,1.42472,1.42484,1.50,1.00
2014.07.23 07:15:51.697,1.42473,1.42486,1.00,2.07
2014.07.23 07:15:52.206,1.42473,1.42486,1.00,1.69
2014.07.23 07:15:53.357,1.42473,1.42486,1.00,1.00
2014.07.23 07:15:53.864,1.4247,1.42485,1.50,1.00
2014.07.23 07:15:53.965,1.42472,1.42485,1.25,1.00
2014.07.23 07:15:54.117,1.42474,1.42488,1.00,1.50
2014.07.23 07:15:54.269,1.42475,1.42489,1.19,1.00
2014.07.23 07:15:54.371,1.42476,1.42491,1.19,1.00
2014.07.23 07:15:54.877,1.42477,1.42492,1.25,1.00
2014.07.23 07:15:55.181,1.42475,1.4249,1.19,1.00
2014.07.23 07:15:55.731,1.42476,1.42492,1.25,2.44
2014.07.23 07:15:56.248,1.42476,1.42492,1.32,1.50
2014.07.23 07:15:56.920,1.42476,1.42492,1.88,1.69
2014.07.23 07:15:57.023,1.42476,1.42492,2.82,1.50
2014.07.23 07:15:57.531,1.42477,1.42492,1.25,1.25
2014.07.23 07:15:58.685,1.42476,1.42493,1.57,1.00
2014.07.23 07:15:58.995,1.42479,1.42493,1.00,1.00
2014.07.23 07:15:59.517,1.42479,1.42494,1.00,1.69
2014.07.23 07:16:00.042,1.42479,1.42494,1.00,1.19
2014.07.23 07:16:00.562,1.42479,1.42495,1.69,1.69
2014.07.23 07:16:04.048,1.42479,1.42495,1.69,1.00
2014.07.23 07:16:07.168,1.4248,1.42497,1.25,2.44
2014.07.23 07:16:08.058,1.42479,1.42495,1.69,1.00
2014.07.23 07:16:08.581,1.42481,1.42497,1.00,2.07
2014.07.23 07:16:09.107,1.4248,1.42496,2.25,1.25
2014.07.23 07:16:09.657,1.4248,1.42496,2.44,1.00
2014.07.23 07:16:10.815,1.4248,1.42496,1.25,1.00
2014.07.23 07:16:11.348,1.42481,1.42496,1.00,1.00
2014.07.23 07:16:11.976,1.42482,1.42497,1.00,1.00
2014.07.23 07:16:12.283,1.42487,1.42499,1.00,1.00
2014.07.23 07:16:12.486,1.42487,1.42501,1.25,1.00
2014.07.23 07:16:12.871,1.42492,1.42502,1.00,1.25
2014.07.23 07:16:13.074,1.42492,1.42504,1.00,1.00
2014.07.23 07:16:14.092,1.4249,1.42504,1.25,1.00
2014.07.23 07:16:14.699,1.42492,1.42504,1.00,1.00
2014.07.23 07:16:15.004,1.42495,1.42507,1.50,1.00
2014.07.23 07:16:15.055,1.42495,1.42511,1.00,1.32
2014.07.23 07:16:15.589,1.42496,1.42512,1.00,1.19
2014.07.23 07:16:15.639,1.42498,1.42512,1.00,1.19
2014.07.23 07:16:16.156,1.42498,1.4251,1.00,1.00
2014.07.23 07:16:16.806,1.42494,1.4251,2.82,1.00
2014.07.23 07:16:16.857,1.42494,1.4251,3.00,1.38
2014.07.23 07:16:17.010,1.42492,1.42509,1.00,2.25
2014.07.23 07:16:17.061,1.42491,1.42509,2.25,2.44
2014.07.23 07:16:17.365,1.42491,1.42507,1.50,1.19
2014.07.23 07:16:17.900,1.42488,1.42503,1.00,1.00
2014.07.23 07:16:18.855,1.42488,1.42503,1.00,1.19
2014.07.23 07:16:19.758,1.42488,1.42503,1.00,1.00
2014.07.23 07:16:20.272,1.42487,1.42503,1.50,1.00
2014.07.23 07:16:21.050,1.42487,1.42503,1.69,1.25
2014.07.23 07:16:21.570,1.42488,1.42503,2.44,1.00
2014.07.23 07:16:21.621,1.42489,1.42505,1.25,1.13
2014.07.23 07:16:21.874,1.42489,1.42504,1.00,1.19
2014.07.23 07:16:22.281,1.42486,1.425,1.19,1.00
2014.07.23 07:16:22.989,1.42486,1.425,1.19,1.00
2014.07.23 07:16:23.632,1.42489,1.42503,1.00,1.00
2014.07.23 07:16:23.937,1.42488,1.42498,1.00,1.00
2014.07.23 07:16:24.212,1.42486,1.42499,1.25,1.00
2014.07.23 07:16:24.864,1.42486,1.42499,1.19,1.00
2014.07.23 07:16:25.878,1.42485,1.42499,1.69,1.00
2014.07.23 07:16:26.904,1.42484,1.42499,1.69,1.00
2014.07.23 07:16:27.641,1.42484,1.425,1.69,2.25
2014.07.23 07:16:28.224,1.42485,1.425,1.00,1.50
2014.07.23 07:16:28.278,1.42485,1.42498,1.00,1.00
2014.07.23 07:16:36.146,1.42486,1.42498,1.19,1.00
2014.07.23 07:16:36.248,1.42488,1.42501,1.00,1.50
2014.07.23 07:16:36.502,1.42488,1.42503,1.69,1.50
2014.07.23 07:16:37.018,1.42489,1.42503,1.25,1.00
2014.07.23 07:16:37.698,1.42489,1.42504,1.25,1.00
2014.07.23 07:16:37.956,1.42489,1.42504,1.19,1.00
2014.07.23 07:16:38.263,1.42493,1.42504,1.00,1.00
2014.07.23 07:16:38.415,1.42493,1.42506,1.00,2.25
2014.07.23 07:16:38.934,1.42493,1.42505,1.00,1.00
2014.07.23 07:16:39.036,1.4249,1.42505,1.69,1.00
2014.07.23 07:16:39.289,1.4249,1.42503,1.25,1.00
2014.07.23 07:16:40.399,1.4249,1.42502,1.00,1.00
2014.07.23 07:16:40.450,1.42487,1.42502,1.19,1.00
2014.07.23 07:16:40.969,1.42487,1.42503,1.19,1.25
2014.07.23 07:16:41.071,1.42486,1.425,1.00,1.00
2014.07.23 07:16:41.375,1.42489,1.42503,1.19,1.00
2014.07.23 07:16:41.679,1.42491,1.42504,1.19,1.00
2014.07.23 07:16:41.781,1.42492,1.42506,1.25,2.25
2014.07.23 07:16:41.832,1.42492,1.42504,1.25,1.00
2014.07.23 07:16:41.984,1.42489,1.42502,1.00,1.00
2014.07.23 07:16:42.086,1.42486,1.425,1.25,1.00
2014.07.23 07:16:42.188,1.42484,1.425,1.25,1.00
2014.07.23 07:16:42.493,1.42483,1.42498,1.25,1.00
2014.07.23 07:16:42.797,1.42483,1.42495,1.25,1.00
2014.07.23 07:16:43.183,1.4248,1.42495,1.19,1.00
2014.07.23 07:16:44.111,1.4248,1.42493,1.19,1.00
2014.07.23 07:16:44.620,1.4248,1.42493,1.19,1.00
2014.07.23 07:16:44.823,1.42478,1.42491,1.57,1.00
2014.07.23 07:16:44.975,1.42476,1.4249,1.00,1.50
2014.07.23 07:16:45.128,1.4248,1.42491,1.50,1.00
2014.07.23 07:16:45.382,1.42482,1.42496,1.19,1.00
2014.07.23 07:16:45.534,1.42482,1.42499,1.19,2.82
2014.07.23 07:16:45.686,1.42481,1.42494,1.19,1.00
2014.07.23 07:16:45.738,1.42481,1.42494,1.19,1.00
2014.07.23 07:16:45.840,1.42479,1.42493,1.69,1.00
2014.07.23 07:16:46.296,1.42477,1.42492,1.75,1.00
2014.07.23 07:16:46.408,1.42477,1.42491,1.75,1.19
2014.07.23 07:16:46.712,1.42473,1.42485,2.44,1.00
2014.07.23 07:16:47.248,1.42473,1.42485,2.44,1.00
2014.07.23 07:16:47.755,1.42473,1.42485,1.69,1.00
2014.07.23 07:16:48.059,1.4248,1.42487,1.00,1.00
2014.07.23 07:16:48.110,1.4248,1.4249,1.69,1.00
2014.07.23 07:16:48.212,1.42481,1.42493,1.32,1.50
2014.07.23 07:16:48.313,1.42483,1.42493,1.25,1.00
2014.07.23 07:16:48.469,1.42483,1.42498,1.25,1.50
2014.07.23 07:16:48.671,1.42483,1.42494,1.25,1.00
2014.07.23 07:16:48.823,1.4248,1.42494,1.00,1.00
2014.07.23 07:16:48.874,1.4248,1.42492,1.00,1.00
2014.07.23 07:16:49.178,1.42483,1.42496,1.69,2.63
2014.07.23 07:16:49.330,1.42484,1.42499,1.00,1.00
2014.07.23 07:16:49.431,1.42484,1.42499,1.19,1.00
2014.07.23 07:16:50.330,1.42485,1.42499,1.19,1.00
2014.07.23 07:16:51.958,1.42484,1.42498,1.69,1.00
2014.07.23 07:16:52.112,1.42482,1.42494,1.50,1.00
2014.07.23 07:16:52.620,1.42483,1.42497,1.00,1.00
2014.07.23 07:16:52.924,1.42483,1.42495,1.00,1.00
2014.07.23 07:16:53.127,1.42481,1.42495,1.25,1.00
2014.07.23 07:16:53.280,1.4248,1.42493,1.00,1.00
2014.07.23 07:16:54.053,1.4248,1.42494,1.00,1.50
2014.07.23 07:16:55.149,1.42479,1.42493,1.00,1.00
2014.07.23 07:16:55.925,1.42478,1.42493,1.25,1.00
2014.07.23 07:16:57.309,1.42478,1.42491,1.25,1.00
2014.07.23 07:16:57.511,1.42476,1.42491,1.25,1.50
2014.07.23 07:16:58.388,1.42476,1.42491,1.19,1.00
2014.07.23 07:16:59.398,1.42476,1.42491,1.25,1.00
2014.07.23 07:17:00.212,1.42476,1.42493,1.25,1.69
2014.07.23 07:17:00.364,1.42477,1.42493,1.32,1.69
2014.07.23 07:17:02.672,1.42477,1.42493,1.32,1.50
2014.07.23 07:17:03.078,1.42477,1.42491,2.07,1.00
2014.07.23 07:17:04.289,1.42478,1.42491,1.32,1.00
2014.07.23 07:17:04.391,1.42478,1.42493,1.32,1.00
2014.07.23 07:17:04.679,1.42478,1.42493,1.13,1.00
2014.07.23 07:17:05.198,1.42477,1.42492,1.38,1.00
2014.07.23 07:17:05.350,1.4248,1.42492,1.00,1.50
2014.07.23 07:17:10.859,1.42479,1.42492,1.00,1.50
2014.07.23 07:17:16.004,1.4248,1.42492,1.00,1.00
2014.07.23 07:17:16.208,1.4248,1.42494,1.00,1.50
2014.07.23 07:17:17.210,1.42478,1.42492,1.00,1.00
2014.07.23 07:17:17.514,1.42476,1.4249,1.69,1.00
2014.07.23 07:17:18.021,1.42475,1.42489,1.25,1.00
2014.07.23 07:17:18.940,1.42475,1.42489,1.19,1.00
2014.07.23 07:17:19.962,1.42475,1.42489,1.00,1.00
2014.07.23 07:17:20.860,1.42475,1.42487,1.00,1.00
2014.07.23 07:17:21.164,1.42474,1.42485,1.00,1.00
2014.07.23 07:17:22.757,1.42474,1.42484,1.00,1.00
2014.07.23 07:17:22.910,1.42471,1.42483,1.25,1.00
2014.07.23 07:17:22.960,1.42471,1.42481,1.00,1.00
2014.07.23 07:17:23.011,1.42468,1.42481,3.19,1.00
2014.07.23 07:17:23.518,1.42468,1.42482,1.19,1.00
2014.07.23 07:17:24.989,1.42467,1.42482,2.07,1.00
2014.07.23 07:17:25.040,1.42467,1.4248,2.07,1.00
2014.07.23 07:17:25.546,1.42465,1.42479,2.07,1.00
2014.07.23 07:17:26.696,1.42465,1.42477,1.25,1.00
2014.07.23 07:17:27.202,1.42464,1.42478,1.57,1.00
2014.07.23 07:17:29.197,1.42466,1.42478,1.25,1.00
2014.07.23 07:17:29.501,1.42463,1.42476,2.07,1.00
2014.07.23 07:17:29.906,1.42463,1.42473,2.07,1.00
2014.07.23 07:17:30.448,1.42463,1.42473,2.07,1.00
2014.07.23 07:17:30.651,1.42463,1.42475,2.07,1.00
2014.07.23 07:17:30.904,1.42463,1.42477,2.07,1.00
2014.07.23 07:17:31.440,1.42463,1.42477,1.69,1.00
2014.07.23 07:17:32.840,1.42463,1.42477,1.00,1.19
2014.07.23 07:17:32.891,1.42463,1.42474,1.00,1.00
2014.07.23 07:17:32.943,1.4246,1.42474,1.19,1.00
2014.07.23 07:17:33.095,1.42463,1.42475,1.00,1.00
2014.07.23 07:17:33.602,1.42464,1.42475,1.00,1.00
2014.07.23 07:17:33.855,1.42464,1.42477,1.19,1.00
2014.07.23 07:17:34.727,1.42464,1.42477,1.00,1.00
2014.07.23 07:17:37.184,1.42465,1.42477,1.00,1.00
2014.07.23 07:17:37.629,1.42463,1.42477,1.69,1.00
2014.07.23 07:17:37.781,1.42465,1.42477,1.00,1.00
2014.07.23 07:17:38.721,1.42465,1.42478,1.00,1.00
2014.07.23 07:17:39.026,1.42463,1.42473,2.07,1.00
2014.07.23 07:17:39.128,1.42463,1.42475,2.07,1.00
2014.07.23 07:17:39.432,1.42462,1.42476,1.00,1.00
2014.07.23 07:17:39.483,1.42462,1.42473,1.00,1.00
2014.07.23 07:17:39.534,1.4246,1.42473,1.50,1.00
2014.07.23 07:17:40.396,1.4246,1.42473,1.19,1.00
2014.07.23 07:17:41.267,1.4246,1.42473,1.25,1.00
2014.07.23 07:17:41.622,1.42463,1.42473,1.00,1.00
2014.07.23 07:17:41.723,1.42461,1.42473,1.13,1.00
2014.07.23 07:17:42.427,1.42463,1.42472,1.00,1.00
2014.07.23 07:17:42.631,1.42461,1.42471,1.25,1.00
2014.07.23 07:17:43.633,1.42461,1.42472,1.00,1.00
2014.07.23 07:17:44.135,1.4246,1.42472,1.00,1.00
2014.07.23 07:17:44.699,1.42459,1.42471,1.69,1.00
2014.07.23 07:17:47.092,1.42459,1.42471,1.69,1.00
2014.07.23 07:17:47.848,1.42463,1.42471,1.00,1.00
2014.07.23 07:17:47.950,1.42461,1.42474,1.25,1.00
2014.07.23 07:17:48.254,1.42461,1.42472,1.25,1.00
2014.07.23 07:17:48.598,1.42461,1.42468,1.00,1.00
2014.07.23 07:17:48.750,1.42459,1.42468,1.00,1.00
2014.07.23 07:17:49.156,1.42458,1.42466,1.00,1.00
2014.07.23 07:17:49.410,1.42456,1.42466,1.00,1.00
2014.07.23 07:17:49.461,1.42456,1.42463,1.00,1.00
2014.07.23 07:17:49.562,1.42454,1.42463,1.00,1.00
2014.07.23 07:17:49.613,1.42454,1.42461,1.00,1.00
2014.07.23 07:17:49.766,1.4245,1.42461,1.00,1.00
2014.07.23 07:17:49.868,1.42448,1.42461,1.00,1.00
2014.07.23 07:17:49.919,1.42449,1.42459,1.00,1.00
2014.07.23 07:17:50.021,1.42451,1.42462,1.00,1.50
2014.07.23 07:17:50.123,1.42447,1.42459,1.69,1.00
2014.07.23 07:17:50.276,1.42449,1.42462,1.00,1.00
2014.07.23 07:17:50.378,1.42448,1.42459,1.00,1.00
2014.07.23 07:17:50.530,1.42446,1.42458,1.00,1.00
2014.07.23 07:17:50.581,1.42446,1.4246,1.00,1.00
2014.07.23 07:17:50.649,1.42446,1.42458,1.00,1.00
2014.07.23 07:17:51.156,1.42445,1.42458,1.25,1.00
2014.07.23 07:17:51.674,1.42445,1.42458,1.19,1.00
2014.07.23 07:17:52.208,1.42445,1.42457,1.00,1.00
2014.07.23 07:17:52.668,1.42443,1.42457,1.69,1.00
2014.07.23 07:17:52.973,1.42443,1.42453,1.25,1.00
2014.07.23 07:17:53.429,1.42444,1.42455,1.00,1.00
2014.07.23 07:17:53.936,1.42443,1.42455,1.25,1.00
2014.07.23 07:17:54.468,1.42442,1.42455,1.25,1.00
2014.07.23 07:17:54.823,1.4244,1.42454,1.00,1.00
2014.07.23 07:17:55.076,1.42439,1.42451,1.25,1.00
2014.07.23 07:17:55.381,1.42439,1.42453,1.19,1.00
2014.07.23 07:17:55.584,1.42439,1.42453,1.25,1.00
2014.07.23 07:17:56.118,1.42439,1.42452,1.25,1.00
2014.07.23 07:17:57.253,1.4244,1.42452,1.00,1.00
2014.07.23 07:17:57.508,1.4244,1.42455,1.00,2.25
2014.07.23 07:17:58.015,1.42439,1.42454,1.69,1.00
2014.07.23 07:17:58.066,1.42439,1.42452,1.19,1.00
2014.07.23 07:17:58.269,1.42438,1.42452,1.25,1.00
2014.07.23 07:17:58.777,1.42436,1.42451,1.69,1.50
2014.07.23 07:17:59.283,1.42436,1.42451,1.50,1.88
2014.07.23 07:17:59.485,1.42436,1.42451,1.69,1.50
2014.07.23 07:18:01.505,1.42436,1.42451,1.19,1.50
2014.07.23 07:18:02.264,1.42436,1.4245,1.19,1.00
2014.07.23 07:18:02.780,1.42436,1.4245,1.69,1.00
2014.07.23 07:18:02.831,1.42436,1.4245,1.50,1.00
2014.07.23 07:18:02.934,1.42439,1.4245,1.38,1.00
2014.07.23 07:18:03.086,1.4244,1.42454,1.38,1.50
2014.07.23 07:18:03.239,1.42441,1.42454,2.44,1.00
2014.07.23 07:18:03.340,1.42443,1.42459,1.69,1.19
2014.07.23 07:18:03.415,1.42445,1.42459,1.00,1.19
2014.07.23 07:18:03.723,1.42454,1.42461,1.19,1.00
2014.07.23 07:18:03.774,1.42453,1.42463,1.19,1.00
2014.07.23 07:18:03.825,1.42453,1.42466,1.00,1.00
2014.07.23 07:18:03.877,1.42451,1.42466,1.00,1.00
2014.07.23 07:18:03.928,1.42454,1.42466,1.00,1.00
2014.07.23 07:18:04.080,1.42449,1.42464,1.69,1.00
2014.07.23 07:18:04.587,1.42447,1.42462,1.19,1.00
2014.07.23 07:18:05.094,1.42446,1.42461,1.19,1.00
2014.07.23 07:18:05.803,1.42445,1.42461,1.19,1.50
2014.07.23 07:18:06.581,1.42446,1.42462,1.25,1.50
2014.07.23 07:18:06.904,1.42447,1.42462,1.19,1.00
2014.07.23 07:18:07.260,1.4245,1.42465,1.25,1.50
2014.07.23 07:18:07.767,1.42451,1.42466,1.00,1.00
2014.07.23 07:18:09.286,1.42453,1.42466,1.00,1.50
2014.07.23 07:18:09.389,1.42451,1.42466,1.13,1.50
2014.07.23 07:18:09.440,1.42453,1.42466,1.00,1.50
2014.07.23 07:18:09.542,1.42451,1.42466,1.00,1.00
2014.07.23 07:18:11.806,1.42451,1.42464,1.00,1.00
2014.07.23 07:18:12.356,1.4245,1.42464,1.32,1.00
2014.07.23 07:18:12.946,1.4245,1.42465,1.32,1.50
2014.07.23 07:18:13.250,1.4245,1.42463,1.32,1.00
2014.07.23 07:18:13.756,1.42449,1.42463,1.25,1.00
2014.07.23 07:18:14.415,1.42448,1.42462,1.19,1.00
2014.07.23 07:18:14.736,1.42443,1.42456,1.00,1.00
2014.07.23 07:18:14.895,1.42441,1.42456,1.00,1.50
2014.07.23 07:18:15.404,1.4244,1.42455,1.00,2.25
2014.07.23 07:18:15.912,1.42439,1.42455,1.88,1.50
2014.07.23 07:18:16.719,1.42439,1.42451,1.00,1.00
2014.07.23 07:18:16.871,1.42437,1.42451,1.00,1.50
2014.07.23 07:18:17.124,1.42439,1.42452,1.00,1.00
2014.07.23 07:18:18.223,1.4244,1.42452,1.00,1.00
2014.07.23 07:18:18.274,1.4244,1.42454,1.13,1.00
2014.07.23 07:18:18.375,1.4244,1.42456,1.13,3.38
2014.07.23 07:18:18.679,1.4244,1.42452,1.00,1.00
2014.07.23 07:18:18.932,1.4244,1.42454,1.00,1.00
2014.07.23 07:18:19.472,1.42439,1.42454,1.13,1.00
2014.07.23 07:18:19.978,1.42439,1.42453,1.13,1.00
2014.07.23 07:18:20.233,1.42441,1.42453,1.00,1.00
2014.07.23 07:18:20.334,1.42438,1.42453,1.38,1.00
2014.07.23 07:18:20.385,1.42437,1.42453,2.25,1.00
2014.07.23 07:18:20.741,1.42435,1.42452,1.00,1.32
2014.07.23 07:18:20.792,1.42435,1.4245,1.50,1.00
2014.07.23 07:18:21.096,1.42437,1.42451,1.00,1.00
2014.07.23 07:18:21.400,1.4244,1.42451,1.00,1.00
2014.07.23 07:18:21.501,1.42435,1.42451,1.50,1.50
2014.07.23 07:18:21.552,1.42435,1.42449,1.00,1.00
2014.07.23 07:18:22.058,1.42434,1.42449,1.50,1.00
2014.07.23 07:18:22.573,1.42435,1.4245,1.00,1.00
2014.07.23 07:18:22.877,1.42434,1.42447,1.00,1.50
2014.07.23 07:18:23.332,1.42434,1.42449,1.00,1.25
2014.07.23 07:18:24.039,1.42435,1.42449,1.00,1.00
2014.07.23 07:18:24.141,1.42432,1.42449,1.19,1.00
2014.07.23 07:18:24.660,1.42432,1.42448,1.19,1.00
2014.07.23 07:18:24.870,1.42433,1.4245,1.63,1.69
2014.07.23 07:18:25.072,1.42437,1.4245,1.00,1.00
2014.07.23 07:18:25.579,1.42437,1.42451,1.00,1.00
2014.07.23 07:18:26.857,1.42439,1.42451,1.00,1.00
2014.07.23 07:18:26.959,1.42439,1.42453,1.00,1.50
2014.07.23 07:18:27.491,1.42436,1.42453,1.69,1.50
2014.07.23 07:18:27.795,1.42435,1.42452,1.69,1.69
2014.07.23 07:18:27.897,1.42436,1.4245,1.00,1.00
2014.07.23 07:18:28.861,1.42436,1.42452,1.00,1.50
2014.07.23 07:18:29.635,1.4244,1.42453,1.00,1.19
2014.07.23 07:18:30.136,1.42439,1.42453,1.00,1.19
2014.07.23 07:18:30.187,1.42437,1.42453,1.00,1.69
2014.07.23 07:18:30.713,1.42437,1.42451,1.25,1.00
2014.07.23 07:18:31.587,1.4244,1.42451,1.00,1.00
2014.07.23 07:18:31.689,1.42439,1.42453,1.25,1.00
2014.07.23 07:18:32.196,1.42438,1.42452,1.19,1.00
2014.07.23 07:18:32.524,1.42441,1.42453,1.00,1.50
2014.07.23 07:18:32.789,1.42441,1.42455,1.25,1.00
2014.07.23 07:18:34.472,1.42441,1.42454,1.00,1.00
2014.07.23 07:18:34.999,1.42441,1.42455,1.25,1.00
2014.07.23 07:18:37.609,1.42442,1.42455,1.19,1.00
2014.07.23 07:18:38.117,1.42444,1.42455,1.25,1.00
2014.07.23 07:18:38.168,1.42444,1.42457,1.25,1.00
2014.07.23 07:18:38.706,1.42446,1.42457,1.00,1.00
2014.07.23 07:18:38.923,1.42444,1.42457,1.00,1.00
2014.07.23 07:18:39.177,1.42442,1.42457,1.00,1.00
2014.07.23 07:18:39.278,1.42441,1.42455,1.00,1.00
2014.07.23 07:18:40.180,1.42443,1.42455,1.00,1.00
2014.07.23 07:18:40.382,1.42441,1.42455,1.25,1.00
2014.07.23 07:18:40.484,1.42443,1.42455,1.00,1.00
2014.07.23 07:18:41.471,1.42441,1.42455,1.19,1.00
2014.07.23 07:18:41.726,1.42438,1.42455,2.07,1.19
2014.07.23 07:18:41.930,1.42437,1.42453,1.50,1.69
2014.07.23 07:18:42.031,1.42435,1.42453,1.50,2.44
2014.07.23 07:18:42.133,1.42434,1.4245,1.50,1.19
2014.07.23 07:18:42.235,1.42434,1.4245,1.69,1.25
2014.07.23 07:18:42.797,1.42435,1.4245,1.63,1.25
2014.07.23 07:18:43.310,1.42436,1.42451,1.13,1.50
2014.07.23 07:18:45.917,1.42442,1.42452,1.00,1.00
2014.07.23 07:18:46.018,1.42442,1.42455,1.00,1.50
2014.07.23 07:18:46.120,1.4244,1.42455,1.00,1.50
2014.07.23 07:18:46.170,1.4244,1.42455,1.00,1.19
2014.07.23 07:18:46.221,1.42437,1.42453,1.19,1.25
2014.07.23 07:18:46.808,1.42437,1.42452,2.07,1.00
2014.07.23 07:18:47.217,1.4244,1.42452,1.00,1.00
2014.07.23 07:18:47.760,1.4244,1.42452,1.19,1.00
2014.07.23 07:18:48.267,1.4244,1.42452,1.00,1.00
2014.07.23 07:18:48.772,1.42439,1.42452,1.25,1.00
2014.07.23 07:18:49.869,1.42438,1.42452,1.00,1.88
2014.07.23 07:18:50.387,1.42436,1.42452,1.69,2.07
2014.07.23 07:18:51.027,1.42438,1.42452,1.00,1.25
2014.07.23 07:18:51.332,1.42441,1.42452,1.00,1.00
2014.07.23 07:18:51.666,1.42439,1.42452,1.25,2.25
2014.07.23 07:18:52.181,1.42442,1.42452,1.00,2.25
2014.07.23 07:18:53.221,1.42442,1.42453,1.00,1.00
2014.07.23 07:18:53.728,1.42443,1.42454,1.00,1.00
2014.07.23 07:18:54.239,1.42443,1.42453,1.00,1.00
2014.07.23 07:18:55.268,1.42439,1.42453,1.69,1.00
2014.07.23 07:18:55.774,1.42439,1.42453,1.00,2.44
2014.07.23 07:18:56.308,1.42438,1.42453,1.00,2.44
2014.07.23 07:18:56.816,1.42439,1.42453,1.00,2.44
2014.07.23 07:18:57.374,1.4244,1.42453,1.00,1.69
2014.07.23 07:18:57.900,1.42442,1.42454,1.00,1.19
2014.07.23 07:18:58.407,1.42442,1.42454,1.25,1.00
2014.07.23 07:19:00.456,1.42444,1.42454,1.00,1.00
2014.07.23 07:19:00.788,1.42441,1.42454,1.19,1.00
2014.07.23 07:19:03.512,1.42444,1.42454,1.00,1.00
2014.07.23 07:19:03.665,1.42444,1.42457,1.25,1.00
2014.07.23 07:19:07.003,1.42445,1.42457,1.00,1.00
2014.07.23 07:19:08.198,1.42446,1.42457,1.25,1.00
2014.07.23 07:19:10.333,1.42446,1.42457,1.69,1.00
2014.07.23 07:19:10.846,1.42445,1.42457,1.19,1.00
2014.07.23 07:19:10.948,1.42444,1.42457,1.25,1.13
2014.07.23 07:19:11.049,1.42443,1.42454,1.00,1.00
2014.07.23 07:19:11.353,1.42444,1.42454,1.19,1.00
2014.07.23 07:19:12.327,1.42444,1.42454,1.19,1.00
2014.07.23 07:19:13.046,1.42445,1.42457,1.19,1.00
2014.07.23 07:19:14.302,1.42445,1.42457,1.25,1.00
2014.07.23 07:19:18.188,1.42445,1.4246,1.25,1.18
2014.07.23 07:19:18.726,1.42445,1.42461,1.69,1.00
2014.07.23 07:19:19.527,1.42445,1.42461,1.69,1.25
2014.07.23 07:19:20.067,1.42445,1.42461,1.69,1.00
2014.07.23 07:19:22.031,1.42445,1.42461,1.69,1.19
2014.07.23 07:19:24.052,1.42445,1.42463,1.50,2.07
2014.07.23 07:19:26.047,1.42445,1.42463,2.44,2.07
2014.07.23 07:19:26.156,1.42447,1.42463,1.50,1.88
2014.07.23 07:19:26.764,1.42447,1.42463,1.50,1.50
2014.07.23 07:19:27.665,1.42447,1.42463,1.69,1.69
2014.07.23 07:19:28.089,1.42451,1.42465,1.50,1.50
2014.07.23 07:19:28.393,1.42457,1.42471,2.07,1.00
2014.07.23 07:19:28.747,1.42457,1.42467,1.19,1.00
2014.07.23 07:19:28.849,1.42454,1.42466,2.25,1.00
2014.07.23 07:19:28.950,1.42453,1.42462,1.00,1.00
2014.07.23 07:19:29.052,1.42452,1.42465,1.00,1.00
2014.07.23 07:19:29.153,1.42449,1.42465,1.50,1.50
2014.07.23 07:19:29.406,1.4245,1.42463,1.00,1.00
2014.07.23 07:19:29.458,1.42447,1.42462,1.19,1.00
2014.07.23 07:19:29.610,1.42449,1.42461,1.00,1.19
2014.07.23 07:19:29.712,1.42449,1.42463,1.00,1.00
2014.07.23 07:19:29.864,1.42448,1.42466,1.69,1.69
2014.07.23 07:19:29.965,1.42449,1.42464,1.00,1.00
2014.07.23 07:19:30.219,1.42445,1.42461,1.69,1.00
2014.07.23 07:19:30.729,1.42445,1.42459,1.00,1.00
2014.07.23 07:19:31.290,1.42443,1.42457,1.00,1.00
2014.07.23 07:19:31.544,1.42438,1.42454,2.44,1.00
2014.07.23 07:19:31.747,1.42437,1.42452,1.25,1.00
2014.07.23 07:19:33.084,1.42436,1.42454,1.69,2.82
2014.07.23 07:19:33.186,1.4244,1.42454,1.00,1.32
2014.07.23 07:19:33.692,1.42439,1.42454,1.25,1.32
2014.07.23 07:19:34.299,1.42437,1.42454,2.44,1.88
2014.07.23 07:19:35.315,1.42439,1.42454,1.57,1.00
2014.07.23 07:19:35.468,1.42441,1.42456,1.25,1.25
2014.07.23 07:19:35.823,1.42441,1.42456,1.69,1.00
2014.07.23 07:19:36.128,1.42448,1.4246,1.00,1.19
2014.07.23 07:19:36.231,1.42443,1.4246,1.00,1.00
2014.07.23 07:19:36.435,1.42445,1.42459,1.00,1.00
2014.07.23 07:19:36.689,1.42447,1.42463,1.69,1.69
2014.07.23 07:19:37.194,1.42449,1.42464,1.69,1.00
2014.07.23 07:19:37.738,1.42449,1.42464,1.69,1.00
2014.07.23 07:19:39.418,1.4245,1.42463,1.00,1.00
2014.07.23 07:19:39.925,1.42447,1.42463,2.44,1.00
2014.07.23 07:19:40.029,1.42447,1.42463,2.44,1.00
2014.07.23 07:19:40.553,1.42448,1.42464,1.00,1.25
2014.07.23 07:19:40.654,1.42448,1.42464,1.69,1.00
2014.07.23 07:19:41.161,1.4245,1.42465,1.25,1.25
2014.07.23 07:19:41.630,1.42456,1.42466,1.00,1.19
2014.07.23 07:19:41.731,1.42455,1.42468,1.00,1.00
2014.07.23 07:19:41.782,1.42453,1.42468,1.00,1.00
2014.07.23 07:19:41.833,1.42456,1.42471,1.00,1.32
2014.07.23 07:19:41.935,1.42453,1.42471,1.00,1.88
2014.07.23 07:19:42.036,1.42455,1.42471,1.00,2.07
2014.07.23 07:19:42.340,1.42459,1.42472,1.00,1.00
2014.07.23 07:19:42.492,1.42457,1.42472,1.00,1.13
2014.07.23 07:19:42.543,1.42459,1.42472,1.00,1.13
2014.07.23 07:19:43.279,1.42459,1.42474,1.25,1.25
2014.07.23 07:19:43.684,1.4246,1.42474,1.19,1.00
2014.07.23 07:19:45.046,1.42461,1.42476,1.25,1.25
2014.07.23 07:19:45.198,1.42459,1.42476,1.32,2.44
2014.07.23 07:19:45.959,1.4246,1.42476,1.00,1.25
2014.07.23 07:19:46.263,1.42463,1.42475,1.00,1.00
2014.07.23 07:19:46.568,1.42461,1.42475,1.50,1.50
2014.07.23 07:19:46.923,1.42461,1.42473,1.69,1.00
2014.07.23 07:19:47.427,1.42461,1.42474,1.69,1.00
2014.07.23 07:19:47.929,1.4246,1.42474,1.00,1.25
2014.07.23 07:19:48.233,1.42462,1.42476,1.00,1.00
2014.07.23 07:19:48.801,1.4246,1.42476,1.50,1.00
2014.07.23 07:19:48.902,1.42459,1.42474,1.00,1.00
2014.07.23 07:19:52.927,1.4246,1.42474,1.00,1.00
2014.07.23 07:19:53.245,1.42462,1.42475,1.00,1.00
2014.07.23 07:19:54.435,1.42462,1.42475,1.69,1.00
2014.07.23 07:19:54.741,1.42463,1.42477,1.25,1.00
2014.07.23 07:19:54.792,1.42465,1.42477,1.00,1.00
2014.07.23 07:19:55.300,1.42465,1.42478,1.25,1.00
2014.07.23 07:19:55.605,1.42467,1.4248,1.00,1.25
2014.07.23 07:19:55.909,1.42469,1.42481,1.00,1.00
2014.07.23 07:19:56.442,1.42468,1.42482,1.00,1.25
2014.07.23 07:19:57.310,1.42466,1.42483,1.57,1.69
2014.07.23 07:19:57.614,1.42465,1.42477,1.00,1.00
2014.07.23 07:19:57.716,1.42463,1.42477,1.25,1.00
2014.07.23 07:19:57.919,1.42463,1.42474,1.25,1.00
2014.07.23 07:19:58.121,1.42459,1.42472,1.19,1.00
2014.07.23 07:19:58.211,1.42457,1.42468,1.00,1.00
2014.07.23 07:19:58.364,1.42452,1.42468,1.19,1.25
2014.07.23 07:19:58.414,1.42451,1.42465,1.24,1.00
2014.07.23 07:19:58.465,1.42451,1.42465,1.25,1.00
2014.07.23 07:19:58.618,1.42451,1.42463,1.25,1.00
2014.07.23 07:19:58.720,1.42449,1.42465,1.69,2.25
2014.07.23 07:19:59.226,1.42452,1.42465,1.00,1.00
2014.07.23 07:19:59.734,1.42452,1.42466,1.00,1.00
2014.07.23 07:20:00.239,1.42448,1.42466,3.57,1.50
2014.07.23 07:20:00.341,1.42448,1.42466,3.57,1.69
2014.07.23 07:20:00.853,1.4245,1.42468,1.19,2.44
2014.07.23 07:20:01.172,1.42455,1.42468,1.19,1.00
2014.07.23 07:20:01.274,1.42455,1.4247,1.32,1.00
2014.07.23 07:20:01.527,1.42455,1.42473,2.07,1.19
2014.07.23 07:20:05.508,1.42456,1.42473,1.25,2.07
2014.07.23 07:20:05.609,1.42459,1.42473,1.00,1.00
2014.07.23 07:20:05.660,1.4246,1.42476,1.00,1.69
2014.07.23 07:20:05.711,1.4246,1.42474,1.00,1.38
2014.07.23 07:20:05.813,1.42456,1.42472,2.25,1.00
2014.07.23 07:20:05.914,1.42457,1.42473,1.19,1.00
2014.07.23 07:20:06.441,1.42461,1.42474,1.00,1.38
2014.07.23 07:20:06.593,1.42459,1.42475,1.19,1.00
2014.07.23 07:20:06.644,1.42457,1.42471,3.57,1.00
2014.07.23 07:20:06.796,1.42457,1.42471,1.00,1.00
2014.07.23 07:20:06.898,1.42454,1.42471,2.25,1.69
2014.07.23 07:20:07.050,1.42452,1.42468,1.69,2.25
2014.07.23 07:20:07.152,1.42454,1.42468,1.00,1.50
2014.07.23 07:20:07.253,1.42455,1.42472,1.19,1.19
2014.07.23 07:20:07.962,1.42457,1.42473,1.00,1.69
2014.07.23 07:20:08.215,1.42454,1.4247,1.69,1.69
2014.07.23 07:20:09.211,1.42454,1.4247,1.50,1.69
2014.07.23 07:20:09.363,1.42454,1.42467,1.00,1.00
2014.07.23 07:20:09.465,1.42452,1.42467,1.00,1.00
2014.07.23 07:20:09.976,1.42451,1.42467,1.25,1.13
2014.07.23 07:20:10.348,1.42451,1.42467,1.00,1.32
2014.07.23 07:20:10.875,1.42449,1.42465,1.32,1.25
2014.07.23 07:20:11.229,1.42448,1.42464,1.25,1.50
2014.07.23 07:20:12.239,1.42448,1.42464,1.25,2.07
2014.07.23 07:20:13.115,1.42448,1.42464,2.07,1.13
2014.07.23 07:20:13.419,1.42453,1.42464,1.00,1.00
2014.07.23 07:20:13.470,1.42449,1.42464,1.69,1.00
2014.07.23 07:20:13.773,1.42449,1.42462,1.19,1.00
2014.07.23 07:20:13.925,1.42447,1.42462,1.19,1.00
2014.07.23 07:20:14.028,1.42447,1.42461,1.00,2.10
2014.07.23 07:20:14.281,1.42441,1.42456,1.00,1.32
2014.07.23 07:20:14.433,1.42438,1.42455,1.19,1.19
2014.07.23 07:20:15.081,1.42438,1.42453,1.19,1.00
2014.07.23 07:20:15.622,1.42436,1.42453,1.00,1.32
2014.07.23 07:20:15.724,1.42435,1.42453,1.00,2.44
2014.07.23 07:20:16.028,1.42434,1.4245,1.25,1.69
2014.07.23 07:20:16.333,1.42433,1.42446,1.69,1.00
2014.07.23 07:20:16.637,1.42439,1.4245,1.00,1.00
2014.07.23 07:20:16.688,1.42439,1.42454,1.00,1.25
2014.07.23 07:20:17.223,1.4244,1.42454,1.00,1.25
2014.07.23 07:20:18.163,1.42439,1.42454,1.25,1.00
2014.07.23 07:20:19.023,1.42445,1.42456,1.00,1.50
2014.07.23 07:20:19.531,1.42444,1.42457,1.00,1.00
2014.07.23 07:20:20.073,1.42443,1.42457,1.25,1.00
2014.07.23 07:20:24.737,1.42442,1.42457,1.25,1.00
2014.07.23 07:20:25.874,1.4244,1.42456,1.69,1.00
2014.07.23 07:20:25.925,1.4244,1.42456,1.00,1.88
2014.07.23 07:20:25.975,1.42439,1.42454,1.00,1.00
2014.07.23 07:20:26.280,1.42439,1.42452,1.00,1.69
2014.07.23 07:20:26.331,1.42435,1.42451,1.25,1.00
2014.07.23 07:20:26.585,1.42433,1.42451,1.25,1.00
2014.07.23 07:20:27.590,1.42433,1.42451,1.25,1.19
2014.07.23 07:20:28.009,1.42432,1.42448,2.44,1.00
2014.07.23 07:20:28.313,1.4244,1.42452,1.00,2.63
2014.07.23 07:20:28.415,1.42438,1.42452,1.88,1.13
2014.07.23 07:20:28.516,1.42441,1.42452,1.00,1.00
2014.07.23 07:20:28.618,1.42436,1.42452,2.07,1.50
2014.07.23 07:20:28.719,1.42436,1.42451,1.13,1.00
2014.07.23 07:20:28.922,1.42435,1.42449,1.25,1.00
2014.07.23 07:20:29.700,1.42433,1.42449,1.00,1.13
2014.07.23 07:20:30.004,1.42432,1.42445,1.69,1.00
2014.07.23 07:20:30.572,1.42438,1.42445,1.00,1.00
2014.07.23 07:20:30.775,1.42437,1.42452,1.19,1.00
2014.07.23 07:20:30.977,1.42435,1.42452,1.00,2.63
2014.07.23 07:20:31.028,1.42435,1.42448,1.00,1.13
2014.07.23 07:20:31.231,1.42432,1.42446,1.25,1.00
2014.07.23 07:20:32.235,1.42431,1.42446,1.25,1.00
2014.07.23 07:20:33.320,1.42431,1.42446,1.19,1.00
2014.07.23 07:20:36.854,1.42434,1.42446,1.63,1.00
2014.07.23 07:20:37.167,1.4244,1.42452,1.00,2.44
2014.07.23 07:20:37.623,1.42436,1.42452,1.00,1.69
2014.07.23 07:20:38.636,1.42434,1.42451,1.19,1.19
2014.07.23 07:20:39.159,1.42434,1.42451,1.57,1.19
2014.07.23 07:20:39.514,1.42436,1.42453,1.00,1.00
2014.07.23 07:20:39.567,1.42439,1.42453,1.00,1.00
2014.07.23 07:20:39.871,1.42439,1.42453,1.19,1.00
2014.07.23 07:20:40.072,1.42439,1.42453,1.19,1.00
2014.07.23 07:20:41.989,1.42441,1.42453,1.00,1.00
2014.07.23 07:20:42.141,1.42441,1.42453,1.32,1.00
2014.07.23 07:20:42.243,1.42443,1.42455,1.32,1.00
2014.07.23 07:20:42.498,1.42446,1.42455,1.00,1.00
2014.07.23 07:20:42.549,1.42446,1.42458,1.00,1.00
2014.07.23 07:20:42.803,1.42443,1.4246,2.44,1.00
2014.07.23 07:20:42.904,1.42443,1.42455,1.69,1.00
2014.07.23 07:20:43.007,1.42443,1.4246,2.07,2.44
2014.07.23 07:20:43.522,1.42445,1.4246,1.19,1.00
2014.07.23 07:20:43.624,1.42445,1.42461,1.00,1.50
2014.07.23 07:20:43.675,1.42445,1.42455,1.00,1.00
2014.07.23 07:20:43.776,1.42445,1.42457,1.32,1.00
2014.07.23 07:20:43.929,1.42444,1.42453,1.13,1.00
2014.07.23 07:20:44.093,1.42444,1.42456,1.00,1.00
2014.07.23 07:20:44.600,1.42444,1.42457,1.00,1.69
2014.07.23 07:20:45.385,1.42444,1.42455,1.00,1.00
2014.07.23 07:20:45.698,1.42444,1.42457,1.00,1.25
2014.07.23 07:20:46.434,1.42444,1.42458,1.25,1.50
2014.07.23 07:20:46.999,1.42444,1.42457,1.25,1.00
2014.07.23 07:20:47.486,1.42445,1.4246,1.19,1.00
2014.07.23 07:20:47.993,1.42445,1.42462,1.19,1.57
2014.07.23 07:20:48.643,1.42445,1.42462,1.19,1.63
2014.07.23 07:20:48.897,1.42445,1.42456,1.19,1.00
2014.07.23 07:20:48.998,1.42445,1.42459,1.19,1.00
2014.07.23 07:20:49.505,1.42446,1.4246,1.19,1.00
2014.07.23 07:20:49.708,1.42449,1.4246,1.00,1.00
2014.07.23 07:20:49.759,1.42449,1.42463,1.13,1.00
2014.07.23 07:20:49.860,1.4245,1.42463,1.19,1.00
2014.07.23 07:20:50.868,1.42451,1.42462,1.00,1.00
2014.07.23 07:20:51.172,1.42447,1.42459,1.00,1.00
2014.07.23 07:20:51.223,1.42447,1.42461,1.00,1.25
2014.07.23 07:20:51.528,1.42447,1.42459,1.00,1.00
2014.07.23 07:20:51.993,1.42445,1.42455,1.25,1.00
2014.07.23 07:20:52.514,1.42444,1.42455,1.00,1.00
2014.07.23 07:20:53.021,1.42442,1.42454,1.50,1.00
2014.07.23 07:20:54.051,1.42442,1.42457,1.50,1.25
2014.07.23 07:20:54.102,1.42445,1.42457,1.00,1.25
2014.07.23 07:20:54.254,1.42442,1.42457,1.50,1.25
2014.07.23 07:20:54.507,1.42448,1.42456,1.05,1.00
2014.07.23 07:20:54.558,1.42448,1.4246,1.05,1.25
2014.07.23 07:20:54.609,1.4245,1.4246,1.58,1.25
2014.07.23 07:20:54.812,1.42446,1.4246,1.00,1.25
2014.07.23 07:20:54.913,1.42444,1.42459,1.00,1.19
2014.07.23 07:20:55.317,1.42441,1.42455,1.32,1.00
2014.07.23 07:20:56.037,1.42441,1.42455,1.32,1.00
2014.07.23 07:20:59.711,1.42441,1.42455,2.07,1.00
2014.07.23 07:21:01.137,1.42443,1.42459,1.19,1.69
2014.07.23 07:21:01.844,1.42444,1.42459,1.32,1.00
2014.07.23 07:21:01.895,1.42448,1.42462,1.00,1.88
2014.07.23 07:21:02.237,1.42454,1.42467,1.19,1.00
2014.07.23 07:21:02.289,1.42458,1.4247,1.00,1.00
2014.07.23 07:21:02.442,1.42458,1.42472,1.19,1.00
2014.07.23 07:21:03.536,1.42458,1.42472,2.07,1.00
2014.07.23 07:21:04.554,1.42458,1.4247,2.44,1.00
2014.07.23 07:21:04.808,1.42457,1.42472,1.25,1.00
2014.07.23 07:21:05.321,1.42456,1.42473,1.69,1.00
2014.07.23 07:21:06.722,1.42456,1.42473,1.69,1.19
2014.07.23 07:21:08.153,1.42456,1.42472,1.69,1.00
2014.07.23 07:21:08.904,1.42457,1.42473,1.19,1.00
2014.07.23 07:21:09.435,1.42458,1.42473,1.25,1.00
2014.07.23 07:21:10.452,1.42458,1.42473,1.19,1.00
2014.07.23 07:21:11.458,1.42458,1.42473,1.25,1.00
2014.07.23 07:21:11.821,1.42456,1.42466,1.69,1.00
2014.07.23 07:21:11.872,1.42456,1.42466,1.50,1.00
2014.07.23 07:21:11.923,1.42455,1.4247,1.00,1.19
2014.07.23 07:21:11.974,1.42455,1.42467,1.00,1.13
2014.07.23 07:21:12.138,1.42451,1.42466,1.50,1.19
2014.07.23 07:21:12.290,1.42451,1.42467,1.69,2.25
2014.07.23 07:21:12.393,1.42454,1.42467,1.25,1.00
2014.07.23 07:21:12.444,1.42454,1.42469,1.69,1.69
2014.07.23 07:21:12.698,1.42454,1.42469,1.00,1.19
2014.07.23 07:21:13.104,1.42452,1.42469,1.25,1.19
2014.07.23 07:21:13.717,1.42451,1.42467,1.69,1.19
2014.07.23 07:21:13.920,1.42451,1.42465,1.00,1.19
2014.07.23 07:21:13.971,1.42449,1.42465,2.44,1.19
2014.07.23 07:21:16.122,1.42451,1.42464,1.13,1.00
2014.07.23 07:21:16.426,1.42457,1.4247,1.00,1.00
2014.07.23 07:21:16.704,1.42457,1.42472,1.69,1.00
2014.07.23 07:21:16.856,1.42459,1.42472,1.00,1.00
2014.07.23 07:21:18.886,1.42459,1.42474,1.50,1.25
2014.07.23 07:21:21.110,1.42459,1.42474,1.00,1.19
2014.07.23 07:21:21.424,1.42462,1.42474,1.00,1.19
2014.07.23 07:21:21.947,1.42461,1.42474,1.00,1.19
2014.07.23 07:21:22.150,1.42461,1.42476,1.00,1.88
2014.07.23 07:21:22.463,1.42459,1.42476,1.25,2.07
2014.07.23 07:21:22.752,1.4246,1.42474,1.00,1.00
2014.07.23 07:21:23.328,1.42458,1.42474,2.44,1.00
2014.07.23 07:21:24.852,1.42459,1.42475,2.44,1.25
2014.07.23 07:21:25.157,1.42466,1.42475,1.00,1.00
2014.07.23 07:21:25.494,1.42461,1.42475,1.19,1.00
2014.07.23 07:21:26.053,1.42461,1.42475,1.25,1.00
2014.07.23 07:21:28.144,1.4246,1.42475,1.25,1.00
2014.07.23 07:21:28.916,1.42461,1.42475,1.00,1.00
2014.07.23 07:21:30.150,1.42461,1.42475,1.69,1.00
2014.07.23 07:21:32.182,1.42461,1.42475,1.00,1.00
2014.07.23 07:21:33.022,1.4246,1.42475,1.69,1.13
2014.07.23 07:21:34.190,1.42461,1.42475,1.00,1.13
2014.07.23 07:21:34.395,1.42463,1.42475,1.00,1.13
2014.07.23 07:21:34.991,1.42462,1.42475,1.50,1.00
2014.07.23 07:21:35.910,1.42463,1.42476,1.00,1.50
2014.07.23 07:21:36.707,1.42465,1.42476,1.00,1.50
2014.07.23 07:21:37.011,1.42467,1.42476,1.00,1.00
2014.07.23 07:21:37.113,1.42467,1.42478,1.00,1.00
2014.07.23 07:21:37.235,1.42466,1.4248,1.50,1.25
2014.07.23 07:21:38.147,1.42467,1.4248,1.00,1.00
2014.07.23 07:21:38.730,1.42466,1.4248,1.25,1.00
2014.07.23 07:21:39.237,1.42466,1.42481,1.25,1.25
2014.07.23 07:21:40.878,1.42466,1.42482,2.25,1.00
2014.07.23 07:21:40.929,1.42468,1.42483,1.00,1.00
2014.07.23 07:21:41.233,1.42472,1.42484,1.00,1.00
2014.07.23 07:21:41.284,1.42472,1.42486,1.00,1.00
2014.07.23 07:21:41.487,1.42474,1.42487,1.00,1.00
2014.07.23 07:21:41.538,1.42474,1.42489,1.25,1.25
2014.07.23 07:21:42.070,1.42475,1.4249,1.00,1.19
2014.07.23 07:21:42.576,1.42475,1.42491,1.69,1.69
2014.07.23 07:21:44.624,1.42475,1.42489,1.00,1.00
2014.07.23 07:21:44.726,1.42475,1.42487,1.00,1.00
2014.07.23 07:21:44.827,1.42473,1.42487,1.00,1.50
2014.07.23 07:21:44.929,1.42471,1.42486,1.00,1.19
2014.07.23 07:21:45.383,1.42471,1.42488,1.69,1.69
2014.07.23 07:21:45.903,1.42472,1.42488,1.50,1.25
2014.07.23 07:21:47.624,1.42472,1.42487,1.00,1.00
2014.07.23 07:21:47.675,1.4247,1.42487,2.25,2.07
2014.07.23 07:21:47.878,1.4247,1.42487,1.50,2.07
2014.07.23 07:21:48.384,1.42469,1.42484,1.50,1.25
2014.07.23 07:21:49.439,1.42469,1.42486,1.50,2.07
2014.07.23 07:21:49.982,1.4247,1.42487,1.13,1.19
2014.07.23 07:21:50.341,1.42471,1.42485,1.00,1.19
2014.07.23 07:21:50.392,1.42471,1.42485,1.00,1.25
2014.07.23 07:21:50.971,1.4247,1.42487,1.50,1.19
2014.07.23 07:21:51.481,1.4247,1.42487,1.00,1.19
2014.07.23 07:21:52.522,1.42469,1.42486,1.25,1.32
2014.07.23 07:21:54.164,1.42468,1.42483,1.00,1.13
2014.07.23 07:21:54.268,1.42466,1.42483,1.25,2.07
2014.07.23 07:21:54.846,1.42468,1.42483,1.00,2.07
2014.07.23 07:21:55.266,1.42466,1.42483,1.25,2.07
2014.07.23 07:21:55.316,1.42466,1.42483,1.25,2.07
2014.07.23 07:21:55.855,1.42467,1.42483,1.00,2.07
2014.07.23 07:21:56.363,1.42466,1.42483,1.25,2.07
2014.07.23 07:21:56.667,1.42465,1.4248,1.50,1.25
2014.07.23 07:21:58.129,1.42464,1.4248,1.50,2.07
2014.07.23 07:21:58.435,1.42463,1.42479,1.25,1.32
2014.07.23 07:21:58.954,1.42463,1.42479,1.00,2.07
2014.07.23 07:21:59.055,1.42463,1.42479,1.00,1.69
2014.07.23 07:21:59.606,1.42467,1.42479,1.00,1.25
2014.07.23 07:21:59.809,1.42467,1.42481,1.00,1.25
2014.07.23 07:21:59.961,1.42466,1.42481,1.00,1.32
2014.07.23 07:22:00.012,1.42464,1.42481,1.00,1.69
2014.07.23 07:22:00.165,1.42468,1.42481,1.00,1.00
2014.07.23 07:22:00.217,1.42468,1.42483,1.00,1.25
2014.07.23 07:22:00.268,1.42467,1.42481,1.00,1.19
2014.07.23 07:22:00.472,1.42466,1.42482,1.50,1.25
2014.07.23 07:22:00.522,1.42468,1.42482,1.00,1.00
2014.07.23 07:22:00.827,1.42471,1.42484,1.00,1.25
2014.07.23 07:22:01.935,1.42473,1.42484,1.00,1.00
2014.07.23 07:22:02.473,1.42473,1.42485,1.00,1.69
2014.07.23 07:22:02.789,1.42473,1.42481,1.00,1.00
2014.07.23 07:22:02.942,1.42466,1.4248,1.50,1.25
2014.07.23 07:22:03.043,1.42465,1.42482,1.00,3.19
2014.07.23 07:22:03.347,1.42464,1.42482,1.69,1.69
2014.07.23 07:22:03.449,1.42467,1.42482,1.25,1.25
2014.07.23 07:22:04.888,1.42466,1.42482,1.69,1.19
2014.07.23 07:22:05.874,1.42466,1.42482,1.50,1.25
2014.07.23 07:22:06.464,1.42467,1.42482,1.00,1.25
2014.07.23 07:22:06.869,1.42466,1.4248,1.00,1.25
2014.07.23 07:22:07.201,1.42463,1.42477,1.00,1.19
2014.07.23 07:22:07.303,1.42461,1.42476,1.25,1.25
2014.07.23 07:22:07.913,1.42462,1.42478,1.00,1.19
2014.07.23 07:22:08.163,1.42462,1.42478,1.00,1.25
2014.07.23 07:22:08.825,1.42462,1.42478,1.00,1.63
2014.07.23 07:22:09.339,1.42461,1.42477,1.00,1.57
2014.07.23 07:22:09.942,1.42462,1.42477,1.00,1.57
2014.07.23 07:22:10.471,1.42462,1.42477,1.00,1.57
2014.07.23 07:22:11.112,1.42463,1.42477,1.00,1.57
2014.07.23 07:22:12.331,1.42462,1.42477,1.00,1.32
2014.07.23 07:22:14.308,1.42463,1.42477,1.00,1.63
2014.07.23 07:22:14.885,1.42465,1.42477,1.00,1.63
