2015.03.16 23:00:00.550,1.38266,1.38296,1.50,1.37
2015.03.16 23:00:00.651,1.38266,1.38296,1.00,1.00
2015.03.16 23:00:01.158,1.38267,1.38296,1.00,1.00
2015.03.16 23:00:01.209,1.38273,1.38296,1.00,1.00
2015.03.16 23:00:01.513,1.38271,1.38292,1.00,1.00
2015.03.16 23:00:01.769,1.38268,1.3829,1.00,1.00
2015.03.16 23:00:02.075,1.38266,1.38288,1.00,1.00
2015.03.16 23:00:02.379,1.38263,1.38285,1.00,1.00
2015.03.16 23:00:02.430,1.38259,1.38284,1.00,1.00
2015.03.16 23:00:02.632,1.38262,1.38289,1.00,1.00
2015.03.16 23:00:04.292,1.38265,1.38289,1.00,1.12
2015.03.16 23:00:04.665,1.38266,1.38286,1.00,1.00
2015.03.16 23:00:10.221,1.38268,1.38286,1.00,1.00
2015.03.16 23:00:10.323,1.38267,1.38289,1.00,1.12
2015.03.16 23:00:10.425,1.38266,1.38284,1.00,1.00
2015.03.16 23:00:10.577,1.38263,1.3829,1.00,1.00
2015.03.16 23:00:10.631,1.38265,1.3829,1.00,1.00
2015.03.16 23:00:10.937,1.38269,1.38287,1.00,1.00
2015.03.16 23:00:11.648,1.38266,1.38287,1.00,1.00
2015.03.16 23:00:12.486,1.38267,1.38287,1.00,1.00
2015.03.16 23:00:12.891,1.38269,1.38287,1.00,1.00
2015.03.16 23:00:13.197,1.38267,1.38285,1.00,1.00
2015.03.16 23:00:13.523,1.38271,1.38291,1.00,1.00
2015.03.16 23:00:13.625,1.38269,1.38295,1.00,1.75
2015.03.16 23:00:13.676,1.38269,1.38295,1.00,1.12
2015.03.16 23:00:13.834,1.3828,1.38295,1.00,1.00
2015.03.16 23:00:14.092,1.38273,1.38295,1.00,1.00
2015.03.16 23:00:14.193,1.38274,1.38293,1.00,1.00
2015.03.16 23:00:14.396,1.38271,1.38291,1.00,1.00
2015.03.16 23:00:14.750,1.38269,1.3829,1.00,1.00
2015.03.16 23:00:15.374,1.38269,1.38289,1.00,1.00
2015.03.16 23:00:16.184,1.38267,1.3829,1.00,1.37
2015.03.16 23:00:16.286,1.38268,1.38286,1.00,1.00
2015.03.16 23:00:16.388,1.38268,1.38289,1.00,1.00
2015.03.16 23:00:17.320,1.38272,1.38292,1.00,1.00
2015.03.16 23:00:17.472,1.38266,1.3829,1.00,1.00
2015.03.16 23:00:17.573,1.3827,1.3829,1.00,1.00
2015.03.16 23:00:17.877,1.38272,1.38288,1.00,1.00
2015.03.16 23:00:18.181,1.3827,1.38286,1.00,1.00
2015.03.16 23:00:18.282,1.38264,1.38285,1.00,1.00
2015.03.16 23:00:18.486,1.3827,1.38288,1.00,1.00
2015.03.16 23:00:18.993,1.38271,1.38287,1.00,1.00
2015.03.16 23:00:20.001,1.38268,1.38287,1.00,1.00
2015.03.16 23:00:20.153,1.3827,1.38286,1.00,1.00
2015.03.16 23:00:21.574,1.38268,1.38288,1.00,1.00
2015.03.16 23:00:21.676,1.38267,1.38285,1.00,1.00
2015.03.16 23:00:22.182,1.38268,1.38286,1.00,1.00
2015.03.16 23:00:22.232,1.3827,1.38289,1.00,1.12
2015.03.16 23:00:22.339,1.38269,1.38287,1.00,1.00
2015.03.16 23:00:23.513,1.3827,1.38289,1.00,1.00
2015.03.16 23:00:23.564,1.38271,1.38287,1.00,1.00
2015.03.16 23:00:23.867,1.38273,1.38292,1.00,1.00
2015.03.16 23:00:24.185,1.38271,1.38289,1.00,1.00
2015.03.16 23:00:26.189,1.38273,1.38289,1.00,1.00
2015.03.16 23:00:26.493,1.3828,1.38292,1.00,1.00
2015.03.16 23:00:26.594,1.38276,1.38292,1.00,1.00
2015.03.16 23:00:26.747,1.38274,1.38292,1.00,1.00
2015.03.16 23:00:26.848,1.38278,1.38292,1.00,1.00
2015.03.16 23:00:27.050,1.38275,1.38292,1.00,1.00
2015.03.16 23:00:27.151,1.38277,1.38292,1.00,1.00
2015.03.16 23:00:28.247,1.38282,1.38292,1.00,1.00
2015.03.16 23:00:28.298,1.38282,1.38298,1.00,1.00
2015.03.16 23:00:28.501,1.38279,1.38298,1.00,1.00
2015.03.16 23:00:28.602,1.38282,1.38298,1.00,1.00
2015.03.16 23:00:28.805,1.3828,1.383,1.00,1.12
2015.03.16 23:00:29.008,1.3828,1.383,1.00,1.75
2015.03.16 23:00:29.159,1.38278,1.38298,1.00,1.87
2015.03.16 23:00:29.261,1.38277,1.38296,1.00,1.00
2015.03.16 23:00:30.308,1.38276,1.38296,1.00,1.00
2015.03.16 23:00:30.620,1.38275,1.38293,1.00,1.00
2015.03.16 23:00:31.131,1.38274,1.38292,1.00,1.00
2015.03.16 23:00:32.341,1.38275,1.38294,1.00,1.00
2015.03.16 23:00:32.892,1.38275,1.38293,1.00,1.00
2015.03.16 23:00:32.995,1.3828,1.38294,1.00,1.00
2015.03.16 23:00:33.313,1.38282,1.383,1.00,1.19
2015.03.16 23:00:33.978,1.38281,1.383,1.00,1.19
2015.03.16 23:00:34.029,1.38281,1.383,1.00,1.25
2015.03.16 23:00:35.581,1.38281,1.383,1.00,1.37
2015.03.16 23:00:35.732,1.38281,1.383,1.00,1.94
2015.03.16 23:00:35.834,1.38276,1.38299,1.00,1.69
2015.03.16 23:00:35.986,1.38275,1.38293,1.00,1.00
2015.03.16 23:00:36.291,1.38273,1.38291,1.00,1.00
2015.03.16 23:00:36.392,1.38273,1.38294,1.00,1.00
2015.03.16 23:00:36.494,1.38275,1.38293,1.00,1.00
2015.03.16 23:00:37.130,1.38276,1.38296,1.00,1.31
2015.03.16 23:00:37.631,1.38277,1.38295,1.00,1.12
2015.03.16 23:00:38.638,1.38282,1.38299,1.00,1.00
2015.03.16 23:00:39.159,1.38281,1.38299,1.00,1.00
2015.03.16 23:00:39.471,1.38278,1.38299,1.00,1.69
2015.03.16 23:00:39.522,1.38278,1.38299,1.00,2.06
2015.03.16 23:00:39.724,1.38274,1.38297,1.00,1.62
2015.03.16 23:00:40.250,1.38275,1.38293,1.00,1.00
2015.03.16 23:00:40.785,1.38277,1.38295,1.00,1.31
2015.03.16 23:00:41.151,1.38275,1.38293,1.00,1.00
2015.03.16 23:00:43.413,1.38275,1.38293,1.00,1.50
2015.03.16 23:00:43.565,1.38269,1.38291,1.00,1.37
2015.03.16 23:00:43.616,1.38269,1.38291,1.00,1.00
2015.03.16 23:00:43.668,1.38263,1.38289,1.19,1.00
2015.03.16 23:00:43.771,1.38268,1.38288,1.00,1.12
2015.03.16 23:00:43.976,1.38261,1.38289,2.44,1.25
2015.03.16 23:00:44.181,1.38262,1.38289,1.19,1.00
2015.03.16 23:00:44.235,1.38262,1.38292,1.69,1.37
2015.03.16 23:00:44.438,1.38262,1.38288,1.25,1.00
2015.03.16 23:00:44.539,1.38264,1.38288,1.00,1.00
2015.03.16 23:00:44.843,1.38269,1.38295,1.00,1.12
2015.03.16 23:00:44.995,1.38275,1.38295,1.00,1.12
2015.03.16 23:00:45.198,1.38272,1.38295,1.00,1.12
2015.03.16 23:00:46.098,1.3828,1.38295,1.00,1.12
2015.03.16 23:00:46.854,1.38275,1.38295,1.00,1.50
2015.03.16 23:00:46.955,1.38275,1.38293,1.00,1.00
2015.03.16 23:00:47.057,1.38271,1.38295,1.00,1.50
2015.03.16 23:00:47.209,1.38271,1.38292,1.00,1.00
2015.03.16 23:00:47.532,1.38273,1.3829,1.00,1.00
2015.03.16 23:00:47.836,1.38263,1.38286,1.00,1.19
2015.03.16 23:00:47.937,1.38265,1.38285,1.00,1.25
2015.03.16 23:00:48.275,1.38263,1.38283,1.00,1.00
2015.03.16 23:00:48.376,1.38264,1.38288,1.00,1.19
2015.03.16 23:00:48.530,1.38267,1.38285,1.00,1.25
2015.03.16 23:00:48.739,1.38264,1.38284,1.00,1.00
2015.03.16 23:00:48.942,1.38269,1.38287,1.00,1.19
2015.03.16 23:00:49.043,1.38257,1.3828,1.19,1.00
2015.03.16 23:00:49.094,1.38257,1.3828,1.25,1.00
2015.03.16 23:00:49.297,1.38251,1.3828,1.69,1.00
2015.03.16 23:00:49.398,1.38256,1.3828,1.00,1.00
2015.03.16 23:00:49.601,1.38254,1.3828,1.50,1.00
2015.03.16 23:00:49.703,1.38258,1.3828,1.00,1.00
2015.03.16 23:00:50.058,1.38257,1.3828,1.19,1.00
2015.03.16 23:00:50.159,1.38257,1.3828,1.00,1.00
2015.03.16 23:00:50.260,1.38255,1.3828,1.25,1.00
2015.03.16 23:00:50.362,1.38258,1.3828,1.25,1.00
2015.03.16 23:00:50.665,1.38263,1.3828,1.00,1.00
2015.03.16 23:00:51.669,1.38264,1.3828,1.00,1.00
2015.03.16 23:00:52.264,1.38265,1.3828,1.00,1.00
2015.03.16 23:00:52.821,1.38266,1.3828,1.00,1.00
2015.03.16 23:00:52.922,1.38264,1.3828,1.00,1.00
2015.03.16 23:00:54.044,1.38264,1.3828,1.00,1.37
2015.03.16 23:00:54.246,1.38261,1.38275,1.00,1.37
2015.03.16 23:00:54.347,1.38254,1.38275,1.19,1.37
2015.03.16 23:00:54.859,1.38255,1.38273,1.19,1.00
2015.03.16 23:00:55.384,1.38255,1.38273,1.00,1.00
2015.03.16 23:00:56.976,1.38256,1.38275,1.00,1.00
2015.03.16 23:00:57.180,1.38257,1.38275,1.19,1.00
2015.03.16 23:00:57.231,1.38257,1.38282,1.19,1.00
2015.03.16 23:00:58.200,1.38259,1.38282,1.25,1.00
2015.03.16 23:00:58.403,1.38265,1.38282,1.00,1.00
2015.03.16 23:00:58.505,1.3826,1.38282,1.00,1.00
2015.03.16 23:00:59.012,1.38261,1.38282,1.00,1.00
2015.03.16 23:00:59.265,1.38263,1.38282,1.00,1.00
2015.03.16 23:01:01.037,1.38261,1.38281,1.00,1.00
2015.03.16 23:01:01.139,1.38264,1.38282,1.00,1.50
2015.03.16 23:01:03.049,1.38262,1.3828,1.00,1.00
2015.03.16 23:01:03.151,1.38263,1.38282,1.00,1.00
2015.03.16 23:01:03.666,1.38266,1.38283,1.00,1.00
2015.03.16 23:01:03.971,1.3827,1.38283,1.00,1.00
2015.03.16 23:01:04.022,1.38266,1.38283,1.00,1.00
2015.03.16 23:01:04.256,1.38269,1.38283,1.00,1.00
2015.03.16 23:01:04.826,1.38267,1.38283,1.00,1.00
2015.03.16 23:01:05.332,1.38268,1.38283,1.00,1.00
2015.03.16 23:01:06.523,1.38269,1.38283,1.00,1.00
2015.03.16 23:01:06.776,1.38266,1.38283,1.19,1.00
2015.03.16 23:01:07.333,1.38269,1.38283,1.00,1.00
2015.03.16 23:01:07.865,1.3827,1.38283,1.00,1.00
2015.03.16 23:01:09.572,1.3827,1.38286,1.00,1.00
2015.03.16 23:01:11.080,1.38267,1.38286,1.00,1.00
2015.03.16 23:01:11.182,1.3827,1.38286,1.00,1.00
2015.03.16 23:01:19.215,1.38268,1.38285,1.00,1.00
2015.03.16 23:01:19.316,1.38272,1.38289,1.00,1.12
2015.03.16 23:01:19.974,1.38271,1.38287,1.00,1.00
2015.03.16 23:01:20.429,1.38269,1.38285,1.00,1.00
2015.03.16 23:01:20.988,1.3827,1.38286,1.00,1.00
2015.03.16 23:01:21.292,1.38272,1.3829,1.00,2.62
2015.03.16 23:01:21.393,1.38271,1.38287,1.00,1.00
2015.03.16 23:01:23.164,1.38272,1.38288,1.19,1.00
2015.03.16 23:01:23.265,1.38273,1.38292,1.25,1.00
2015.03.16 23:01:23.367,1.3828,1.38298,1.00,1.31
2015.03.16 23:01:23.671,1.38285,1.38296,1.00,1.00
2015.03.16 23:01:23.873,1.38285,1.38298,1.00,1.31
2015.03.16 23:01:23.924,1.38276,1.38298,1.00,1.31
2015.03.16 23:01:24.026,1.38279,1.38298,1.00,1.31
2015.03.16 23:01:24.380,1.38278,1.38296,1.00,1.00
2015.03.16 23:01:25.039,1.38277,1.38297,1.00,1.00
2015.03.16 23:01:25.558,1.38278,1.38298,1.00,1.87
2015.03.16 23:01:26.442,1.38279,1.38298,1.00,1.87
2015.03.16 23:01:26.695,1.38277,1.38297,1.00,1.00
2015.03.16 23:01:28.685,1.38274,1.38294,1.25,1.00
2015.03.16 23:01:28.787,1.38274,1.38298,1.00,1.12
2015.03.16 23:01:28.838,1.38274,1.38298,1.00,1.50
2015.03.16 23:01:28.990,1.3827,1.3829,1.25,1.00
2015.03.16 23:01:29.142,1.3827,1.38294,1.00,1.69
2015.03.16 23:01:29.294,1.3827,1.38288,1.00,1.00
2015.03.16 23:01:29.446,1.3827,1.3829,1.25,1.00
2015.03.16 23:01:29.548,1.38268,1.38294,1.19,1.00
2015.03.16 23:01:29.650,1.38274,1.38294,1.00,1.50
2015.03.16 23:01:31.520,1.38271,1.38294,1.19,1.00
2015.03.16 23:01:31.621,1.38278,1.38294,1.00,1.00
2015.03.16 23:01:31.971,1.38278,1.38296,1.00,1.00
2015.03.16 23:01:33.478,1.38275,1.38295,1.00,1.00
2015.03.16 23:01:33.630,1.38277,1.38295,1.00,1.00
2015.03.16 23:01:33.933,1.38283,1.38302,1.00,1.69
2015.03.16 23:01:33.984,1.38281,1.38303,1.00,1.56
2015.03.16 23:01:34.136,1.38284,1.38299,1.00,1.12
2015.03.16 23:01:34.490,1.38281,1.38304,1.00,2.81
2015.03.16 23:01:35.495,1.38282,1.38302,1.00,1.37
2015.03.16 23:01:37.361,1.38283,1.38303,1.00,1.37
2015.03.16 23:01:37.815,1.38282,1.38303,1.00,1.12
2015.03.16 23:01:38.220,1.38285,1.38303,1.00,1.12
2015.03.16 23:01:44.074,1.38285,1.38306,1.00,2.06
2015.03.16 23:01:44.776,1.38284,1.38303,1.00,1.00
2015.03.16 23:01:44.929,1.38286,1.38306,1.00,2.00
2015.03.16 23:01:45.030,1.38283,1.38303,1.00,1.50
2015.03.16 23:01:46.080,1.38283,1.38303,1.00,1.50
2015.03.16 23:01:46.131,1.38286,1.38303,1.00,1.00
2015.03.16 23:01:46.435,1.38288,1.38303,1.00,1.00
2015.03.16 23:01:47.045,1.38283,1.38303,1.50,1.50
2015.03.16 23:01:47.146,1.38285,1.38305,1.00,1.00
2015.03.16 23:01:47.349,1.38291,1.38313,1.00,1.00
2015.03.16 23:01:47.400,1.38291,1.38313,1.00,1.37
2015.03.16 23:01:47.602,1.38286,1.38308,1.00,1.00
2015.03.16 23:01:48.599,1.38282,1.38307,1.25,1.50
2015.03.16 23:01:48.702,1.38285,1.38308,1.00,1.19
2015.03.16 23:01:49.005,1.38285,1.38308,1.00,1.00
2015.03.16 23:01:49.208,1.38285,1.38305,1.00,1.00
2015.03.16 23:01:49.360,1.38279,1.38305,1.19,1.00
2015.03.16 23:01:49.816,1.38278,1.38306,1.00,1.19
2015.03.16 23:01:50.119,1.38279,1.38299,1.19,1.00
2015.03.16 23:01:50.221,1.38278,1.38304,1.19,1.00
2015.03.16 23:01:50.322,1.38278,1.38304,1.25,1.25
2015.03.16 23:01:50.424,1.38275,1.38304,1.19,1.00
2015.03.16 23:01:50.525,1.38278,1.38305,1.00,1.25
2015.03.16 23:01:50.677,1.38274,1.38302,2.44,1.00
2015.03.16 23:01:50.778,1.38274,1.38306,1.69,1.19
2015.03.16 23:01:50.880,1.38279,1.38307,1.00,1.19
2015.03.16 23:01:51.083,1.38276,1.38304,1.19,1.00
2015.03.16 23:01:51.133,1.38278,1.38304,1.19,1.00
2015.03.16 23:01:51.336,1.38277,1.38307,1.69,1.00
2015.03.16 23:01:51.437,1.38284,1.38302,1.00,1.00
2015.03.16 23:01:51.944,1.38283,1.38303,1.25,1.00
2015.03.16 23:01:53.522,1.38283,1.38303,1.00,1.37
2015.03.16 23:01:53.624,1.38283,1.38303,1.00,1.00
2015.03.16 23:01:53.726,1.38276,1.383,1.69,1.00
2015.03.16 23:01:53.828,1.38276,1.38302,1.69,1.25
2015.03.16 23:01:53.981,1.38279,1.38303,1.00,1.25
2015.03.16 23:01:54.284,1.38278,1.38305,1.19,1.00
2015.03.16 23:01:54.335,1.38278,1.38305,1.25,1.00
2015.03.16 23:01:54.538,1.38279,1.38307,1.00,1.62
2015.03.16 23:01:54.640,1.38279,1.38305,1.00,1.00
2015.03.16 23:01:54.742,1.38281,1.38305,1.19,1.00
2015.03.16 23:01:54.944,1.38281,1.38308,1.19,1.12
2015.03.16 23:01:55.737,1.38283,1.38308,1.00,1.12
2015.03.16 23:01:55.788,1.38283,1.38308,1.00,1.50
2015.03.16 23:01:56.104,1.38287,1.38305,1.00,1.37
2015.03.16 23:01:58.082,1.38287,1.38305,1.00,1.37
2015.03.16 23:02:01.767,1.38287,1.38305,1.00,1.37
2015.03.16 23:02:02.378,1.38287,1.38305,1.00,1.00
2015.03.16 23:02:02.429,1.38288,1.38309,1.00,1.00
2015.03.16 23:02:02.530,1.38291,1.38309,1.00,1.00
2015.03.16 23:02:02.885,1.38295,1.38312,1.00,1.12
2015.03.16 23:02:03.088,1.38291,1.38309,1.00,1.50
2015.03.16 23:02:03.190,1.38284,1.38305,1.00,1.37
2015.03.16 23:02:03.695,1.38283,1.38304,1.25,1.12
2015.03.16 23:02:03.857,1.38284,1.38302,1.00,1.00
2015.03.16 23:02:04.163,1.38287,1.38305,1.00,1.37
2015.03.16 23:02:04.468,1.38287,1.38305,1.00,1.50
2015.03.16 23:02:04.620,1.38284,1.38304,1.00,1.37
2015.03.16 23:02:04.672,1.38284,1.38304,1.00,1.12
2015.03.16 23:02:04.723,1.38286,1.38304,1.00,1.12
2015.03.16 23:02:05.065,1.38286,1.38304,1.00,1.37
2015.03.16 23:02:05.268,1.38283,1.38304,1.00,1.37
2015.03.16 23:02:05.372,1.38286,1.38304,1.00,1.37
2015.03.16 23:02:06.508,1.38286,1.38304,1.00,1.37
2015.03.16 23:02:07.038,1.38286,1.38304,1.00,1.37
2015.03.16 23:02:08.592,1.38285,1.38306,1.00,1.69
2015.03.16 23:02:09.100,1.38286,1.38304,1.00,1.37
2015.03.16 23:02:09.962,1.38287,1.38309,1.00,1.00
2015.03.16 23:02:10.014,1.38293,1.38311,1.00,1.25
2015.03.16 23:02:10.317,1.38291,1.38309,1.00,1.87
2015.03.16 23:02:10.587,1.38289,1.38307,1.00,1.37
2015.03.16 23:02:10.794,1.38287,1.38305,1.00,1.37
2015.03.16 23:02:11.096,1.38284,1.38302,1.00,1.12
2015.03.16 23:02:11.248,1.38289,1.38307,1.00,1.50
2015.03.16 23:02:11.349,1.38286,1.38306,1.00,1.37
2015.03.16 23:02:13.104,1.38285,1.38305,1.00,1.37
2015.03.16 23:02:14.666,1.38286,1.38306,1.00,1.37
2015.03.16 23:02:15.303,1.38286,1.38306,1.00,1.37
2015.03.16 23:02:15.506,1.38289,1.38307,1.00,1.37
2015.03.16 23:02:17.384,1.38286,1.38306,1.00,1.37
2015.03.16 23:02:19.134,1.38285,1.38305,1.00,1.12
2015.03.16 23:02:19.235,1.38288,1.38304,1.00,1.00
2015.03.16 23:02:21.431,1.38287,1.38305,1.00,1.12
2015.03.16 23:02:25.062,1.38285,1.38307,1.00,1.37
2015.03.16 23:02:25.213,1.38288,1.38304,1.00,1.00
2015.03.16 23:02:26.173,1.38287,1.38303,1.00,1.00
2015.03.16 23:02:26.476,1.3829,1.38308,1.00,1.37
2015.03.16 23:02:27.507,1.38289,1.38307,1.00,1.37
2015.03.16 23:02:28.256,1.38286,1.38305,1.00,1.12
2015.03.16 23:02:28.408,1.3829,1.38306,1.00,1.37
2015.03.16 23:02:28.510,1.38286,1.38305,1.19,1.12
2015.03.16 23:02:29.114,1.38288,1.38304,1.00,1.00
2015.03.16 23:02:30.489,1.38285,1.38303,1.00,1.00
2015.03.16 23:02:30.590,1.38288,1.38304,1.00,1.00
2015.03.16 23:02:31.052,1.38286,1.38305,1.00,1.50
2015.03.16 23:02:31.662,1.38289,1.38307,1.00,1.75
2015.03.16 23:02:32.172,1.3829,1.38306,1.00,1.37
2015.03.16 23:02:32.989,1.38287,1.38305,1.00,1.37
2015.03.16 23:02:35.219,1.38289,1.38307,1.00,1.75
2015.03.16 23:02:35.815,1.38286,1.38302,1.00,1.00
2015.03.16 23:02:35.969,1.38289,1.38307,1.00,1.75
2015.03.16 23:02:37.267,1.38289,1.38307,1.00,1.37
2015.03.16 23:02:37.420,1.38284,1.38304,1.25,1.37
2015.03.16 23:02:37.630,1.38287,1.38305,1.00,1.37
2015.03.16 23:02:37.733,1.38285,1.38303,1.00,1.12
2015.03.16 23:02:37.834,1.38288,1.38304,1.00,1.37
2015.03.16 23:02:40.539,1.38285,1.38302,1.00,1.00
2015.03.16 23:02:40.590,1.38286,1.38304,1.00,1.00
2015.03.16 23:02:40.712,1.38286,1.38304,1.00,1.37
2015.03.16 23:02:40.814,1.38286,1.38304,1.00,1.37
2015.03.16 23:02:41.169,1.38285,1.38301,1.00,1.00
2015.03.16 23:02:41.271,1.38286,1.38304,1.00,1.12
2015.03.16 23:02:41.373,1.38284,1.383,1.00,1.00
2015.03.16 23:02:41.475,1.38284,1.38306,1.00,1.50
2015.03.16 23:02:41.576,1.38284,1.38302,1.00,1.00
2015.03.16 23:02:41.782,1.38285,1.38305,1.00,1.37
2015.03.16 23:02:42.037,1.38287,1.38306,1.00,1.37
2015.03.16 23:02:42.342,1.38284,1.38304,1.00,1.37
2015.03.16 23:02:42.698,1.38279,1.38297,1.00,1.00
2015.03.16 23:02:42.800,1.38276,1.38305,1.19,1.31
2015.03.16 23:02:42.851,1.38276,1.38305,1.00,1.56
2015.03.16 23:02:43.155,1.38281,1.38307,1.00,1.56
2015.03.16 23:02:43.509,1.38282,1.38302,1.00,1.00
2015.03.16 23:02:43.611,1.38281,1.38306,1.00,1.62
2015.03.16 23:02:43.712,1.38282,1.38303,1.00,1.37
2015.03.16 23:02:43.965,1.38282,1.38303,1.00,1.37
2015.03.16 23:02:44.218,1.38273,1.38302,1.19,1.37
2015.03.16 23:02:44.269,1.38272,1.38302,1.19,1.37
2015.03.16 23:02:44.471,1.38276,1.38306,1.25,1.76
2015.03.16 23:02:44.835,1.38282,1.38308,1.25,1.20
2015.03.16 23:02:44.885,1.38279,1.38308,1.19,1.12
2015.03.16 23:02:44.987,1.38277,1.38306,1.19,1.00
2015.03.16 23:02:45.292,1.38284,1.38303,1.00,1.00
2015.03.16 23:02:45.343,1.38277,1.38308,1.19,1.87
2015.03.16 23:02:45.546,1.38288,1.38304,1.00,1.00
2015.03.16 23:02:45.749,1.38281,1.38303,1.00,1.00
2015.03.16 23:02:45.902,1.38286,1.38304,1.00,1.12
2015.03.16 23:02:46.420,1.38287,1.38305,1.00,1.37
2015.03.16 23:02:48.886,1.38288,1.38304,1.00,1.00
2015.03.16 23:02:48.937,1.38286,1.38304,1.00,1.00
2015.03.16 23:02:49.039,1.38286,1.38304,1.00,1.56
2015.03.16 23:02:49.090,1.3828,1.38302,1.00,1.25
2015.03.16 23:02:49.191,1.38284,1.383,1.00,1.00
2015.03.16 23:02:50.044,1.38283,1.38299,1.00,1.00
2015.03.16 23:02:50.703,1.38282,1.38302,1.00,1.00
2015.03.16 23:02:50.805,1.38285,1.38307,1.00,1.87
2015.03.16 23:02:50.956,1.38289,1.38307,1.00,1.37
2015.03.16 23:02:51.260,1.38286,1.38306,1.00,1.12
2015.03.16 23:02:51.362,1.38289,1.38307,1.00,1.87
2015.03.16 23:02:51.615,1.38284,1.38303,1.00,1.00
2015.03.16 23:02:51.818,1.38283,1.38301,1.00,1.00
2015.03.16 23:02:52.280,1.38285,1.38301,1.00,1.00
2015.03.16 23:02:52.583,1.38276,1.38296,1.50,1.00
2015.03.16 23:02:53.736,1.38277,1.38293,1.00,1.00
2015.03.16 23:02:54.040,1.38277,1.38295,1.00,1.00
2015.03.16 23:02:54.141,1.38278,1.38297,1.00,1.31
2015.03.16 23:02:54.243,1.38277,1.38295,1.00,1.00
2015.03.16 23:02:54.345,1.38273,1.38293,1.00,1.00
2015.03.16 23:02:54.449,1.38277,1.38293,1.00,1.00
2015.03.16 23:02:57.325,1.38271,1.3829,1.25,1.00
2015.03.16 23:02:57.426,1.38274,1.38292,1.00,1.00
2015.03.16 23:02:57.827,1.38274,1.38294,1.00,1.00
2015.03.16 23:02:59.395,1.38276,1.38294,1.00,1.00
2015.03.16 23:02:59.698,1.38278,1.38294,1.00,1.00
2015.03.16 23:02:59.918,1.38278,1.38298,1.00,1.69
2015.03.16 23:02:59.969,1.38274,1.38296,1.00,1.00
2015.03.16 23:03:00.070,1.38276,1.38296,1.00,1.00
2015.03.16 23:03:00.374,1.38274,1.38294,1.00,1.50
2015.03.16 23:03:00.728,1.38272,1.38291,1.25,1.00
2015.03.16 23:03:01.032,1.38272,1.38294,1.25,1.00
2015.03.16 23:03:01.938,1.38271,1.38291,1.25,1.00
2015.03.16 23:03:02.387,1.38275,1.38292,1.00,1.00
2015.03.16 23:03:03.080,1.38275,1.3829,1.00,1.00
2015.03.16 23:03:03.754,1.38275,1.38293,1.00,1.12
2015.03.16 23:03:06.704,1.38276,1.38298,1.00,1.87
2015.03.16 23:03:06.907,1.38282,1.38298,1.00,1.12
2015.03.16 23:03:07.207,1.3828,1.38298,1.00,1.50
2015.03.16 23:03:07.717,1.38281,1.38298,1.00,1.00
2015.03.16 23:03:12.171,1.38278,1.38298,1.00,1.00
2015.03.16 23:03:12.273,1.38281,1.38298,1.00,1.00
2015.03.16 23:03:13.030,1.38282,1.38298,1.00,1.50
2015.03.16 23:03:15.798,1.38283,1.38298,1.00,1.00
2015.03.16 23:03:16.565,1.38282,1.38298,1.00,1.50
2015.03.16 23:03:17.123,1.38281,1.38298,1.00,1.00
2015.03.16 23:03:19.728,1.38281,1.38299,1.00,1.00
2015.03.16 23:03:20.419,1.38281,1.38299,1.00,1.37
2015.03.16 23:03:20.723,1.38284,1.383,1.00,1.12
2015.03.16 23:03:20.875,1.38279,1.38298,1.00,1.00
2015.03.16 23:03:20.977,1.38284,1.383,1.00,1.12
2015.03.16 23:03:22.968,1.38281,1.38299,1.00,1.37
2015.03.16 23:03:23.271,1.38284,1.383,1.00,1.00
2015.03.16 23:03:23.581,1.38284,1.383,1.00,1.37
2015.03.16 23:03:23.632,1.38284,1.383,1.00,1.12
2015.03.16 23:03:25.827,1.38284,1.383,1.00,1.37
2015.03.16 23:03:25.929,1.38282,1.38298,1.00,1.12
2015.03.16 23:03:26.227,1.38283,1.38301,1.00,1.37
2015.03.16 23:03:28.110,1.38283,1.38301,1.00,1.37
2015.03.16 23:03:29.862,1.38283,1.38301,1.00,1.37
2015.03.16 23:03:30.368,1.38283,1.38301,1.00,1.37
2015.03.16 23:03:31.237,1.38283,1.38301,1.00,1.12
2015.03.16 23:03:35.889,1.38283,1.38301,1.00,1.37
2015.03.16 23:03:39.460,1.38283,1.38301,1.00,1.37
2015.03.16 23:03:40.296,1.38283,1.38301,1.00,1.37
2015.03.16 23:03:41.388,1.38283,1.38301,1.00,1.00
2015.03.16 23:03:41.642,1.38287,1.38303,1.00,1.00
2015.03.16 23:03:41.744,1.38284,1.38303,1.00,1.00
2015.03.16 23:03:41.997,1.38286,1.38302,1.00,1.00
2015.03.16 23:03:42.098,1.38287,1.38305,1.00,1.00
2015.03.16 23:03:44.392,1.38288,1.38306,1.00,1.00
2015.03.16 23:03:44.493,1.38286,1.38306,1.00,1.00
2015.03.16 23:03:44.715,1.3829,1.38308,1.00,1.00
2015.03.16 23:03:54.271,1.38284,1.38307,1.12,1.25
2015.03.16 23:03:54.322,1.38287,1.38308,1.00,1.19
2015.03.16 23:03:54.525,1.38287,1.38309,1.25,1.00
2015.03.16 23:03:54.626,1.38291,1.38307,1.00,1.00
2015.03.16 23:03:55.295,1.38292,1.3831,1.00,1.00
2015.03.16 23:03:55.736,1.38289,1.38306,1.00,1.00
2015.03.16 23:03:55.838,1.3829,1.38308,1.00,1.00
2015.03.16 23:03:56.063,1.38289,1.38305,1.00,1.00
2015.03.16 23:03:56.215,1.38287,1.38305,1.00,1.00
2015.03.16 23:03:56.728,1.38283,1.38307,1.00,1.00
2015.03.16 23:03:56.779,1.38283,1.38307,1.00,1.31
2015.03.16 23:03:57.083,1.38284,1.383,1.00,1.00
2015.03.16 23:03:57.134,1.38284,1.38302,1.00,1.00
2015.03.16 23:03:57.286,1.38283,1.38306,1.00,1.31
2015.03.16 23:03:57.489,1.38283,1.38306,1.00,1.25
2015.03.16 23:03:57.540,1.38283,1.38306,1.00,1.31
2015.03.16 23:03:57.843,1.38286,1.38305,1.00,1.00
2015.03.16 23:03:59.243,1.38289,1.38306,1.00,1.00
2015.03.16 23:04:07.602,1.38288,1.38304,1.00,1.00
2015.03.16 23:04:19.133,1.3829,1.38306,1.00,1.00
2015.03.16 23:04:19.285,1.38289,1.38308,1.00,1.00
2015.03.16 23:04:19.386,1.38291,1.38309,1.00,1.00
2015.03.16 23:04:19.772,1.38289,1.38307,1.00,1.00
2015.03.16 23:04:31.701,1.38287,1.38305,1.00,1.00
2015.03.16 23:04:32.009,1.38289,1.38305,1.00,1.00
2015.03.16 23:04:33.683,1.38286,1.38306,1.00,1.00
2015.03.16 23:04:33.785,1.38288,1.38306,1.00,1.00
2015.03.16 23:04:35.206,1.38288,1.38304,1.00,1.00
2015.03.16 23:04:35.308,1.38285,1.38303,1.25,1.00
2015.03.16 23:04:35.763,1.38286,1.38306,1.00,1.00
2015.03.16 23:04:35.965,1.38288,1.38306,1.00,1.00
2015.03.16 23:04:36.271,1.38291,1.38307,1.00,1.00
2015.03.16 23:04:36.979,1.38289,1.38306,1.00,1.00
2015.03.16 23:04:37.932,1.38288,1.38306,1.00,1.00
2015.03.16 23:04:39.717,1.38285,1.38304,1.00,1.00
2015.03.16 23:04:39.819,1.38286,1.38306,1.00,1.00
2015.03.16 23:04:40.325,1.38286,1.38308,1.00,1.00
2015.03.16 23:04:40.427,1.3829,1.38308,1.00,1.00
2015.03.16 23:04:40.579,1.38287,1.38309,1.00,1.25
2015.03.16 23:04:40.791,1.38286,1.38304,1.00,1.00
2015.03.16 23:04:41.095,1.38288,1.38305,1.00,1.00
2015.03.16 23:04:41.196,1.3829,1.38308,1.00,1.00
2015.03.16 23:04:53.199,1.38288,1.38308,1.00,1.00
2015.03.16 23:04:53.402,1.38295,1.38311,1.00,1.00
2015.03.16 23:04:54.294,1.38292,1.38311,1.00,1.00
2015.03.16 23:04:54.395,1.38294,1.3831,1.00,1.00
2015.03.16 23:04:55.205,1.38288,1.38309,1.00,1.00
2015.03.16 23:04:55.409,1.38287,1.38305,1.25,1.00
2015.03.16 23:04:55.922,1.38286,1.38306,1.19,1.00
2015.03.16 23:04:56.370,1.38289,1.38306,1.00,1.00
2015.03.16 23:04:56.623,1.3829,1.38309,1.00,1.00
2015.03.16 23:04:56.700,1.3829,1.38306,1.00,1.00
2015.03.16 23:05:00.473,1.3829,1.38309,1.00,1.00
2015.03.16 23:05:00.574,1.38289,1.38307,1.00,1.00
2015.03.16 23:05:03.878,1.3829,1.38306,1.00,1.00
2015.03.16 23:05:03.980,1.38288,1.38305,1.00,1.00
2015.03.16 23:05:04.487,1.38288,1.38306,1.00,1.00
2015.03.16 23:05:04.538,1.38284,1.38303,1.00,1.00
2015.03.16 23:05:04.640,1.38286,1.38302,1.00,1.00
2015.03.16 23:05:05.287,1.38287,1.38305,1.00,1.00
2015.03.16 23:05:05.641,1.38291,1.38309,1.00,1.19
2015.03.16 23:05:06.101,1.38287,1.38305,1.00,1.00
2015.03.16 23:05:06.202,1.38284,1.38306,1.00,1.00
2015.03.16 23:05:06.304,1.38288,1.38304,1.00,1.00
2015.03.16 23:05:06.845,1.38289,1.38307,1.00,1.00
2015.03.16 23:05:12.651,1.38287,1.38306,1.00,1.00
2015.03.16 23:05:12.803,1.3829,1.38306,1.00,1.00
2015.03.16 23:05:13.532,1.38287,1.38305,1.00,1.00
2015.03.16 23:05:13.684,1.38285,1.38303,1.00,1.00
2015.03.16 23:05:13.988,1.38283,1.38299,1.00,1.00
2015.03.16 23:05:14.292,1.38283,1.38299,1.00,1.50
2015.03.16 23:05:14.342,1.3828,1.38298,1.00,1.37
2015.03.16 23:05:15.106,1.3828,1.38298,1.00,1.00
2015.03.16 23:05:15.615,1.38281,1.38297,1.00,1.12
2015.03.16 23:05:17.083,1.38282,1.383,1.00,1.56
2015.03.16 23:05:17.487,1.38282,1.383,1.00,1.00
2015.03.16 23:05:17.639,1.38284,1.383,1.00,1.00
2015.03.16 23:05:18.623,1.38286,1.38302,1.00,1.00
2015.03.16 23:05:22.049,1.38283,1.38301,1.00,1.00
2015.03.16 23:05:28.189,1.38282,1.383,1.00,1.00
2015.03.16 23:05:28.340,1.38282,1.38298,1.00,1.00
2015.03.16 23:05:28.593,1.38282,1.383,1.00,1.00
2015.03.16 23:05:28.644,1.3828,1.38298,1.00,1.00
2015.03.16 23:05:28.957,1.38282,1.38298,1.00,1.00
2015.03.16 23:05:29.938,1.38277,1.38293,1.00,1.00
2015.03.16 23:05:30.242,1.38277,1.38293,1.00,1.37
2015.03.16 23:05:30.395,1.38279,1.38295,1.00,1.37
2015.03.16 23:05:30.497,1.38276,1.38292,1.00,1.37
2015.03.16 23:05:30.599,1.38276,1.38292,1.00,1.37
2015.03.16 23:05:30.701,1.38274,1.3829,1.00,1.00
2015.03.16 23:05:30.803,1.38275,1.38292,1.00,1.50
2015.03.16 23:05:31.309,1.38275,1.38293,1.00,1.37
2015.03.16 23:05:32.139,1.38275,1.38293,1.00,1.00
2015.03.16 23:05:32.241,1.3828,1.38299,1.00,1.45
2015.03.16 23:05:32.545,1.38274,1.38292,1.00,1.37
2015.03.16 23:05:32.596,1.38275,1.38295,1.00,1.37
2015.03.16 23:05:32.698,1.38279,1.38297,1.00,1.37
2015.03.16 23:05:32.799,1.38276,1.38296,1.00,1.37
2015.03.16 23:05:32.901,1.38276,1.38296,1.00,1.37
2015.03.16 23:05:33.205,1.38279,1.38297,1.00,1.37
2015.03.16 23:05:33.458,1.38277,1.38295,1.00,1.50
2015.03.16 23:05:33.711,1.38278,1.38298,1.00,1.50
2015.03.16 23:05:34.307,1.38277,1.38297,1.00,1.00
2015.03.16 23:05:34.723,1.38277,1.38297,1.00,1.37
2015.03.16 23:05:34.825,1.38277,1.38297,1.00,1.00
2015.03.16 23:05:35.027,1.3828,1.38298,1.00,1.00
2015.03.16 23:05:35.331,1.38278,1.38296,1.00,1.00
2015.03.16 23:05:38.255,1.38279,1.38297,1.00,1.00
2015.03.16 23:05:39.234,1.38279,1.38297,1.37,1.00
2015.03.16 23:05:39.284,1.38285,1.38303,1.00,1.45
2015.03.16 23:05:39.800,1.38285,1.38303,1.00,1.00
2015.03.16 23:05:40.947,1.38286,1.38303,1.00,1.00
2015.03.16 23:05:41.049,1.38286,1.38306,1.00,1.00
2015.03.16 23:05:41.150,1.38289,1.38307,1.00,1.00
2015.03.16 23:05:43.094,1.38289,1.38305,1.00,1.00
2015.03.16 23:05:44.110,1.38289,1.38307,1.00,1.00
2015.03.16 23:05:44.708,1.38288,1.38304,1.00,1.00
2015.03.16 23:05:46.987,1.38284,1.38302,1.00,1.00
2015.03.16 23:05:47.089,1.38284,1.383,1.00,1.00
2015.03.16 23:05:47.443,1.38285,1.38303,1.00,1.00
2015.03.16 23:05:47.544,1.38288,1.38304,1.00,1.00
2015.03.16 23:05:47.757,1.38289,1.38307,1.00,1.00
2015.03.16 23:05:48.214,1.38286,1.38305,1.00,1.00
2015.03.16 23:05:50.399,1.38284,1.383,1.00,1.00
2015.03.16 23:05:50.704,1.38282,1.38298,1.00,1.00
2015.03.16 23:05:50.756,1.38285,1.38304,1.00,1.00
2015.03.16 23:05:51.429,1.38288,1.38306,1.00,1.00
2015.03.16 23:05:52.695,1.38286,1.38304,1.00,1.00
2015.03.16 23:05:53.037,1.38289,1.38305,1.00,1.00
2015.03.16 23:05:54.677,1.38287,1.38303,1.00,1.00
2015.03.16 23:05:54.981,1.38289,1.38305,1.00,1.00
2015.03.16 23:05:58.431,1.38289,1.38305,1.00,1.37
2015.03.16 23:05:58.532,1.38284,1.38302,1.00,1.00
2015.03.16 23:05:58.786,1.38286,1.38303,1.00,1.00
2015.03.16 23:06:00.962,1.38284,1.383,1.00,1.00
2015.03.16 23:06:01.266,1.38287,1.38303,1.00,1.00
2015.03.16 23:06:01.620,1.38284,1.38302,1.00,1.00
2015.03.16 23:06:01.965,1.38287,1.38305,1.00,1.00
2015.03.16 23:06:02.482,1.38288,1.38304,1.00,1.00
2015.03.16 23:06:02.634,1.38285,1.38305,1.00,1.00
2015.03.16 23:06:02.836,1.38288,1.38304,1.00,1.00
2015.03.16 23:06:03.140,1.38286,1.38302,1.00,1.00
2015.03.16 23:06:03.191,1.38288,1.38306,1.00,1.00
2015.03.16 23:06:03.292,1.38286,1.38305,1.00,1.00
2015.03.16 23:06:03.696,1.38289,1.38305,1.00,1.00
2015.03.16 23:06:03.848,1.38287,1.38305,1.00,1.00
2015.03.16 23:06:04.431,1.38288,1.38309,1.00,1.00
2015.03.16 23:06:04.583,1.38292,1.38308,1.00,1.00
2015.03.16 23:06:04.937,1.38289,1.38307,1.00,1.00
2015.03.16 23:06:05.139,1.38289,1.38305,1.00,1.00
2015.03.16 23:06:05.443,1.38293,1.38309,1.00,1.00
2015.03.16 23:06:05.494,1.38288,1.38306,1.00,1.00
2015.03.16 23:06:05.560,1.3829,1.38306,1.00,1.00
2015.03.16 23:06:07.326,1.38289,1.38308,1.00,1.00
2015.03.16 23:06:08.040,1.38289,1.38307,1.00,1.00
2015.03.16 23:06:13.403,1.38291,1.38307,1.00,1.00
2015.03.16 23:06:13.504,1.38289,1.38307,1.00,1.00
2015.03.16 23:06:14.061,1.38291,1.38307,1.00,1.00
2015.03.16 23:06:14.718,1.38292,1.3831,1.00,1.00
2015.03.16 23:06:14.820,1.3829,1.38308,1.00,1.00
2015.03.16 23:06:15.173,1.38292,1.38308,1.00,1.00
2015.03.16 23:06:18.768,1.3829,1.38306,1.00,1.00
2015.03.16 23:06:18.920,1.38292,1.3831,1.00,1.00
2015.03.16 23:06:19.466,1.38291,1.38309,1.00,1.00
2015.03.16 23:06:19.567,1.3829,1.38306,1.00,1.00
2015.03.16 23:06:21.910,1.38289,1.38305,1.00,1.00
2015.03.16 23:06:22.615,1.3829,1.38308,1.00,1.00
2015.03.16 23:06:23.192,1.38292,1.38308,1.00,1.00
2015.03.16 23:06:23.395,1.38289,1.38307,1.00,1.00
2015.03.16 23:06:25.485,1.38291,1.38309,1.00,1.00
2015.03.16 23:06:26.100,1.3829,1.38308,1.00,1.00
2015.03.16 23:06:27.484,1.38289,1.38305,1.00,1.00
2015.03.16 23:06:27.686,1.3829,1.38308,1.00,1.00
2015.03.16 23:06:28.335,1.38292,1.3831,1.00,1.00
2015.03.16 23:06:28.645,1.38291,1.38307,1.00,1.00
2015.03.16 23:06:29.472,1.38293,1.38309,1.00,1.00
2015.03.16 23:06:30.261,1.38291,1.38307,1.00,1.00
2015.03.16 23:06:31.533,1.38292,1.3831,1.00,1.00
2015.03.16 23:06:31.634,1.38291,1.38307,1.00,1.00
2015.03.16 23:06:31.991,1.38288,1.38304,1.00,1.00
2015.03.16 23:06:32.498,1.38289,1.38305,1.00,1.00
2015.03.16 23:06:32.549,1.38289,1.38307,1.00,1.00
2015.03.16 23:06:32.651,1.38293,1.38309,1.00,1.00
2015.03.16 23:06:33.110,1.38288,1.38307,1.00,1.00
2015.03.16 23:06:33.212,1.38291,1.38309,1.00,1.00
2015.03.16 23:06:36.950,1.3829,1.38307,1.00,1.00
2015.03.16 23:06:37.052,1.38292,1.3831,1.00,1.00
2015.03.16 23:06:37.155,1.3829,1.38308,1.00,1.00
2015.03.16 23:06:37.459,1.3829,1.38306,1.00,1.00
2015.03.16 23:06:38.041,1.38291,1.38307,1.00,1.00
2015.03.16 23:06:41.530,1.38292,1.38308,1.00,1.00
2015.03.16 23:06:41.782,1.38288,1.38306,1.00,1.00
2015.03.16 23:06:42.086,1.38283,1.38303,1.00,1.00
2015.03.16 23:06:42.449,1.38288,1.38309,1.00,1.37
2015.03.16 23:06:42.500,1.38288,1.38309,1.00,1.00
2015.03.16 23:06:43.339,1.38287,1.38303,1.00,1.00
2015.03.16 23:06:43.441,1.38289,1.38306,1.00,1.00
2015.03.16 23:06:43.947,1.38288,1.38306,1.00,1.00
2015.03.16 23:06:44.979,1.38287,1.38303,1.00,1.00
2015.03.16 23:06:46.517,1.38288,1.38306,1.00,1.00
2015.03.16 23:06:46.821,1.38292,1.38308,1.00,1.00
2015.03.16 23:06:46.922,1.38288,1.38309,1.00,1.00
2015.03.16 23:06:47.175,1.38289,1.38305,1.00,1.00
2015.03.16 23:06:49.158,1.3829,1.38306,1.00,1.00
2015.03.16 23:06:49.259,1.3829,1.38308,1.00,1.00
2015.03.16 23:06:49.361,1.38287,1.38305,1.00,1.00
2015.03.16 23:06:51.210,1.38288,1.38309,1.00,1.00
2015.03.16 23:06:51.362,1.38289,1.38305,1.00,1.00
2015.03.16 23:06:53.211,1.38292,1.38308,1.00,1.00
2015.03.16 23:06:53.312,1.38288,1.38306,1.00,1.00
2015.03.16 23:06:55.088,1.38291,1.38307,1.00,1.00
2015.03.16 23:06:55.532,1.38291,1.38309,1.00,1.00
2015.03.16 23:06:55.634,1.38289,1.38307,1.00,1.00
2015.03.16 23:06:57.272,1.38287,1.38305,1.00,1.00
2015.03.16 23:06:57.626,1.38289,1.38307,1.00,1.00
2015.03.16 23:06:58.030,1.38291,1.38307,1.00,1.00
2015.03.16 23:07:00.026,1.38289,1.38305,1.00,1.00
2015.03.16 23:07:01.045,1.38292,1.38308,1.00,1.00
2015.03.16 23:07:01.147,1.38289,1.38307,1.00,1.00
2015.03.16 23:07:01.881,1.38292,1.3831,1.00,1.00
2015.03.16 23:07:02.034,1.38293,1.38313,1.00,1.00
2015.03.16 23:07:02.236,1.38292,1.3831,1.00,1.00
2015.03.16 23:07:02.576,1.38294,1.3831,1.00,1.00
2015.03.16 23:07:02.678,1.38291,1.38309,1.00,1.00
2015.03.16 23:07:04.646,1.38292,1.3831,1.00,1.00
2015.03.16 23:07:05.153,1.38291,1.38309,1.00,1.00
2015.03.16 23:07:05.873,1.3829,1.38306,1.00,1.00
2015.03.16 23:07:05.975,1.38287,1.38305,1.12,1.00
2015.03.16 23:07:06.430,1.3829,1.38306,1.00,1.00
2015.03.16 23:07:06.532,1.38292,1.38309,1.00,1.00
2015.03.16 23:07:06.837,1.38293,1.38311,1.00,1.00
2015.03.16 23:07:07.180,1.3829,1.38308,1.00,1.00
2015.03.16 23:07:09.401,1.38291,1.38309,1.00,1.00
2015.03.16 23:07:09.918,1.3829,1.38308,1.00,1.00
2015.03.16 23:07:12.049,1.38293,1.38309,1.00,1.00
2015.03.16 23:07:18.088,1.38291,1.38307,1.00,1.00
2015.03.16 23:07:18.423,1.38292,1.3831,1.00,1.00
2015.03.16 23:07:18.524,1.38292,1.38308,1.00,1.00
2015.03.16 23:07:20.375,1.38293,1.38309,1.00,1.00
2015.03.16 23:07:21.221,1.38292,1.38308,1.00,1.00
2015.03.16 23:07:22.349,1.38293,1.38309,1.00,1.00
2015.03.16 23:07:22.451,1.38291,1.38309,1.00,1.00
2015.03.16 23:07:24.348,1.38292,1.3831,1.00,1.00
2015.03.16 23:07:24.860,1.38291,1.38309,1.00,1.00
2015.03.16 23:07:27.181,1.38291,1.38307,1.00,1.00
2015.03.16 23:07:28.318,1.38292,1.38308,1.00,1.00
2015.03.16 23:07:28.850,1.38291,1.38307,1.00,1.00
2015.03.16 23:07:30.039,1.38292,1.38308,1.00,1.00
2015.03.16 23:07:30.595,1.3829,1.38308,1.00,1.00
2015.03.16 23:07:32.470,1.38291,1.38309,1.00,1.00
2015.03.16 23:07:34.477,1.38292,1.38308,1.00,1.00
2015.03.16 23:07:35.423,1.38288,1.38306,1.00,1.00
2015.03.16 23:07:35.878,1.38291,1.38311,1.00,1.00
2015.03.16 23:07:36.233,1.38294,1.3831,1.00,1.00
2015.03.16 23:07:36.774,1.38291,1.38311,1.00,1.00
2015.03.16 23:07:37.212,1.38291,1.38307,1.00,1.00
2015.03.16 23:07:40.170,1.3829,1.38308,1.00,1.00
2015.03.16 23:07:40.625,1.38292,1.38311,1.00,1.00
2015.03.16 23:07:40.727,1.38292,1.38308,1.00,1.00
2015.03.16 23:07:40.828,1.38292,1.3831,1.00,1.00
2015.03.16 23:07:40.930,1.38295,1.38311,1.00,1.00
2015.03.16 23:07:41.198,1.38292,1.3831,1.00,1.00
2015.03.16 23:07:41.876,1.38291,1.38309,1.00,1.00
2015.03.16 23:07:42.503,1.38289,1.38307,1.12,1.00
2015.03.16 23:07:42.807,1.38293,1.38311,1.00,1.00
2015.03.16 23:07:43.133,1.38291,1.38309,1.00,1.00
2015.03.16 23:07:43.436,1.38293,1.38311,1.00,1.00
2015.03.16 23:07:44.028,1.38292,1.38308,1.00,1.00
2015.03.16 23:07:44.383,1.38288,1.38306,1.12,1.00
2015.03.16 23:07:44.790,1.38286,1.38302,1.00,1.00
2015.03.16 23:07:45.043,1.38288,1.38307,1.00,1.00
2015.03.16 23:07:45.147,1.38287,1.38303,1.00,1.00
2015.03.16 23:07:46.105,1.38288,1.38307,1.00,1.00
2015.03.16 23:07:50.107,1.38288,1.38307,1.37,1.00
2015.03.16 23:07:50.309,1.38291,1.38307,1.00,1.00
2015.03.16 23:07:51.489,1.38289,1.38305,1.00,1.00
2015.03.16 23:08:01.345,1.38288,1.38306,1.00,1.00
2015.03.16 23:08:02.066,1.38289,1.38308,1.00,1.12
2015.03.16 23:08:02.319,1.38288,1.38306,1.00,1.00
2015.03.16 23:08:05.169,1.38289,1.38308,1.00,1.00
2015.03.16 23:08:06.345,1.38289,1.38305,1.00,1.00
2015.03.16 23:08:06.497,1.3829,1.38307,1.00,1.00
2015.03.16 23:08:06.801,1.38287,1.38305,1.12,1.00
2015.03.16 23:08:07.568,1.38289,1.38307,1.00,1.00
2015.03.16 23:08:07.873,1.38291,1.38307,1.00,1.00
2015.03.16 23:08:08.250,1.38289,1.38305,1.00,1.00
2015.03.16 23:08:08.785,1.38289,1.38308,1.00,1.00
2015.03.16 23:08:08.886,1.38288,1.38306,1.00,1.00
2015.03.16 23:08:10.765,1.3829,1.38307,1.00,1.00
2015.03.16 23:08:11.118,1.38288,1.38306,1.00,1.00
2015.03.16 23:08:12.868,1.38289,1.38307,1.00,1.00
2015.03.16 23:08:13.183,1.38289,1.38305,1.00,1.00
2015.03.16 23:08:13.859,1.38289,1.38307,1.00,1.00
2015.03.16 23:08:14.444,1.38291,1.38307,1.00,1.00
2015.03.16 23:08:16.834,1.38289,1.38305,1.00,1.00
2015.03.16 23:08:18.148,1.38291,1.38307,1.00,1.00
2015.03.16 23:08:18.250,1.3829,1.38309,1.00,1.00
2015.03.16 23:08:19.156,1.38291,1.38309,1.00,1.00
2015.03.16 23:08:19.258,1.38289,1.38307,1.00,1.00
2015.03.16 23:08:21.202,1.3829,1.38309,1.00,1.00
2015.03.16 23:08:21.556,1.38292,1.38308,1.00,1.00
2015.03.16 23:08:21.861,1.3829,1.38306,1.00,1.00
2015.03.16 23:08:23.292,1.38292,1.38308,1.00,1.00
2015.03.16 23:08:23.394,1.3829,1.38308,1.00,1.00
2015.03.16 23:08:24.135,1.38289,1.38307,1.12,1.00
2015.03.16 23:08:25.304,1.38291,1.3831,1.00,1.00
2015.03.16 23:08:25.517,1.38292,1.38308,1.00,1.00
2015.03.16 23:08:25.619,1.38289,1.38307,1.12,1.00
2015.03.16 23:08:27.562,1.38292,1.38308,1.00,1.00
2015.03.16 23:08:27.890,1.3829,1.38306,1.00,1.00
2015.03.16 23:08:29.257,1.38291,1.38308,1.00,1.00
2015.03.16 23:08:29.661,1.38289,1.38307,1.12,1.00
2015.03.16 23:08:31.224,1.38291,1.38309,1.00,1.00
2015.03.16 23:08:32.262,1.3829,1.38306,1.00,1.00
2015.03.16 23:08:33.202,1.38291,1.38309,1.00,1.00
2015.03.16 23:08:33.405,1.38291,1.38307,1.00,1.00
2015.03.16 23:08:33.557,1.38291,1.38309,1.00,1.00
2015.03.16 23:08:33.658,1.3829,1.38306,1.00,1.00
2015.03.16 23:08:35.315,1.38291,1.38309,1.00,1.00
2015.03.16 23:08:35.619,1.38289,1.38307,1.12,1.00
2015.03.16 23:08:37.297,1.38292,1.38308,1.00,1.00
2015.03.16 23:08:37.500,1.3829,1.38308,1.00,1.00
2015.03.16 23:08:38.048,1.38289,1.38307,1.12,1.00
2015.03.16 23:08:39.277,1.38291,1.38308,1.00,1.00
2015.03.16 23:08:39.687,1.38289,1.38307,1.00,1.00
2015.03.16 23:08:40.733,1.38288,1.38304,1.00,1.00
2015.03.16 23:08:41.117,1.3829,1.38306,1.00,1.00
2015.03.16 23:08:41.218,1.38288,1.38306,1.00,1.00
2015.03.16 23:08:41.319,1.3829,1.38308,1.00,1.00
2015.03.16 23:08:41.625,1.38288,1.38306,1.00,1.00
2015.03.16 23:08:42.134,1.38286,1.38303,1.37,1.00
2015.03.16 23:08:42.235,1.3829,1.38308,1.00,1.00
2015.03.16 23:08:49.271,1.38292,1.38308,1.00,1.00
2015.03.16 23:08:49.788,1.38291,1.38307,1.00,1.00
2015.03.16 23:08:51.218,1.38292,1.38308,1.00,1.00
2015.03.16 23:08:52.102,1.38291,1.38307,1.00,1.00
2015.03.16 23:08:53.696,1.38289,1.38307,1.00,1.00
2015.03.16 23:08:56.324,1.38291,1.38309,1.00,1.00
2015.03.16 23:08:56.831,1.38295,1.38311,1.00,1.00
2015.03.16 23:08:58.370,1.38291,1.38307,1.00,1.00
2015.03.16 23:09:00.467,1.38292,1.38309,1.00,1.00
2015.03.16 23:09:00.568,1.3829,1.38308,1.00,1.00
2015.03.16 23:09:01.421,1.38289,1.38307,1.00,1.00
2015.03.16 23:09:02.465,1.38292,1.38309,1.00,1.00
2015.03.16 23:09:02.768,1.38291,1.38307,1.00,1.00
2015.03.16 23:09:02.819,1.38289,1.38307,1.00,1.00
2015.03.16 23:09:04.446,1.38291,1.38309,1.00,1.00
2015.03.16 23:09:04.785,1.38289,1.38307,1.00,1.00
2015.03.16 23:09:06.681,1.38291,1.38309,1.00,1.00
2015.03.16 23:09:06.989,1.3829,1.38306,1.00,1.00
2015.03.16 23:09:07.304,1.38292,1.3831,1.00,1.00
2015.03.16 23:09:07.406,1.38291,1.38307,1.00,1.00
2015.03.16 23:09:07.507,1.38293,1.3831,1.00,1.00
2015.03.16 23:09:08.051,1.38292,1.3831,1.00,1.00
2015.03.16 23:09:08.315,1.38294,1.3831,1.00,1.00
2015.03.16 23:09:09.187,1.38292,1.3831,1.00,1.00
2015.03.16 23:09:11.486,1.38293,1.38309,1.00,1.00
2015.03.16 23:09:15.245,1.3829,1.38308,1.12,1.00
2015.03.16 23:09:15.346,1.38292,1.3831,1.00,1.00
2015.03.16 23:09:17.213,1.3829,1.38308,1.12,1.00
2015.03.16 23:09:17.552,1.38292,1.3831,1.00,1.00
2015.03.16 23:09:19.185,1.3829,1.38308,1.12,1.00
2015.03.16 23:09:19.860,1.38293,1.38309,1.00,1.00
2015.03.16 23:09:23.153,1.38291,1.38307,1.00,1.00
2015.03.16 23:09:23.355,1.38292,1.3831,1.00,1.00
2015.03.16 23:09:27.221,1.3829,1.38308,1.12,1.00
2015.03.16 23:09:27.608,1.38293,1.38309,1.00,1.00
2015.03.16 23:09:30.943,1.38294,1.3831,1.00,1.00
2015.03.16 23:09:31.464,1.38293,1.38309,1.00,1.00
2015.03.16 23:09:31.819,1.3829,1.38306,1.00,1.00
2015.03.16 23:09:32.586,1.38293,1.38311,1.00,1.00
2015.03.16 23:09:33.132,1.38292,1.3831,1.00,1.00
2015.03.16 23:09:34.932,1.3829,1.38306,1.00,1.00
2015.03.16 23:09:35.236,1.38287,1.38304,1.00,1.37
2015.03.16 23:09:35.783,1.38286,1.38302,1.00,1.00
2015.03.16 23:09:36.138,1.38291,1.38307,1.00,1.87
2015.03.16 23:09:36.340,1.38291,1.38307,1.00,1.00
2015.03.16 23:09:36.442,1.38293,1.38309,1.00,1.00
2015.03.16 23:09:37.365,1.38294,1.38312,1.00,1.37
2015.03.16 23:09:37.467,1.38293,1.38309,1.00,1.00
2015.03.16 23:09:37.771,1.38291,1.38307,1.00,1.00
2015.03.16 23:09:37.973,1.38293,1.38311,1.00,1.12
2015.03.16 23:09:38.228,1.38295,1.38311,1.00,1.12
2015.03.16 23:09:38.737,1.38294,1.3831,1.00,1.12
2015.03.16 23:09:43.782,1.38294,1.3831,1.00,1.37
2015.03.16 23:09:43.943,1.38295,1.38311,1.00,1.00
2015.03.16 23:09:45.462,1.38294,1.38314,1.00,1.12
2015.03.16 23:09:45.566,1.38294,1.38312,1.00,1.00
2015.03.16 23:09:46.482,1.38294,1.3831,1.00,1.00
2015.03.16 23:09:46.684,1.38294,1.38312,1.00,1.00
2015.03.16 23:09:48.780,1.38292,1.3831,1.00,1.00
2015.03.16 23:09:55.799,1.38294,1.38311,1.00,1.00
2015.03.16 23:09:55.900,1.38292,1.3831,1.00,1.00
2015.03.16 23:09:57.113,1.38296,1.38312,1.00,1.00
2015.03.16 23:09:58.340,1.38293,1.38309,1.00,1.00
2015.03.16 23:09:58.783,1.38294,1.38311,1.00,1.00
2015.03.16 23:09:58.884,1.38293,1.38309,1.00,1.00
2015.03.16 23:10:00.333,1.38294,1.38311,1.00,1.00
2015.03.16 23:10:00.435,1.38293,1.38309,1.00,1.00
2015.03.16 23:10:01.428,1.38294,1.38311,1.00,1.00
2015.03.16 23:10:02.910,1.38293,1.38311,1.00,1.00
2015.03.16 23:10:07.672,1.38293,1.38312,1.00,1.00
2015.03.16 23:10:08.198,1.38293,1.38311,1.00,1.00
2015.03.16 23:10:16.488,1.38295,1.38311,1.00,1.00
2015.03.16 23:10:19.159,1.38296,1.38312,1.00,1.00
2015.03.16 23:10:19.463,1.38299,1.38315,1.00,1.00
2015.03.16 23:10:20.228,1.38297,1.38315,1.00,1.00
2015.03.16 23:10:22.346,1.383,1.38316,1.00,1.00
2015.03.16 23:10:24.108,1.38298,1.38314,1.00,1.00
2015.03.16 23:10:24.412,1.383,1.38316,1.00,1.00
2015.03.16 23:10:26.161,1.38297,1.38313,1.00,1.00
2015.03.16 23:10:26.465,1.38299,1.38315,1.00,1.00
2015.03.16 23:10:30.351,1.383,1.38318,1.00,1.00
2015.03.16 23:10:32.207,1.38299,1.38315,1.00,1.00
2015.03.16 23:10:32.359,1.38299,1.38317,1.00,1.00
2015.03.16 23:10:40.263,1.38299,1.38315,1.00,1.00
2015.03.16 23:10:40.568,1.38301,1.38319,1.00,1.00
2015.03.16 23:10:41.923,1.38299,1.38317,1.00,1.00
2015.03.16 23:10:58.738,1.38299,1.38315,1.00,1.00
2015.03.16 23:10:59.242,1.38301,1.38317,1.00,1.00
2015.03.16 23:11:00.735,1.38298,1.38316,1.00,1.00
2015.03.16 23:11:00.837,1.383,1.38318,1.00,1.00
2015.03.16 23:11:01.892,1.38299,1.38317,1.00,1.00
2015.03.16 23:11:02.275,1.38301,1.38317,1.00,1.00
2015.03.16 23:11:03.574,1.38298,1.38316,1.00,1.00
2015.03.16 23:11:03.675,1.38296,1.38315,1.00,1.00
2015.03.16 23:11:03.777,1.383,1.38316,1.00,1.00
2015.03.16 23:11:05.529,1.38299,1.38315,1.00,1.00
2015.03.16 23:11:05.681,1.38296,1.38315,1.00,1.00
2015.03.16 23:11:05.783,1.38299,1.38317,1.00,1.00
2015.03.16 23:11:07.648,1.38299,1.38315,1.00,1.00
2015.03.16 23:11:07.750,1.38296,1.38315,1.00,1.00
2015.03.16 23:11:07.852,1.38299,1.38317,1.00,1.00
2015.03.16 23:11:09.646,1.38299,1.38315,1.00,1.00
2015.03.16 23:11:09.747,1.38296,1.38315,1.00,1.00
2015.03.16 23:11:09.849,1.38299,1.38317,1.00,1.00
2015.03.16 23:11:10.422,1.383,1.38318,1.00,1.00
2015.03.16 23:11:10.753,1.38299,1.38315,1.00,1.00
2015.03.16 23:11:10.854,1.383,1.38318,1.00,1.00
2015.03.16 23:11:11.601,1.38298,1.38316,1.00,1.00
2015.03.16 23:11:11.703,1.38296,1.38315,1.00,1.00
2015.03.16 23:11:11.804,1.38299,1.38317,1.00,1.00
2015.03.16 23:11:12.136,1.38301,1.38317,1.00,1.00
2015.03.16 23:11:12.789,1.38299,1.38317,1.00,1.00
2015.03.16 23:11:13.559,1.38298,1.38314,1.00,1.00
2015.03.16 23:11:13.812,1.38296,1.38314,1.00,1.00
2015.03.16 23:11:13.913,1.38298,1.38316,1.00,1.00
2015.03.16 23:11:14.549,1.38299,1.38315,1.00,1.00
2015.03.16 23:11:15.290,1.383,1.38316,1.00,1.00
2015.03.16 23:11:15.986,1.38298,1.38316,1.00,1.00
2015.03.16 23:11:16.089,1.38296,1.38314,1.00,1.00
2015.03.16 23:11:16.393,1.383,1.38316,1.00,1.00
2015.03.16 23:11:16.899,1.38299,1.38317,1.00,1.00
2015.03.16 23:11:17.977,1.38298,1.38316,1.00,1.00
2015.03.16 23:11:18.281,1.383,1.38316,1.00,1.00
2015.03.16 23:11:19.169,1.38299,1.38315,1.00,1.00
2015.03.16 23:11:19.473,1.38297,1.38313,1.00,1.00
2015.03.16 23:11:20.642,1.38306,1.38322,1.00,1.50
2015.03.16 23:11:21.145,1.38307,1.38323,1.00,1.00
2015.03.16 23:11:21.701,1.38308,1.38324,1.00,1.50
2015.03.16 23:11:31.299,1.38307,1.38325,1.00,1.87
2015.03.16 23:11:33.812,1.38308,1.38324,1.00,1.00
2015.03.16 23:11:38.884,1.38306,1.38324,1.00,1.12
2015.03.16 23:11:38.934,1.38305,1.38321,1.00,1.00
2015.03.16 23:11:39.036,1.38303,1.38321,1.00,1.00
2015.03.16 23:11:39.188,1.38305,1.38324,1.00,1.00
2015.03.16 23:11:39.290,1.38307,1.38325,1.00,1.00
2015.03.16 23:11:40.020,1.38303,1.38328,1.00,1.37
2015.03.16 23:11:48.166,1.38302,1.38327,1.00,1.12
2015.03.16 23:11:48.842,1.38301,1.38327,1.00,1.12
2015.03.16 23:11:50.932,1.38302,1.38325,1.00,1.12
2015.03.16 23:11:51.034,1.38299,1.38324,2.25,1.00
2015.03.16 23:11:55.011,1.38301,1.38324,1.87,1.00
2015.03.16 23:11:55.342,1.38303,1.38325,1.00,1.20
2015.03.16 23:11:56.123,1.38302,1.38325,1.00,1.95
2015.03.16 23:11:57.399,1.38301,1.38325,1.87,1.20
2015.03.16 23:11:58.058,1.38301,1.38323,1.87,1.00
2015.03.16 23:11:58.210,1.38301,1.38325,1.87,1.95
2015.03.16 23:11:59.635,1.38301,1.38325,1.87,2.62
2015.03.16 23:12:02.946,1.38299,1.38324,1.50,1.50
2015.03.16 23:12:02.997,1.38299,1.38324,1.50,1.00
2015.03.16 23:12:03.756,1.38299,1.38325,1.50,1.12
2015.03.16 23:12:04.916,1.38299,1.38324,1.50,1.00
2015.03.16 23:12:06.358,1.38299,1.38325,1.50,1.12
2015.03.16 23:12:07.440,1.383,1.38323,1.00,1.00
2015.03.16 23:12:08.011,1.383,1.38325,1.00,1.87
2015.03.16 23:12:09.426,1.383,1.38323,1.00,1.00
2015.03.16 23:12:09.608,1.383,1.38325,1.00,1.87
2015.03.16 23:12:10.421,1.38299,1.38324,1.50,1.00
2015.03.16 23:12:11.252,1.38299,1.38324,1.87,1.00
2015.03.16 23:12:11.801,1.38302,1.38325,1.00,1.50
2015.03.16 23:12:14.151,1.38302,1.38323,1.00,1.00
2015.03.16 23:12:38.990,1.383,1.38323,1.50,1.00
2015.03.16 23:12:39.194,1.383,1.38325,1.00,2.14
2015.03.16 23:12:39.295,1.38297,1.38324,1.00,1.52
2015.03.16 23:12:39.396,1.38298,1.38323,1.00,1.57
2015.03.16 23:12:39.901,1.38297,1.38324,1.00,1.95
2015.03.16 23:12:40.510,1.38299,1.38324,1.12,1.15
2015.03.16 23:12:40.814,1.38302,1.38322,1.50,1.00
2015.03.16 23:12:43.410,1.38302,1.38324,1.50,1.00
2015.03.16 23:12:44.918,1.38304,1.38327,1.00,2.70
2015.03.16 23:12:59.946,1.38304,1.38327,1.00,1.87
2015.03.16 23:13:16.601,1.38302,1.38325,1.00,1.00
2015.03.16 23:13:16.703,1.38299,1.38321,1.00,1.00
2015.03.16 23:13:17.574,1.38299,1.38311,1.00,1.37
2015.03.16 23:13:17.627,1.38284,1.38309,1.00,1.00
2015.03.16 23:13:17.678,1.38284,1.38307,1.00,1.00
2015.03.16 23:13:17.983,1.38283,1.38303,1.00,1.10
2015.03.16 23:13:19.461,1.38283,1.38305,1.00,1.52
2015.03.16 23:13:19.665,1.38283,1.38305,1.00,1.52
2015.03.16 23:13:25.156,1.38283,1.38305,1.00,1.00
2015.03.16 23:13:25.308,1.38284,1.38309,1.00,1.84
2015.03.16 23:13:25.928,1.38284,1.38309,1.12,1.19
2015.03.16 23:13:26.711,1.38284,1.38309,1.12,1.00
2015.03.16 23:13:29.712,1.38283,1.38311,2.25,1.00
2015.03.16 23:13:30.691,1.38283,1.38309,3.00,1.00
2015.03.16 23:13:31.148,1.38283,1.38309,3.37,1.12
2015.03.16 23:13:32.474,1.38283,1.38309,2.62,1.37
2015.03.16 23:13:33.011,1.38283,1.38309,2.62,1.00
2015.03.16 23:13:34.478,1.38283,1.38309,2.62,1.37
2015.03.16 23:13:34.998,1.38283,1.38309,2.62,1.12
2015.03.16 23:13:37.014,1.38284,1.38309,1.37,1.00
2015.03.16 23:13:37.421,1.38288,1.38313,1.00,1.52
2015.03.16 23:13:37.927,1.38289,1.38315,1.00,1.87
2015.03.16 23:13:38.432,1.38289,1.38314,1.00,1.27
2015.03.16 23:13:39.058,1.38287,1.38314,1.37,1.27
2015.03.16 23:13:39.648,1.38287,1.38314,1.12,1.52
2015.03.16 23:13:40.477,1.38287,1.38314,1.37,1.27
2015.03.16 23:13:40.578,1.3829,1.38314,1.00,1.27
2015.03.16 23:13:41.296,1.3829,1.38314,1.37,1.15
2015.03.16 23:13:41.600,1.3829,1.38316,1.00,1.75
2015.03.16 23:13:42.106,1.3829,1.38316,1.00,1.95
2015.03.16 23:13:42.309,1.3829,1.38316,1.37,1.20
2015.03.16 23:13:42.410,1.3829,1.38317,1.00,1.50
2015.03.16 23:13:43.866,1.3829,1.38317,1.00,2.25
2015.03.16 23:13:45.119,1.3829,1.38316,1.00,1.20
2015.03.16 23:13:45.171,1.3829,1.38315,1.00,1.45
2015.03.16 23:13:50.543,1.38292,1.38316,1.00,1.50
2015.03.16 23:13:50.798,1.38294,1.38317,1.00,1.57
2015.03.16 23:13:50.952,1.38296,1.38318,1.00,1.45
2015.03.16 23:13:51.107,1.38296,1.3832,1.50,1.57
2015.03.16 23:13:52.101,1.38294,1.3832,1.00,1.57
2015.03.16 23:13:53.141,1.38294,1.38319,1.00,1.55
2015.03.16 23:13:53.192,1.38291,1.38319,1.00,1.57
2015.03.16 23:13:53.805,1.38291,1.38317,1.37,1.27
2015.03.16 23:13:55.314,1.38291,1.38318,1.00,1.52
2015.03.16 23:13:55.858,1.38291,1.38316,1.00,1.47
2015.03.16 23:13:56.896,1.38291,1.38316,1.00,1.10
2015.03.16 23:13:57.518,1.38291,1.38316,1.37,1.10
2015.03.16 23:13:58.024,1.38291,1.38316,1.12,1.47
2015.03.16 23:13:58.227,1.38291,1.38316,1.00,1.47
2015.03.16 23:13:58.429,1.38291,1.38316,1.00,1.47
2015.03.16 23:13:58.955,1.38291,1.38316,1.00,1.20
2015.03.16 23:14:00.641,1.38291,1.38316,1.00,1.47
2015.03.16 23:14:00.744,1.38291,1.38316,1.00,1.10
2015.03.16 23:14:00.845,1.38291,1.3832,1.37,2.25
2015.03.16 23:14:01.048,1.38291,1.3832,1.00,2.25
2015.03.16 23:14:01.554,1.38291,1.38316,1.12,1.47
2015.03.16 23:14:02.226,1.38291,1.38318,1.12,1.27
2015.03.16 23:14:02.378,1.38291,1.38317,1.00,1.55
2015.03.16 23:14:02.582,1.38291,1.38317,1.12,1.17
2015.03.16 23:14:02.886,1.38291,1.38317,1.00,1.55
2015.03.16 23:14:03.393,1.38291,1.38317,1.37,1.27
2015.03.16 23:14:03.798,1.38291,1.38316,1.00,1.47
2015.03.16 23:14:03.899,1.38291,1.38316,1.00,1.10
2015.03.16 23:14:04.001,1.38291,1.38316,1.00,1.47
2015.03.16 23:14:04.103,1.38291,1.38316,1.12,1.10
2015.03.16 23:14:05.160,1.38291,1.38316,1.00,1.47
2015.03.16 23:14:05.363,1.38291,1.38316,1.00,1.10
2015.03.16 23:14:06.175,1.38291,1.38318,1.00,1.52
2015.03.16 23:14:06.681,1.38291,1.38316,1.00,1.20
2015.03.16 23:14:07.182,1.38291,1.38319,1.37,1.57
2015.03.16 23:14:07.688,1.38291,1.38319,1.00,1.57
2015.03.16 23:14:07.790,1.38291,1.38316,1.00,1.47
2015.03.16 23:14:07.892,1.38291,1.38316,1.00,1.20
2015.03.16 23:14:08.226,1.38291,1.38316,1.00,1.47
2015.03.16 23:14:08.378,1.38291,1.38316,1.00,1.10
2015.03.16 23:14:09.869,1.38291,1.38317,1.00,1.52
2015.03.16 23:14:10.385,1.38291,1.38317,1.00,1.52
2015.03.16 23:14:10.487,1.38291,1.38317,1.00,1.52
2015.03.16 23:14:11.104,1.38291,1.38317,1.00,1.52
2015.03.16 23:14:11.778,1.38291,1.38317,1.00,1.27
2015.03.16 23:14:12.134,1.38291,1.38316,1.00,1.55
2015.03.16 23:14:12.338,1.38291,1.38316,1.00,1.27
2015.03.16 23:14:12.844,1.38291,1.38318,1.00,1.57
2015.03.16 23:14:13.366,1.38291,1.38317,1.00,1.52
2015.03.16 23:14:13.923,1.38291,1.38317,1.00,1.52
2015.03.16 23:14:14.454,1.38291,1.38316,1.00,1.27
2015.03.16 23:14:14.757,1.38291,1.38316,1.00,1.55
2015.03.16 23:14:15.493,1.38291,1.38319,1.12,2.25
2015.03.16 23:14:15.646,1.38291,1.38316,1.00,1.55
2015.03.16 23:14:15.747,1.38291,1.38316,1.00,1.17
2015.03.16 23:14:16.253,1.38291,1.38317,1.00,1.52
2015.03.16 23:14:16.304,1.38289,1.38316,1.00,1.55
2015.03.16 23:14:16.841,1.38289,1.38316,1.00,1.55
2015.03.16 23:14:17.122,1.38289,1.38316,1.00,1.17
2015.03.16 23:14:18.153,1.38288,1.38314,1.00,1.00
2015.03.16 23:14:19.126,1.38287,1.38314,1.12,1.37
2015.03.16 23:14:19.530,1.38287,1.38314,1.37,1.00
2015.03.16 23:14:20.078,1.3829,1.38317,1.12,2.02
2015.03.16 23:14:20.939,1.3829,1.38317,1.00,2.02
2015.03.16 23:14:21.250,1.3829,1.38317,1.37,1.27
2015.03.16 23:14:21.352,1.3829,1.38317,1.00,1.27
2015.03.16 23:14:21.859,1.3829,1.38317,1.00,2.02
2015.03.16 23:14:22.768,1.38286,1.38313,2.62,1.00
2015.03.16 23:14:23.073,1.38286,1.38313,2.25,1.00
2015.03.16 23:14:23.227,1.38287,1.38316,1.87,2.02
2015.03.16 23:14:23.734,1.3829,1.38319,1.12,1.87
2015.03.16 23:14:24.148,1.3829,1.38319,1.87,2.25
2015.03.16 23:14:24.351,1.3829,1.38319,1.00,1.87
2015.03.16 23:14:26.178,1.3829,1.38319,1.37,2.25
2015.03.16 23:14:26.732,1.3829,1.38319,1.12,1.87
2015.03.16 23:14:27.088,1.3829,1.38319,1.37,2.25
2015.03.16 23:14:36.979,1.3829,1.38319,1.37,1.27
2015.03.16 23:14:38.042,1.38293,1.3832,1.00,1.50
2015.03.16 23:14:55.111,1.38303,1.3832,1.37,2.25
2015.03.16 23:14:55.263,1.38307,1.38327,1.00,1.47
2015.03.16 23:14:55.365,1.38307,1.38329,1.00,1.00
2015.03.16 23:14:55.466,1.38308,1.38334,1.00,1.55
2015.03.16 23:14:59.209,1.38308,1.38334,1.87,1.00
2015.03.16 23:14:59.310,1.38308,1.38336,1.50,1.65
2015.03.16 23:14:59.816,1.38309,1.38337,1.00,1.65
2015.03.16 23:15:00.322,1.38308,1.38337,1.50,1.65
2015.03.16 23:15:01.625,1.3831,1.38336,1.00,1.17
2015.03.16 23:15:37.391,1.38308,1.38335,1.87,1.07
2015.03.16 23:15:42.720,1.38308,1.38335,1.87,1.07
2015.03.16 23:15:44.336,1.38311,1.38337,1.12,1.20
2015.03.16 23:15:44.741,1.38309,1.38333,1.00,1.00
2015.03.16 23:15:44.894,1.38309,1.38335,1.00,1.50
2015.03.16 23:15:45.423,1.38307,1.38335,1.37,1.87
2015.03.16 23:15:48.611,1.3832,1.38345,1.37,1.00
2015.03.16 23:15:48.915,1.38323,1.38346,1.37,1.00
2015.03.16 23:15:49.438,1.38324,1.38348,1.12,1.47
2015.03.16 23:15:52.036,1.38322,1.38346,1.00,1.12
2015.03.16 23:15:52.138,1.38327,1.38348,1.00,1.10
2015.03.16 23:15:52.393,1.38328,1.38351,1.00,1.37
2015.03.16 23:15:53.309,1.38328,1.38348,1.00,1.00
2015.03.16 23:15:53.360,1.38322,1.38348,1.37,1.00
2015.03.16 23:15:53.941,1.38322,1.38348,1.50,1.00
2015.03.16 23:15:54.296,1.38323,1.3835,2.25,1.00
2015.03.16 23:15:54.550,1.38323,1.3835,1.37,1.15
2015.03.16 23:15:55.060,1.38323,1.3835,1.37,1.17
2015.03.16 23:15:55.363,1.3832,1.38349,3.00,1.65
2015.03.16 23:15:59.215,1.3832,1.38346,1.87,1.07
2015.03.16 23:15:59.519,1.38321,1.38348,1.37,1.17
2015.03.16 23:16:00.345,1.3832,1.38338,1.50,1.00
2015.03.16 23:16:00.497,1.38315,1.38334,1.00,1.00
2015.03.16 23:16:00.599,1.38307,1.38334,1.20,1.00
2015.03.16 23:16:00.650,1.38307,1.38332,1.12,1.00
2015.03.16 23:16:00.701,1.38304,1.38332,1.20,1.00
2015.03.16 23:16:00.753,1.38302,1.38328,2.25,1.00
2015.03.16 23:16:00.804,1.38301,1.38328,2.70,1.00
2015.03.16 23:16:00.855,1.38301,1.38322,1.10,1.00
2015.03.16 23:16:01.008,1.3829,1.38317,2.62,1.50
2015.03.16 23:16:01.697,1.38289,1.38315,1.25,1.00
2015.03.16 23:16:01.748,1.38286,1.38313,1.00,1.00
2015.03.16 23:16:02.663,1.38286,1.38313,1.37,1.00
2015.03.16 23:16:03.174,1.38289,1.38315,1.12,1.10
2015.03.16 23:16:03.680,1.38289,1.38316,1.20,1.00
2015.03.16 23:16:14.798,1.38289,1.38316,1.12,1.07
2015.03.16 23:16:14.850,1.38284,1.38311,1.62,1.00
2015.03.16 23:16:16.577,1.38286,1.38311,1.37,1.00
2015.03.16 23:16:16.679,1.38286,1.38311,1.00,1.00
2015.03.16 23:16:16.882,1.38283,1.38309,1.57,1.00
2015.03.16 23:16:17.086,1.38282,1.38309,1.95,1.00
2015.03.16 23:16:17.289,1.38282,1.38306,1.45,1.00
2015.03.16 23:16:17.748,1.38278,1.38305,1.12,1.50
2015.03.16 23:16:18.258,1.38278,1.38305,1.12,1.50
2015.03.16 23:16:19.592,1.38279,1.38305,1.52,1.50
2015.03.16 23:16:20.146,1.38279,1.38306,2.02,1.00
2015.03.16 23:16:20.555,1.38282,1.38306,1.00,1.00
2015.03.16 23:16:23.991,1.38282,1.38304,1.00,1.00
2015.03.16 23:16:24.624,1.38282,1.38307,1.00,1.87
2015.03.16 23:16:25.475,1.38282,1.38307,1.00,1.87
2015.03.16 23:16:25.789,1.38282,1.38299,1.00,1.50
2015.03.16 23:16:26.309,1.38282,1.383,1.00,1.00
2015.03.16 23:16:27.897,1.38282,1.38303,1.00,1.00
2015.03.16 23:16:27.953,1.38282,1.38309,1.00,1.87
2015.03.16 23:16:28.460,1.38282,1.38309,1.00,1.87
2015.03.16 23:16:29.004,1.38282,1.38309,1.12,1.87
2015.03.16 23:16:29.573,1.38283,1.3831,1.50,1.37
2015.03.16 23:16:30.543,1.38283,1.3831,1.00,1.37
2015.03.16 23:16:31.058,1.38282,1.38308,1.12,1.37
2015.03.16 23:16:32.655,1.38282,1.38308,1.00,1.37
2015.03.16 23:16:37.175,1.38282,1.38308,1.00,1.37
2015.03.16 23:16:37.530,1.38282,1.38309,1.50,1.00
2015.03.16 23:16:38.035,1.38283,1.38309,1.00,1.00
2015.03.16 23:16:38.559,1.38282,1.38309,1.50,1.00
2015.03.16 23:16:50.521,1.38283,1.3831,1.00,1.37
2015.03.16 23:16:50.673,1.38283,1.3831,1.00,1.37
2015.03.16 23:16:51.181,1.38282,1.38308,1.10,1.87
2015.03.16 23:16:51.765,1.38283,1.38308,1.50,1.00
2015.03.16 23:16:51.868,1.38283,1.3831,1.50,1.00
2015.03.16 23:16:54.154,1.38285,1.3831,1.00,1.00
2015.03.16 23:16:54.459,1.38292,1.38315,1.50,1.00
2015.03.16 23:16:54.663,1.38292,1.38321,1.50,3.07
2015.03.16 23:16:54.815,1.38295,1.38322,1.00,1.65
2015.03.16 23:16:55.324,1.38295,1.38322,1.50,1.00
2015.03.16 23:16:56.230,1.38295,1.3832,1.00,1.00
2015.03.16 23:17:06.331,1.38303,1.38326,1.00,1.75
2015.03.16 23:17:07.027,1.38306,1.38327,1.50,1.75
2015.03.16 23:17:07.358,1.38306,1.38329,1.50,1.12
2015.03.16 23:17:13.929,1.38306,1.38331,1.87,1.00
2015.03.16 23:17:14.031,1.3831,1.38332,1.50,1.10
2015.03.16 23:17:14.335,1.3831,1.38337,1.50,1.52
2015.03.16 23:17:14.769,1.38312,1.38338,1.00,1.12
2015.03.16 23:17:24.809,1.38312,1.38337,1.00,1.50
2015.03.16 23:17:35.389,1.3831,1.38336,1.00,1.95
2015.03.16 23:17:36.476,1.38307,1.38332,1.00,1.00
2015.03.16 23:17:36.527,1.38307,1.38332,1.00,1.37
2015.03.16 23:17:36.932,1.38307,1.38331,1.00,1.12
2015.03.16 23:17:37.892,1.3831,1.38332,1.00,1.20
2015.03.16 23:17:41.334,1.3831,1.38333,1.00,1.00
2015.03.16 23:17:47.024,1.38311,1.38335,1.00,1.55
2015.03.16 23:17:50.741,1.3831,1.38335,1.00,1.65
2015.03.16 23:17:53.411,1.38308,1.38335,1.00,1.65
2015.03.16 23:17:54.128,1.38308,1.38335,1.00,1.27
2015.03.16 23:17:55.171,1.38308,1.38334,1.00,1.57
2015.03.16 23:17:55.223,1.38304,1.38333,1.50,1.37
2015.03.16 23:17:55.376,1.38303,1.38331,1.00,2.77
2015.03.16 23:17:55.894,1.38302,1.38331,1.50,2.40
2015.03.16 23:17:55.997,1.38302,1.38329,1.50,1.00
2015.03.16 23:17:56.504,1.38304,1.3833,1.00,1.00
2015.03.16 23:18:00.109,1.38306,1.3833,1.00,1.00
2015.03.16 23:18:01.211,1.38305,1.3833,1.50,1.12
2015.03.16 23:18:01.764,1.38308,1.3833,1.00,1.12
2015.03.16 23:18:02.018,1.38309,1.38332,1.00,1.00
2015.03.16 23:18:02.069,1.38311,1.38332,1.00,1.00
2015.03.16 23:18:02.171,1.38312,1.38334,1.00,1.20
2015.03.16 23:18:02.324,1.38309,1.38334,1.00,1.20
2015.03.16 23:18:05.788,1.38309,1.38334,1.00,1.47
2015.03.16 23:18:12.011,1.38312,1.38336,1.00,1.87
2015.03.16 23:18:13.164,1.38312,1.38337,1.00,3.37
2015.03.16 23:18:13.749,1.38311,1.38337,1.00,2.25
2015.03.16 23:18:14.386,1.3831,1.38337,1.00,2.25
2015.03.16 23:18:15.034,1.3831,1.38337,1.00,1.37
2015.03.16 23:18:21.888,1.38313,1.38336,1.00,1.00
2015.03.16 23:18:22.192,1.38315,1.38337,1.00,1.50
2015.03.16 23:18:22.798,1.38315,1.38337,1.00,1.12
2015.03.16 23:18:27.749,1.38315,1.38338,1.00,1.75
2015.03.16 23:18:32.077,1.38315,1.38338,1.00,1.50
2015.03.16 23:18:35.175,1.38315,1.38341,1.00,1.85
2015.03.16 23:18:35.226,1.38319,1.38342,1.00,2.77
2015.03.16 23:18:35.278,1.3832,1.38342,1.00,1.17
2015.03.16 23:18:35.379,1.38322,1.38344,1.00,1.37
2015.03.16 23:18:35.633,1.38324,1.38347,1.00,1.00
2015.03.16 23:18:35.984,1.38326,1.38351,1.00,1.50
2015.03.16 23:18:36.519,1.38325,1.38351,1.00,1.37
2015.03.16 23:18:37.040,1.38325,1.38351,1.00,1.75
2015.03.16 23:18:39.073,1.38325,1.38351,1.00,1.50
2015.03.16 23:18:39.784,1.38325,1.38351,1.00,1.75
2015.03.16 23:18:41.040,1.38325,1.38351,1.00,1.37
2015.03.16 23:18:41.242,1.38325,1.38351,1.00,1.75
2015.03.16 23:18:42.443,1.38325,1.38349,1.00,1.50
2015.03.16 23:18:43.043,1.38325,1.38349,1.00,1.12
2015.03.16 23:18:44.145,1.38325,1.38349,1.00,1.50
2015.03.16 23:18:51.399,1.38323,1.38349,1.00,1.37
2015.03.16 23:18:51.501,1.38321,1.38347,1.00,1.12
2015.03.16 23:18:51.704,1.38321,1.38347,1.00,1.50
2015.03.16 23:18:55.409,1.38319,1.38347,1.00,1.87
2015.03.16 23:18:55.512,1.38317,1.38344,1.50,1.00
2015.03.16 23:18:55.715,1.38313,1.38341,1.00,1.12
2015.03.16 23:18:55.817,1.38312,1.38338,1.00,1.00
2015.03.16 23:18:56.122,1.3831,1.38336,1.50,1.00
2015.03.16 23:18:56.645,1.3831,1.38338,1.50,1.37
2015.03.16 23:18:59.580,1.3831,1.38336,1.50,1.00
2015.03.16 23:19:00.925,1.38312,1.38336,1.00,1.12
2015.03.16 23:19:07.011,1.38312,1.38339,1.00,1.87
2015.03.16 23:19:08.277,1.38311,1.38337,1.00,1.37
2015.03.16 23:19:09.752,1.38311,1.38337,1.00,1.37
2015.03.16 23:19:20.066,1.38311,1.38337,1.00,2.25
2015.03.16 23:19:20.219,1.38311,1.38337,1.00,1.50
2015.03.16 23:19:21.383,1.38311,1.38336,1.00,1.37
2015.03.16 23:19:21.923,1.38311,1.38336,1.00,1.37
2015.03.16 23:19:22.228,1.38311,1.38336,1.00,1.37
2015.03.16 23:19:22.431,1.38311,1.38336,1.00,1.00
2015.03.16 23:19:22.964,1.38311,1.38337,1.00,1.00
2015.03.16 23:19:23.015,1.38308,1.38337,1.00,1.00
2015.03.16 23:19:23.174,1.3831,1.38338,1.00,1.12
2015.03.16 23:19:24.751,1.3831,1.38337,1.50,1.00
2015.03.16 23:19:24.801,1.38308,1.38337,1.50,2.25
2015.03.16 23:19:28.532,1.38308,1.38336,1.50,1.00
2015.03.16 23:19:33.085,1.38308,1.38334,2.25,1.37
2015.03.16 23:19:33.239,1.38298,1.38325,1.50,1.87
2015.03.16 23:19:33.442,1.38298,1.38324,1.00,1.87
2015.03.16 23:19:34.582,1.38298,1.38323,1.00,1.75
2015.03.16 23:19:34.887,1.38298,1.38323,1.00,1.75
2015.03.16 23:19:36.835,1.38298,1.38321,1.00,1.50
2015.03.16 23:19:37.037,1.383,1.38326,1.00,1.75
2015.03.16 23:19:37.291,1.38304,1.38328,1.00,1.87
2015.03.16 23:19:37.342,1.38306,1.38328,1.00,1.37
2015.03.16 23:19:37.928,1.38304,1.3833,1.00,1.50
2015.03.16 23:19:40.923,1.38304,1.38329,1.00,1.75
2015.03.16 23:19:49.598,1.38304,1.38326,1.00,1.12
2015.03.16 23:20:01.042,1.38304,1.38325,1.50,1.00
2015.03.16 23:20:01.094,1.38302,1.38325,1.50,1.00
2015.03.16 23:20:32.631,1.38302,1.38327,1.50,1.00
2015.03.16 23:20:32.734,1.3831,1.3833,1.12,2.25
2015.03.16 23:20:32.836,1.38313,1.38336,1.12,3.00
2015.03.16 23:20:33.038,1.38315,1.38336,1.00,1.00
2015.03.16 23:20:37.734,1.38315,1.38338,1.00,1.00
2015.03.16 23:20:42.743,1.38314,1.38338,1.00,1.00
2015.03.16 23:20:43.239,1.38314,1.3834,1.00,2.62
2015.03.16 23:20:51.099,1.38314,1.38339,1.00,1.00
2015.03.16 23:20:52.975,1.38314,1.38339,1.00,1.37
2015.03.16 23:20:56.901,1.38314,1.38338,1.00,1.37
2015.03.16 23:20:57.473,1.38314,1.3833,1.00,1.00
2015.03.16 23:20:57.975,1.38313,1.3833,1.12,1.00
2015.03.16 23:21:01.874,1.38313,1.38328,1.12,1.00
2015.03.16 23:21:13.315,1.38313,1.38331,1.00,1.00
2015.03.16 23:21:13.922,1.38313,1.38332,1.00,1.00
2015.03.16 23:21:14.281,1.38313,1.38332,1.00,1.37
2015.03.16 23:21:22.535,1.38314,1.38332,1.00,1.00
2015.03.16 23:21:22.687,1.38314,1.3834,1.00,2.25
2015.03.16 23:21:22.839,1.38316,1.3834,1.00,2.25
2015.03.16 23:21:22.890,1.38316,1.3834,1.00,1.87
2015.03.16 23:21:22.991,1.38315,1.38342,1.00,1.50
2015.03.16 23:21:23.612,1.38315,1.38342,1.00,1.12
2015.03.16 23:21:23.717,1.38315,1.38342,1.37,1.50
2015.03.16 23:21:25.673,1.38315,1.38341,1.37,1.00
2015.03.16 23:21:28.821,1.38315,1.38342,1.37,1.50
2015.03.16 23:21:32.819,1.38315,1.38342,1.00,1.12
2015.03.16 23:21:34.252,1.38313,1.3834,1.00,1.00
2015.03.16 23:21:34.455,1.3831,1.38339,1.37,1.87
2015.03.16 23:21:35.122,1.38313,1.38339,1.00,1.12
2015.03.16 23:21:36.555,1.38313,1.38339,1.12,1.50
2015.03.16 23:21:37.442,1.38313,1.38339,1.37,1.50
2015.03.16 23:21:39.564,1.38313,1.38339,1.12,1.50
2015.03.16 23:21:51.464,1.38313,1.38339,1.00,1.50
2015.03.16 23:21:52.624,1.38311,1.38338,1.37,1.50
2015.03.16 23:21:58.069,1.38311,1.38338,1.37,1.12
2015.03.16 23:22:00.270,1.38314,1.38338,1.00,1.00
2015.03.16 23:22:00.372,1.38315,1.38343,1.87,1.50
2015.03.16 23:22:00.423,1.38315,1.38343,1.87,1.50
2015.03.16 23:22:00.474,1.38315,1.38343,1.50,1.37
2015.03.16 23:22:00.525,1.38315,1.38344,1.50,3.00
2015.03.16 23:22:00.626,1.38314,1.38341,1.87,1.00
2015.03.16 23:22:00.677,1.38314,1.38341,1.87,1.00
2015.03.16 23:22:00.779,1.38316,1.38343,1.37,1.00
2015.03.16 23:22:01.297,1.38316,1.38344,1.37,1.50
2015.03.16 23:22:02.326,1.38316,1.38344,1.00,1.50
2015.03.16 23:22:02.806,1.38314,1.3834,1.00,1.50
2015.03.16 23:22:03.110,1.38314,1.38343,2.62,1.00
2015.03.16 23:22:05.808,1.38314,1.38341,1.12,1.37
2015.03.16 23:22:05.910,1.38314,1.38342,1.37,2.25
2015.03.16 23:22:06.415,1.38316,1.38343,1.37,1.00
2015.03.16 23:22:14.405,1.38316,1.38343,1.50,1.00
2015.03.16 23:22:15.101,1.38316,1.38343,1.87,1.00
2015.03.16 23:22:16.919,1.38316,1.38343,1.12,1.00
2015.03.16 23:22:24.411,1.38316,1.38343,1.12,1.50
2015.03.16 23:22:25.915,1.38316,1.38343,1.12,1.50
2015.03.16 23:22:26.456,1.38317,1.38343,1.00,1.00
2015.03.16 23:22:46.585,1.38315,1.38344,1.87,1.37
2015.03.16 23:22:47.131,1.38316,1.38344,1.00,1.37
2015.03.16 23:22:47.182,1.38318,1.38345,1.00,1.87
2015.03.16 23:22:54.307,1.38318,1.38345,1.00,1.87
2015.03.16 23:22:56.556,1.38319,1.38344,1.00,1.00
2015.03.16 23:22:57.691,1.3832,1.38345,1.00,1.37
2015.03.16 23:23:02.859,1.3832,1.38342,1.00,1.00
2015.03.16 23:23:03.369,1.38319,1.38343,1.50,1.00
2015.03.16 23:23:20.569,1.38319,1.38342,1.50,1.00
2015.03.16 23:23:20.721,1.38317,1.38342,1.50,1.00
2015.03.16 23:23:20.822,1.38317,1.38339,1.00,1.37
2015.03.16 23:23:21.025,1.38319,1.38342,1.50,1.00
2015.03.16 23:23:21.983,1.38319,1.38344,1.00,1.37
2015.03.16 23:23:26.404,1.38319,1.38344,1.37,1.87
2015.03.16 23:23:34.739,1.38319,1.38344,1.37,1.37
2015.03.16 23:23:54.889,1.38321,1.38347,1.37,1.50
2015.03.16 23:23:58.355,1.38321,1.38343,1.37,1.00
2015.03.16 23:24:00.515,1.38321,1.38346,1.37,1.37
2015.03.16 23:24:01.058,1.3832,1.38344,1.87,1.12
2015.03.16 23:24:01.789,1.3832,1.38344,1.87,1.37
2015.03.16 23:24:01.891,1.38318,1.38345,1.87,1.37
2015.03.16 23:24:03.035,1.38327,1.38347,1.00,1.50
2015.03.16 23:24:03.187,1.38333,1.38356,1.37,1.00
2015.03.16 23:24:03.593,1.38333,1.38354,1.37,1.00
2015.03.16 23:24:04.209,1.38333,1.38354,1.87,1.00
2015.03.16 23:24:08.577,1.38333,1.3836,1.87,1.00
2015.03.16 23:24:09.089,1.38336,1.38358,1.87,1.00
2015.03.16 23:24:09.639,1.38336,1.38359,1.87,1.00
2015.03.16 23:24:11.377,1.38339,1.38359,1.00,1.00
2015.03.16 23:24:14.131,1.38336,1.38359,1.50,1.00
2015.03.16 23:24:14.485,1.38332,1.38357,1.37,1.00
2015.03.16 23:24:14.586,1.38332,1.38359,1.37,1.50
2015.03.16 23:24:15.216,1.38332,1.38358,1.37,1.00
2015.03.16 23:24:16.318,1.38334,1.38358,1.12,1.00
2015.03.16 23:24:17.133,1.38334,1.38358,1.37,1.00
2015.03.16 23:24:17.234,1.38334,1.38358,1.12,1.00
2015.03.16 23:24:18.424,1.38334,1.38358,1.37,1.00
2015.03.16 23:24:18.959,1.38334,1.38358,1.37,1.00
2015.03.16 23:24:22.829,1.38334,1.38358,1.12,1.12
2015.03.16 23:24:32.711,1.38331,1.38358,1.87,1.00
2015.03.16 23:24:33.017,1.38337,1.38364,1.00,1.37
2015.03.16 23:24:34.135,1.3835,1.38364,1.00,1.37
2015.03.16 23:24:35.813,1.38347,1.38364,1.50,1.37
2015.03.16 23:24:36.609,1.38349,1.38364,1.00,1.37
2015.03.16 23:24:37.976,1.38349,1.38364,1.50,1.12
2015.03.16 23:24:38.088,1.38349,1.38364,1.50,1.37
2015.03.16 23:24:40.742,1.38347,1.38364,1.12,1.37
2015.03.16 23:24:41.247,1.38343,1.38364,2.62,1.37
2015.03.16 23:24:41.601,1.38346,1.38364,1.12,1.37
2015.03.16 23:24:42.548,1.38344,1.38364,1.00,1.37
2015.03.16 23:24:42.820,1.38349,1.38364,1.00,1.87
2015.03.16 23:24:50.287,1.38349,1.38364,1.00,1.37
2015.03.16 23:24:51.145,1.38346,1.38366,1.87,1.37
2015.03.16 23:24:51.348,1.38349,1.38366,1.00,1.37
2015.03.16 23:24:52.699,1.38345,1.38366,1.37,1.37
2015.03.16 23:24:54.748,1.38345,1.38367,1.12,1.87
2015.03.16 23:24:55.669,1.38346,1.38366,1.87,1.37
2015.03.16 23:24:57.879,1.38344,1.38367,1.00,1.87
2015.03.16 23:24:58.390,1.38344,1.38366,1.37,1.87
2015.03.16 23:25:00.441,1.38344,1.38366,1.12,1.37
2015.03.16 23:25:03.846,1.38346,1.38366,1.00,1.87
2015.03.16 23:25:04.383,1.38342,1.38366,1.37,1.37
2015.03.16 23:25:04.687,1.38342,1.38366,1.37,1.87
2015.03.16 23:25:05.365,1.38342,1.38366,1.37,1.87
2015.03.16 23:25:08.614,1.38342,1.38366,1.37,1.87
2015.03.16 23:25:09.293,1.38342,1.38366,1.37,1.87
2015.03.16 23:25:09.933,1.38344,1.38365,1.87,1.37
2015.03.16 23:25:14.708,1.38344,1.38365,1.50,1.37
2015.03.16 23:25:21.858,1.38344,1.38367,1.50,1.12
2015.03.16 23:25:21.909,1.38347,1.38367,1.00,1.00
2015.03.16 23:25:22.421,1.38347,1.38368,1.00,1.00
2015.03.16 23:25:31.719,1.38348,1.38368,1.50,1.00
2015.03.16 23:25:32.164,1.38348,1.38363,1.50,1.00
2015.03.16 23:25:36.502,1.38346,1.38363,1.00,1.00
2015.03.16 23:25:39.731,1.38343,1.38363,2.62,1.00
2015.03.16 23:25:39.937,1.38346,1.38363,1.12,1.00
2015.03.16 23:25:40.242,1.3835,1.38363,1.00,1.00
2015.03.16 23:25:41.947,1.38348,1.38363,1.12,1.00
2015.03.16 23:25:49.527,1.3835,1.38363,1.00,1.00
2015.03.16 23:25:50.043,1.3835,1.38362,1.00,1.00
2015.03.16 23:25:50.376,1.38352,1.38362,1.00,1.00
2015.03.16 23:25:53.252,1.38352,1.38365,1.00,1.00
2015.03.16 23:25:57.853,1.38349,1.38368,1.00,1.00
2015.03.16 23:25:58.056,1.38349,1.38371,1.00,1.00
2015.03.16 23:25:58.209,1.38349,1.38374,1.00,1.00
2015.03.16 23:25:58.260,1.38357,1.38374,1.00,1.00
2015.03.16 23:25:58.464,1.38357,1.38376,1.00,1.00
2015.03.16 23:25:58.616,1.38357,1.38374,1.00,1.00
2015.03.16 23:25:59.161,1.38356,1.38374,1.00,1.00
2015.03.16 23:25:59.697,1.38356,1.38373,1.00,1.00
2015.03.16 23:26:00.542,1.38356,1.38371,1.00,1.00
2015.03.16 23:26:00.593,1.38356,1.38374,1.00,1.00
2015.03.16 23:26:01.798,1.38356,1.38371,1.00,1.00
2015.03.16 23:26:12.128,1.38356,1.38374,1.00,1.00
2015.03.16 23:26:19.448,1.38354,1.38374,1.50,1.00
2015.03.16 23:26:26.178,1.38352,1.38374,1.50,1.00
2015.03.16 23:26:26.825,1.38355,1.38374,1.37,1.00
2015.03.16 23:26:29.094,1.38355,1.38374,1.12,1.00
2015.03.16 23:26:30.197,1.38355,1.38374,1.37,1.00
2015.03.16 23:26:33.946,1.38355,1.38374,1.37,1.00
2015.03.16 23:26:34.255,1.3836,1.38374,1.00,1.00
2015.03.16 23:26:35.900,1.38362,1.38377,1.50,1.00
2015.03.16 23:26:36.002,1.3836,1.38377,1.50,1.00
2015.03.16 23:26:36.338,1.3836,1.38371,1.50,1.00
2015.03.16 23:26:38.768,1.3836,1.38372,1.50,1.00
2015.03.16 23:26:41.287,1.3836,1.38371,1.50,1.00
2015.03.16 23:26:46.023,1.38358,1.38371,1.12,1.00
2015.03.16 23:26:48.940,1.38355,1.38371,1.37,1.00
2015.03.16 23:26:53.631,1.38353,1.38371,1.37,1.00
2015.03.16 23:26:54.500,1.38353,1.38372,1.37,1.00
2015.03.16 23:26:55.008,1.38353,1.38372,1.37,1.00
2015.03.16 23:26:59.668,1.38353,1.38373,1.37,1.00
2015.03.16 23:27:00.088,1.38353,1.38377,1.87,1.00
2015.03.16 23:27:00.343,1.38359,1.38382,1.00,1.12
2015.03.16 23:27:00.444,1.38355,1.38381,1.37,1.87
2015.03.16 23:27:00.748,1.38355,1.3837,1.37,1.00
2015.03.16 23:27:00.904,1.38351,1.38373,1.50,1.00
2015.03.16 23:27:11.530,1.38352,1.38374,1.37,1.00
2015.03.16 23:27:12.078,1.38352,1.38372,1.37,1.00
2015.03.16 23:27:13.541,1.38352,1.38373,1.37,1.00
2015.03.16 23:27:14.381,1.38353,1.38373,1.87,1.00
2015.03.16 23:27:15.465,1.38353,1.38373,1.87,1.00
2015.03.16 23:27:16.252,1.38353,1.38373,1.87,1.00
2015.03.16 23:27:16.570,1.38353,1.38373,1.50,1.00
2015.03.16 23:27:16.826,1.38353,1.38371,1.50,1.00
2015.03.16 23:27:17.548,1.38355,1.38371,1.00,1.00
2015.03.16 23:27:18.066,1.38356,1.38371,1.00,1.00
2015.03.16 23:27:18.832,1.38356,1.38376,1.00,1.00
2015.03.16 23:27:19.340,1.38357,1.38376,1.00,1.00
2015.03.16 23:27:19.848,1.38358,1.38376,1.00,1.00
2015.03.16 23:27:21.228,1.38356,1.38376,1.00,1.12
2015.03.16 23:27:21.330,1.38352,1.38369,1.00,1.00
2015.03.16 23:27:21.381,1.38349,1.38369,1.25,1.00
2015.03.16 23:27:21.433,1.38346,1.38369,1.50,1.00
2015.03.16 23:27:21.536,1.3835,1.38372,1.00,1.00
2015.03.16 23:27:21.849,1.3835,1.38364,1.00,1.00
2015.03.16 23:27:21.902,1.3835,1.38367,1.00,1.00
2015.03.16 23:27:22.462,1.3835,1.38365,1.00,1.00
2015.03.16 23:27:23.821,1.3835,1.38365,1.37,1.00
2015.03.16 23:27:24.493,1.38349,1.38365,1.37,1.00
2015.03.16 23:27:25.876,1.38349,1.38364,1.37,1.00
2015.03.16 23:27:27.944,1.38349,1.38364,1.37,1.00
2015.03.16 23:27:28.135,1.38349,1.38364,1.37,1.00
2015.03.16 23:27:28.338,1.38348,1.38364,1.00,1.00
2015.03.16 23:27:28.542,1.38348,1.38364,1.37,1.00
2015.03.16 23:27:29.708,1.38348,1.38364,1.50,1.00
2015.03.16 23:27:29.810,1.38353,1.38368,1.37,1.00
2015.03.16 23:27:30.331,1.38353,1.38369,1.37,1.00
2015.03.16 23:27:30.587,1.38354,1.38367,1.37,1.00
2015.03.16 23:27:34.921,1.38354,1.38367,1.00,1.00
2015.03.16 23:27:39.418,1.38354,1.38367,1.37,1.00
2015.03.16 23:27:40.118,1.38354,1.38367,1.37,1.00
2015.03.16 23:27:41.161,1.38352,1.38367,1.12,1.00
2015.03.16 23:27:41.566,1.3835,1.38366,1.12,1.00
2015.03.16 23:27:42.072,1.38347,1.38366,1.37,1.00
2015.03.16 23:27:42.843,1.38347,1.38366,1.37,1.00
2015.03.16 23:28:23.373,1.38348,1.38368,1.37,1.00
2015.03.16 23:28:24.145,1.38348,1.38368,1.37,1.00
2015.03.16 23:28:29.090,1.38348,1.38368,1.00,1.00
2015.03.16 23:28:29.445,1.38348,1.38364,1.00,1.00
2015.03.16 23:28:29.648,1.38348,1.38368,1.00,1.12
2015.03.16 23:28:30.444,1.38348,1.38366,1.00,1.00
2015.03.16 23:28:31.215,1.38348,1.38365,1.00,1.00
2015.03.16 23:28:31.316,1.38348,1.38368,1.00,1.00
2015.03.16 23:28:31.874,1.38348,1.38367,1.00,1.00
2015.03.16 23:28:32.045,1.38348,1.38365,1.00,1.00
2015.03.16 23:28:33.005,1.38343,1.38365,1.50,1.00
2015.03.16 23:28:40.202,1.38343,1.38367,1.50,1.00
2015.03.16 23:28:54.388,1.38342,1.38367,1.12,1.00
2015.03.16 23:28:55.693,1.38344,1.38367,1.00,1.00
2015.03.16 23:28:57.175,1.38344,1.38366,1.00,1.00
2015.03.16 23:29:01.879,1.3834,1.38366,1.12,1.00
2015.03.16 23:29:02.582,1.3834,1.38364,1.12,1.00
2015.03.16 23:29:07.825,1.3834,1.38366,1.12,1.37
2015.03.16 23:29:07.978,1.38344,1.3837,1.12,1.00
2015.03.16 23:29:08.130,1.38347,1.38368,1.00,1.00
2015.03.16 23:29:08.434,1.38352,1.38373,1.12,1.00
2015.03.16 23:29:08.485,1.3835,1.38376,1.87,1.00
2015.03.16 23:29:08.587,1.38354,1.38379,1.00,1.00
2015.03.16 23:29:08.689,1.38356,1.38379,1.12,1.00
2015.03.16 23:29:08.995,1.38359,1.3838,1.00,1.00
2015.03.16 23:29:09.541,1.38359,1.38379,1.00,1.00
2015.03.16 23:29:12.119,1.38363,1.38379,1.00,1.00
2015.03.16 23:29:13.848,1.38363,1.38381,1.00,1.12
2015.03.16 23:29:14.002,1.38359,1.38379,1.50,1.00
2015.03.16 23:29:14.106,1.38363,1.38381,1.00,1.00
2015.03.16 23:29:14.208,1.38361,1.38381,1.00,1.50
2015.03.16 23:29:14.259,1.38361,1.38379,1.00,1.00
2015.03.16 23:29:14.564,1.3836,1.3837,1.00,1.00
2015.03.16 23:29:14.876,1.3836,1.38374,1.00,1.00
2015.03.16 23:29:15.592,1.3836,1.38371,1.00,1.00
2015.03.16 23:29:15.643,1.3836,1.38374,1.00,1.00
2015.03.16 23:29:16.134,1.38357,1.38374,1.50,1.00
2015.03.16 23:29:16.505,1.3836,1.38374,1.00,1.00
2015.03.16 23:29:16.963,1.3836,1.38378,1.00,1.37
2015.03.16 23:29:17.421,1.38362,1.38377,1.00,1.00
2015.03.16 23:29:17.523,1.38365,1.38384,1.00,1.50
2015.03.16 23:29:17.625,1.38367,1.38386,1.00,1.50
2015.03.16 23:29:17.778,1.38364,1.38386,1.00,1.00
2015.03.16 23:29:17.829,1.38364,1.38384,1.50,1.00
2015.03.16 23:29:18.133,1.38366,1.38382,1.00,1.00
2015.03.16 23:29:18.690,1.38366,1.38384,1.00,1.12
2015.03.16 23:29:20.571,1.38364,1.38384,1.00,1.12
2015.03.16 23:29:20.623,1.38363,1.3838,1.00,1.00
2015.03.16 23:29:25.856,1.38362,1.3838,1.00,1.00
2015.03.16 23:29:26.163,1.3837,1.38388,1.00,1.00
2015.03.16 23:29:26.214,1.3837,1.3839,1.00,1.00
2015.03.16 23:29:26.468,1.38368,1.38391,1.00,1.00
2015.03.16 23:29:26.570,1.3837,1.38392,1.00,1.50
2015.03.16 23:29:26.874,1.38374,1.38386,1.00,1.00
2015.03.16 23:29:26.925,1.38371,1.38386,1.00,1.00
2015.03.16 23:29:27.077,1.38371,1.38388,1.00,1.00
2015.03.16 23:29:27.129,1.38366,1.38387,1.00,1.00
2015.03.16 23:29:27.230,1.38364,1.38385,1.00,1.00
2015.03.16 23:29:27.950,1.38365,1.38383,1.00,1.00
2015.03.16 23:29:28.001,1.38361,1.38381,1.00,1.00
2015.03.16 23:29:28.407,1.38359,1.38379,1.00,1.00
2015.03.16 23:29:30.743,1.38358,1.38376,1.50,1.00
2015.03.16 23:29:31.204,1.38358,1.38376,1.50,1.37
2015.03.16 23:29:31.306,1.38356,1.38376,1.50,1.37
2015.03.16 23:29:31.458,1.38354,1.38372,1.00,1.12
2015.03.16 23:29:33.001,1.38355,1.38374,1.00,1.37
2015.03.16 23:29:33.052,1.38355,1.38374,1.00,1.00
2015.03.16 23:29:33.803,1.38356,1.38374,1.00,1.12
2015.03.16 23:29:33.955,1.38352,1.38372,2.25,1.00
2015.03.16 23:29:34.473,1.38353,1.38371,1.00,1.00
2015.03.16 23:29:36.815,1.38358,1.38378,1.37,1.00
2015.03.16 23:29:36.917,1.38361,1.38381,1.12,1.00
2015.03.16 23:29:37.228,1.38358,1.38379,1.00,1.00
2015.03.16 23:29:37.329,1.38362,1.38382,1.00,1.00
2015.03.16 23:29:37.634,1.38365,1.38383,1.37,1.00
2015.03.16 23:29:37.786,1.38368,1.38388,1.00,1.00
2015.03.16 23:29:37.940,1.3837,1.38388,1.00,1.00
2015.03.16 23:29:38.099,1.3837,1.3839,1.50,1.50
2015.03.16 23:29:38.865,1.3837,1.38388,1.00,1.00
2015.03.16 23:29:38.916,1.38368,1.38388,1.00,1.00
2015.03.16 23:29:38.967,1.38365,1.38386,1.37,1.50
2015.03.16 23:29:39.271,1.38368,1.38386,1.00,1.00
2015.03.16 23:29:39.423,1.38365,1.38388,1.87,1.00
2015.03.16 23:29:39.524,1.38365,1.38385,1.87,1.00
2015.03.16 23:29:39.777,1.38367,1.38387,1.00,1.00
2015.03.16 23:29:44.416,1.38369,1.38387,1.00,1.00
2015.03.16 23:29:44.467,1.3837,1.38389,1.00,1.00
2015.03.16 23:29:44.721,1.38371,1.38391,1.50,1.00
2015.03.16 23:29:45.596,1.38371,1.38388,1.00,1.00
2015.03.16 23:29:47.130,1.38371,1.38387,1.00,1.00
2015.03.16 23:29:47.795,1.38371,1.3839,1.00,1.00
2015.03.16 23:29:48.712,1.38375,1.3839,1.00,1.00
2015.03.16 23:29:48.763,1.38375,1.38393,1.12,1.00
2015.03.16 23:29:48.865,1.38375,1.38395,1.00,1.00
2015.03.16 23:29:49.017,1.38379,1.38395,1.00,1.00
2015.03.16 23:29:49.118,1.38381,1.38401,1.00,1.00
2015.03.16 23:29:49.641,1.38382,1.38402,1.00,1.00
2015.03.16 23:29:50.728,1.38382,1.384,1.00,1.00
2015.03.16 23:29:51.244,1.38383,1.38401,1.00,1.00
2015.03.16 23:29:51.752,1.38382,1.38403,1.00,1.00
2015.03.16 23:29:56.901,1.38382,1.38402,1.00,1.00
2015.03.16 23:29:57.407,1.38382,1.38403,1.50,1.00
2015.03.16 23:29:58.971,1.38383,1.38403,1.00,1.00
2015.03.16 23:30:00.437,1.3838,1.38403,1.00,1.50
2015.03.16 23:30:00.488,1.3838,1.38401,1.12,1.00
2015.03.16 23:30:00.742,1.38374,1.38396,1.50,1.00
2015.03.16 23:30:00.793,1.38374,1.38393,1.00,1.00
2015.03.16 23:30:01.097,1.3837,1.38386,1.87,1.00
2015.03.16 23:30:01.249,1.3837,1.38386,1.00,1.00
2015.03.16 23:30:01.452,1.3837,1.38384,1.00,1.00
2015.03.16 23:30:01.554,1.38368,1.38384,1.00,1.00
2015.03.16 23:30:01.859,1.3837,1.38391,1.00,1.00
2015.03.16 23:30:02.400,1.38372,1.38392,1.87,1.00
2015.03.16 23:30:02.502,1.38372,1.38392,1.50,1.00
2015.03.16 23:30:02.553,1.38372,1.38392,1.37,1.00
2015.03.16 23:30:02.655,1.38375,1.38395,1.00,1.50
2015.03.16 23:30:02.858,1.38375,1.38392,1.12,1.00
2015.03.16 23:30:03.390,1.38376,1.38392,1.00,1.00
2015.03.16 23:30:04.728,1.38378,1.38392,1.00,1.00
2015.03.16 23:30:06.501,1.38377,1.38392,1.00,1.00
2015.03.16 23:30:07.047,1.38375,1.38392,1.87,1.00
2015.03.16 23:30:07.654,1.38376,1.38392,1.00,1.00
2015.03.16 23:30:08.135,1.38378,1.38392,1.00,1.00
2015.03.16 23:30:08.991,1.38375,1.38392,1.87,1.00
2015.03.16 23:30:09.118,1.38378,1.38392,1.00,1.00
2015.03.16 23:30:13.061,1.38376,1.38392,1.00,1.00
2015.03.16 23:30:13.568,1.38377,1.38392,1.00,1.00
2015.03.16 23:30:14.928,1.38375,1.38392,1.12,1.00
2015.03.16 23:30:15.081,1.38378,1.38392,1.00,1.00
2015.03.16 23:30:15.638,1.38376,1.38391,1.00,1.00
2015.03.16 23:30:15.842,1.38375,1.38393,1.37,1.00
2015.03.16 23:30:15.893,1.38375,1.38393,1.50,1.00
2015.03.16 23:30:16.045,1.3838,1.38396,1.37,1.00
2015.03.16 23:30:16.400,1.3838,1.38394,1.37,1.00
2015.03.16 23:30:17.404,1.3838,1.38394,1.00,1.00
2015.03.16 23:30:17.606,1.3838,1.38392,1.37,1.00
2015.03.16 23:30:23.028,1.3838,1.38392,1.37,1.00
2015.03.16 23:30:25.304,1.38377,1.38393,1.87,1.00
2015.03.16 23:30:25.406,1.38377,1.38389,1.87,1.00
2015.03.16 23:30:25.915,1.38378,1.38389,1.37,1.00
2015.03.16 23:30:30.323,1.38379,1.38389,1.37,1.00
2015.03.16 23:30:30.828,1.38377,1.38389,1.37,1.00
2015.03.16 23:30:32.765,1.38379,1.38391,1.37,1.00
2015.03.16 23:30:34.334,1.38381,1.38391,1.12,1.00
2015.03.16 23:30:34.486,1.38381,1.38391,1.12,1.37
2015.03.16 23:30:34.739,1.38376,1.38385,1.00,1.00
2015.03.16 23:30:34.841,1.38374,1.38385,1.12,1.00
2015.03.16 23:30:35.195,1.38371,1.38382,1.37,1.00
2015.03.16 23:30:35.397,1.3837,1.38387,1.37,1.00
2015.03.16 23:30:35.499,1.38377,1.38387,1.00,1.00
2015.03.16 23:30:35.651,1.38374,1.38387,1.12,1.00
2015.03.16 23:30:36.198,1.38373,1.38387,1.00,1.00
2015.03.16 23:30:36.511,1.38371,1.38386,1.37,1.00
2015.03.16 23:30:37.636,1.38372,1.38387,1.37,1.00
2015.03.16 23:30:41.935,1.38372,1.38387,1.75,1.00
2015.03.16 23:30:42.036,1.38375,1.38393,1.37,1.00
2015.03.16 23:30:42.239,1.38376,1.38391,1.37,1.00
2015.03.16 23:30:42.340,1.38376,1.38394,1.37,1.50
2015.03.16 23:30:42.882,1.38376,1.38394,1.37,1.50
2015.03.16 23:30:45.119,1.38376,1.38394,1.00,1.50
2015.03.16 23:30:45.804,1.38377,1.38393,1.00,1.00
2015.03.16 23:30:59.945,1.38377,1.38393,1.37,1.00
2015.03.16 23:31:00.249,1.38381,1.38391,1.00,1.00
2015.03.16 23:31:00.300,1.38381,1.38393,1.00,1.00
2015.03.16 23:31:00.604,1.38382,1.38395,1.00,1.00
2015.03.16 23:31:00.706,1.38382,1.38397,1.00,1.00
2015.03.16 23:31:00.807,1.38382,1.38395,1.00,1.00
2015.03.16 23:31:01.389,1.38384,1.38395,1.00,1.00
2015.03.16 23:31:01.595,1.38381,1.38397,1.00,1.00
2015.03.16 23:31:02.123,1.38381,1.38399,1.00,1.50
2015.03.16 23:31:16.592,1.38381,1.38399,1.37,1.00
2015.03.16 23:31:20.157,1.38381,1.38399,1.75,1.00
2015.03.16 23:31:20.309,1.38385,1.38404,1.00,1.00
2015.03.16 23:31:20.612,1.38389,1.38407,1.00,1.50
2015.03.16 23:31:21.142,1.38391,1.38407,1.00,1.50
2015.03.16 23:31:21.497,1.38389,1.38407,1.00,1.50
2015.03.16 23:31:25.798,1.3839,1.38407,1.00,1.00
2015.03.16 23:31:26.001,1.38392,1.38407,1.00,1.00
2015.03.16 23:31:26.304,1.38396,1.38407,1.00,1.00
2015.03.16 23:31:26.355,1.38396,1.3841,1.00,1.00
2015.03.16 23:31:27.867,1.38396,1.38403,1.00,1.00
2015.03.16 23:31:28.120,1.38393,1.38403,1.12,1.00
2015.03.16 23:31:28.222,1.38393,1.38405,1.00,1.00
2015.03.16 23:31:28.323,1.38393,1.38401,1.00,1.00
2015.03.16 23:31:28.628,1.38391,1.38399,1.00,1.00
2015.03.16 23:31:30.536,1.38394,1.38399,1.00,1.00
2015.03.16 23:31:30.637,1.38392,1.38399,1.00,1.00
2015.03.16 23:31:31.093,1.38392,1.38402,1.00,1.00
2015.03.16 23:31:32.504,1.38394,1.38402,1.00,1.00
2015.03.16 23:31:32.605,1.38392,1.38402,1.00,1.00
2015.03.16 23:31:34.742,1.38393,1.38402,1.00,1.00
2015.03.16 23:31:34.843,1.38391,1.38402,1.12,1.00
2015.03.16 23:31:36.437,1.38393,1.38402,1.00,1.00
2015.03.16 23:31:36.589,1.38391,1.38402,1.12,1.00
2015.03.16 23:31:38.343,1.38394,1.38402,1.00,1.00
2015.03.16 23:31:38.445,1.38392,1.38402,1.00,1.00
2015.03.16 23:31:38.950,1.38391,1.38402,1.12,1.00
2015.03.16 23:31:40.509,1.38394,1.38402,1.00,1.00
2015.03.16 23:31:40.662,1.38391,1.38401,1.12,1.00
2015.03.16 23:31:41.429,1.38394,1.38401,1.00,1.00
2015.03.16 23:31:41.531,1.38392,1.38401,1.00,1.00
2015.03.16 23:31:42.664,1.38392,1.38404,1.00,1.00
2015.03.16 23:31:43.080,1.38391,1.38407,1.00,1.00
2015.03.16 23:31:44.182,1.38393,1.38407,1.00,1.00
2015.03.16 23:31:44.284,1.38391,1.38407,1.00,1.00
2015.03.16 23:31:46.046,1.38392,1.38407,1.00,1.00
2015.03.16 23:31:49.207,1.38388,1.38403,1.00,1.00
2015.03.16 23:31:52.532,1.38388,1.38402,1.00,1.00
2015.03.16 23:31:53.724,1.38388,1.38404,1.87,1.00
2015.03.16 23:31:53.826,1.3839,1.38406,1.00,1.00
2015.03.16 23:31:54.079,1.38391,1.38408,1.00,1.00
2015.03.16 23:31:54.181,1.38391,1.3841,1.00,1.50
2015.03.16 23:31:56.384,1.38391,1.38409,1.00,1.00
2015.03.16 23:31:57.997,1.38394,1.38409,1.00,1.00
2015.03.16 23:31:58.107,1.38391,1.38409,1.00,1.50
2015.03.16 23:31:59.990,1.38393,1.38409,1.00,1.00
2015.03.16 23:32:00.092,1.38393,1.38411,1.00,1.50
2015.03.16 23:32:04.828,1.38393,1.38409,1.00,1.00
2015.03.16 23:32:05.132,1.3839,1.38406,1.00,1.00
2015.03.16 23:32:05.438,1.3839,1.38402,1.00,1.00
2015.03.16 23:32:05.490,1.38388,1.38402,1.25,1.00
2015.03.16 23:32:15.166,1.3839,1.38402,1.00,1.00
2015.03.16 23:32:15.941,1.38388,1.38402,1.00,1.00
2015.03.16 23:32:19.561,1.38388,1.38403,1.00,1.00
2015.03.16 23:32:20.133,1.38389,1.38403,1.00,1.00
2015.03.16 23:32:21.787,1.38389,1.38405,1.00,1.50
2015.03.16 23:32:27.736,1.38388,1.38405,1.00,1.12
2015.03.16 23:32:28.013,1.38388,1.38405,1.00,1.37
2015.03.16 23:32:31.492,1.38388,1.38405,1.00,1.12
2015.03.16 23:32:32.018,1.38387,1.38405,1.00,1.87
2015.03.16 23:32:33.837,1.38387,1.38405,1.00,1.37
2015.03.16 23:32:39.339,1.38387,1.38405,1.00,1.00
2015.03.16 23:32:39.956,1.38392,1.38408,1.00,1.87
2015.03.16 23:32:40.007,1.38392,1.38408,1.00,1.87
2015.03.16 23:32:40.362,1.38394,1.38408,1.00,1.00
2015.03.16 23:32:41.021,1.38392,1.3841,1.00,1.37
2015.03.16 23:32:41.122,1.38394,1.3841,1.00,1.37
2015.03.16 23:32:46.714,1.38394,1.3841,1.00,1.37
2015.03.16 23:32:48.457,1.38394,1.3841,1.00,1.12
2015.03.16 23:32:48.610,1.3839,1.38407,1.00,1.00
2015.03.16 23:32:49.408,1.38386,1.38407,1.25,1.00
2015.03.16 23:32:49.942,1.38386,1.38406,1.25,1.12
2015.03.16 23:32:49.993,1.38386,1.38406,1.19,1.12
2015.03.16 23:32:50.095,1.38386,1.38406,1.00,1.12
2015.03.16 23:32:50.298,1.38385,1.38404,1.00,1.00
2015.03.16 23:32:50.602,1.38379,1.38398,1.19,1.00
2015.03.16 23:32:52.267,1.38384,1.38398,1.00,1.00
2015.03.16 23:32:53.590,1.38384,1.38402,1.00,1.50
2015.03.16 23:32:58.434,1.38384,1.384,1.00,1.00
2015.03.16 23:32:58.735,1.38384,1.38398,1.00,1.00
2015.03.16 23:33:03.665,1.38382,1.38398,1.00,1.00
2015.03.16 23:33:03.966,1.38385,1.38398,1.00,1.00
2015.03.16 23:33:04.571,1.38385,1.38397,1.00,1.00
2015.03.16 23:33:05.378,1.38381,1.38397,1.00,1.00
2015.03.16 23:33:05.842,1.38378,1.38396,1.25,1.00
2015.03.16 23:33:06.046,1.38376,1.38394,1.19,1.00
2015.03.16 23:33:06.147,1.38378,1.38396,1.00,1.00
2015.03.16 23:33:06.299,1.38376,1.38394,1.19,1.00
2015.03.16 23:33:06.842,1.38376,1.38394,1.00,1.00
2015.03.16 23:33:07.649,1.38378,1.38394,1.00,1.00
2015.03.16 23:33:09.130,1.38378,1.38394,1.37,1.00
2015.03.16 23:33:09.602,1.38378,1.38394,1.37,1.00
2015.03.16 23:33:09.906,1.38379,1.38397,1.37,1.00
2015.03.16 23:33:10.805,1.38379,1.38397,1.12,1.00
2015.03.16 23:33:11.776,1.38379,1.38397,1.50,1.50
2015.03.16 23:33:12.079,1.38387,1.38405,1.37,1.00
2015.03.16 23:33:17.174,1.38387,1.38405,1.37,1.37
2015.03.16 23:33:26.718,1.38387,1.38405,1.00,1.87
2015.03.16 23:33:30.828,1.38387,1.38405,1.00,1.37
2015.03.16 23:33:31.031,1.38385,1.38403,1.25,1.00
2015.03.16 23:33:31.345,1.38389,1.38405,1.00,1.00
2015.03.16 23:33:31.446,1.3839,1.38407,1.00,1.00
2015.03.16 23:33:31.699,1.38392,1.38407,1.00,1.00
2015.03.16 23:33:31.801,1.38389,1.38407,1.00,1.00
2015.03.16 23:33:34.011,1.38391,1.38407,1.00,1.00
2015.03.16 23:33:38.266,1.38393,1.38407,1.00,1.00
2015.03.16 23:33:39.695,1.38393,1.38408,1.00,1.00
2015.03.16 23:33:42.007,1.38391,1.38408,1.00,1.50
2015.03.16 23:33:42.115,1.38393,1.38408,1.00,1.00
2015.03.16 23:33:42.894,1.3839,1.38408,1.00,1.00
2015.03.16 23:33:43.147,1.3839,1.38406,1.00,1.00
2015.03.16 23:33:44.154,1.3839,1.38405,1.00,1.00
2015.03.16 23:33:44.255,1.38387,1.38405,1.00,1.50
2015.03.16 23:33:44.670,1.38387,1.38403,1.00,1.00
2015.03.16 23:33:45.189,1.38388,1.38404,1.00,1.00
2015.03.16 23:33:45.341,1.38385,1.38403,1.25,1.00
2015.03.16 23:33:52.672,1.38389,1.38407,1.00,1.00
2015.03.16 23:33:53.604,1.38391,1.38407,1.00,1.00
2015.03.16 23:33:54.258,1.38388,1.38407,1.12,1.00
2015.03.16 23:33:54.360,1.38387,1.38405,1.62,1.00
2015.03.16 23:33:54.563,1.38387,1.38407,1.62,1.00
2015.03.16 23:33:54.664,1.38392,1.38408,1.00,1.00
2015.03.16 23:33:55.305,1.38392,1.38409,1.00,1.00
2015.03.16 23:33:56.349,1.3839,1.38408,1.00,1.00
2015.03.16 23:33:56.451,1.38388,1.38405,1.31,1.00
2015.03.16 23:33:57.455,1.38388,1.38404,1.31,1.00
2015.03.16 23:33:58.080,1.38388,1.38404,1.62,1.00
2015.03.16 23:33:58.182,1.38387,1.38407,1.37,1.00
2015.03.16 23:33:58.955,1.38388,1.38406,1.37,1.00
2015.03.16 23:34:03.270,1.38388,1.38406,1.00,1.00
2015.03.16 23:34:03.372,1.38393,1.38409,1.00,1.37
2015.03.16 23:34:03.473,1.38389,1.38407,1.00,1.50
2015.03.16 23:34:04.141,1.38387,1.38406,1.00,1.00
2015.03.16 23:34:04.253,1.3839,1.38408,1.00,1.00
2015.03.16 23:34:05.579,1.38388,1.38405,1.00,1.00
2015.03.16 23:34:05.899,1.3839,1.38406,1.00,1.00
2015.03.16 23:34:06.001,1.38387,1.38405,1.00,1.00
2015.03.16 23:34:06.102,1.38391,1.38407,1.00,1.00
2015.03.16 23:34:06.355,1.38389,1.38407,1.00,1.00
2015.03.16 23:34:13.794,1.38389,1.38404,1.00,1.00
2015.03.16 23:34:13.845,1.38387,1.38404,1.00,1.00
2015.03.16 23:34:13.947,1.38386,1.38402,1.00,1.00
2015.03.16 23:34:14.352,1.38384,1.384,1.00,1.00
2015.03.16 23:34:16.704,1.38385,1.38403,1.00,1.00
2015.03.16 23:34:17.368,1.38384,1.38402,1.00,1.00
2015.03.16 23:34:18.525,1.38385,1.38404,1.00,1.00
2015.03.16 23:34:18.577,1.38385,1.38401,1.00,1.00
2015.03.16 23:34:25.377,1.38387,1.38405,1.00,1.00
2015.03.16 23:34:25.681,1.38389,1.38407,1.00,1.00
2015.03.16 23:34:25.834,1.38387,1.38407,1.00,1.00
2015.03.16 23:34:26.731,1.38389,1.3841,1.00,1.69
2015.03.16 23:34:27.241,1.38395,1.3841,1.00,1.00
2015.03.16 23:34:27.860,1.38395,1.38409,1.00,1.00
2015.03.16 23:34:28.317,1.38395,1.38411,1.00,1.50
2015.03.16 23:34:28.860,1.38395,1.38409,1.00,1.00
2015.03.16 23:34:30.061,1.38395,1.3841,1.00,1.00
2015.03.16 23:34:31.746,1.38392,1.3841,1.00,1.50
2015.03.16 23:34:31.848,1.38394,1.3841,1.00,1.50
2015.03.16 23:34:48.119,1.38394,1.3841,1.00,1.87
2015.03.16 23:34:48.230,1.38394,1.3841,1.00,1.87
2015.03.16 23:34:48.739,1.38393,1.3841,1.00,1.37
2015.03.16 23:34:50.364,1.38392,1.3841,1.00,1.87
2015.03.16 23:34:50.882,1.38393,1.3841,1.00,1.37
2015.03.16 23:34:54.316,1.3839,1.38406,1.00,1.00
2015.03.16 23:34:54.418,1.38391,1.38409,1.00,1.12
2015.03.16 23:34:54.941,1.3839,1.38406,1.00,1.37
2015.03.16 23:34:55.245,1.38387,1.38402,1.00,1.00
2015.03.16 23:34:55.599,1.38385,1.38401,1.00,1.12
2015.03.16 23:34:55.751,1.38388,1.38402,1.00,1.37
2015.03.16 23:34:56.276,1.38386,1.38402,1.00,1.87
2015.03.16 23:34:57.648,1.38386,1.38401,1.00,1.37
2015.03.16 23:34:58.819,1.38383,1.384,1.00,1.12
2015.03.16 23:34:59.598,1.38386,1.384,1.00,1.12
2015.03.16 23:34:59.700,1.38383,1.384,1.00,1.12
2015.03.16 23:35:05.165,1.38383,1.38401,1.00,1.00
2015.03.16 23:35:05.317,1.38385,1.38403,1.00,1.00
2015.03.16 23:35:05.918,1.38385,1.38402,1.00,1.00
2015.03.16 23:35:06.737,1.38386,1.38401,1.00,1.00
2015.03.16 23:35:11.260,1.38388,1.38401,1.00,1.00
2015.03.16 23:35:15.076,1.38388,1.384,1.00,1.00
2015.03.16 23:35:15.328,1.38385,1.384,1.00,1.00
2015.03.16 23:35:16.237,1.38386,1.384,1.00,1.00
2015.03.16 23:35:16.591,1.38386,1.38398,1.00,1.00
2015.03.16 23:35:20.687,1.38388,1.38398,1.00,1.00
2015.03.16 23:35:21.141,1.38386,1.38398,1.00,1.00
2015.03.16 23:35:21.557,1.38388,1.38398,1.00,1.00
2015.03.16 23:35:21.658,1.38388,1.384,1.00,1.00
2015.03.16 23:35:25.186,1.38386,1.384,1.00,1.00
2015.03.16 23:35:25.733,1.38387,1.38401,1.00,1.00
2015.03.16 23:35:27.292,1.38386,1.38401,1.00,1.00
2015.03.16 23:35:27.749,1.38389,1.38401,1.00,1.00
2015.03.16 23:35:30.936,1.38389,1.38402,1.00,1.00
2015.03.16 23:35:33.655,1.38386,1.38402,1.00,1.00
2015.03.16 23:35:33.807,1.38389,1.38402,1.00,1.00
2015.03.16 23:35:34.222,1.38385,1.38402,1.12,1.00
2015.03.16 23:35:34.323,1.38389,1.38402,1.00,1.00
2015.03.16 23:35:34.639,1.38389,1.38405,1.00,1.00
2015.03.16 23:35:35.148,1.3839,1.38406,1.00,1.00
2015.03.16 23:35:35.249,1.38386,1.38404,1.00,1.00
2015.03.16 23:35:35.351,1.3839,1.38408,1.00,1.87
2015.03.16 23:35:36.711,1.38391,1.38407,1.00,1.00
2015.03.16 23:35:36.865,1.38388,1.38406,1.00,1.00
2015.03.16 23:35:37.067,1.38384,1.38402,1.12,1.00
2015.03.16 23:35:37.372,1.38386,1.38402,1.00,1.00
2015.03.16 23:35:37.880,1.38387,1.38402,1.00,1.00
2015.03.16 23:35:40.184,1.38385,1.38402,1.00,1.00
2015.03.16 23:35:40.487,1.38388,1.38402,1.00,1.00
2015.03.16 23:35:41.036,1.38387,1.38402,1.00,1.00
2015.03.16 23:35:49.587,1.38387,1.384,1.00,1.00
2015.03.16 23:35:53.816,1.38387,1.38399,1.00,1.00
2015.03.16 23:35:58.059,1.38387,1.38396,1.00,1.00
2015.03.16 23:35:58.203,1.38381,1.38396,1.00,1.00
2015.03.16 23:35:58.557,1.38379,1.38395,1.00,1.00
2015.03.16 23:35:59.203,1.38378,1.38395,1.00,1.00
2015.03.16 23:35:59.410,1.38378,1.38393,1.00,1.00
2015.03.16 23:36:06.702,1.38379,1.38393,1.00,1.00
2015.03.16 23:36:21.599,1.38379,1.38395,1.00,1.00
2015.03.16 23:36:26.659,1.38379,1.38393,1.00,1.00
2015.03.16 23:36:26.772,1.38379,1.38395,1.00,1.50
2015.03.16 23:36:29.354,1.3838,1.38398,1.00,1.50
2015.03.16 23:36:29.456,1.38383,1.38398,1.00,1.00
2015.03.16 23:36:29.795,1.38381,1.38397,1.00,1.00
2015.03.16 23:36:30.100,1.38379,1.38397,1.00,1.00
2015.03.16 23:36:30.712,1.3838,1.38398,1.00,1.50
2015.03.16 23:36:37.894,1.38381,1.38398,1.00,1.00
2015.03.16 23:36:38.047,1.3838,1.38396,1.00,1.00
2015.03.16 23:36:40.126,1.38381,1.38398,1.00,1.00
2015.03.16 23:36:40.636,1.38382,1.38398,1.00,1.00
2015.03.16 23:36:42.782,1.3838,1.38398,1.00,1.00
2015.03.16 23:36:42.986,1.3838,1.38396,1.00,1.00
2015.03.16 23:36:43.189,1.38381,1.38399,1.00,1.00
2015.03.16 23:36:43.695,1.3838,1.38399,1.00,1.50
2015.03.16 23:36:43.746,1.38379,1.38397,1.12,1.00
2015.03.16 23:36:43.949,1.3838,1.38399,1.00,1.00
2015.03.16 23:36:44.385,1.38379,1.38397,1.12,1.00
2015.03.16 23:36:44.741,1.38381,1.38399,1.00,1.00
2015.03.16 23:36:45.196,1.3838,1.38396,1.00,1.00
2015.03.16 23:36:45.399,1.3838,1.38399,1.00,1.00
2015.03.16 23:36:45.905,1.38381,1.38398,1.00,1.00
2015.03.16 23:36:46.006,1.38379,1.38397,1.12,1.00
2015.03.16 23:36:46.057,1.3838,1.38399,1.00,1.00
2015.03.16 23:36:46.512,1.3838,1.38396,1.00,1.00
2015.03.16 23:36:47.591,1.38382,1.38398,1.00,1.00
2015.03.16 23:36:48.234,1.38383,1.38399,1.00,1.00
2015.03.16 23:36:49.472,1.38383,1.38399,1.37,1.00
2015.03.16 23:36:49.675,1.38388,1.38405,1.50,1.00
2015.03.16 23:36:49.776,1.38391,1.38408,1.12,1.00
2015.03.16 23:36:50.427,1.38394,1.38408,1.00,1.00
2015.03.16 23:36:50.478,1.38402,1.38417,1.00,1.00
2015.03.16 23:36:50.883,1.38398,1.38415,1.00,1.50
2015.03.16 23:36:51.137,1.384,1.38414,1.00,1.00
2015.03.16 23:36:52.002,1.384,1.38417,1.00,1.00
2015.03.16 23:36:52.205,1.38402,1.38417,1.00,1.00
2015.03.16 23:36:52.551,1.384,1.38417,1.00,1.00
2015.03.16 23:36:52.884,1.384,1.38415,1.00,1.00
2015.03.16 23:36:53.391,1.38399,1.38415,1.00,1.00
2015.03.16 23:36:53.644,1.384,1.38417,1.00,1.00
2015.03.16 23:36:54.307,1.38399,1.38417,1.50,1.00
2015.03.16 23:36:57.277,1.384,1.38417,1.00,1.00
2015.03.16 23:36:57.800,1.38399,1.38417,1.50,1.00
2015.03.16 23:36:58.380,1.384,1.38417,1.00,1.00
2015.03.16 23:36:58.940,1.38399,1.38417,1.00,1.00
2015.03.16 23:37:01.703,1.38402,1.38417,1.00,1.00
2015.03.16 23:37:03.762,1.38402,1.38418,1.00,1.00
2015.03.16 23:37:04.095,1.38402,1.38416,1.00,1.00
2015.03.16 23:37:05.117,1.38399,1.38416,1.50,1.00
2015.03.16 23:37:05.168,1.38399,1.3842,1.50,1.00
2015.03.16 23:37:05.422,1.38397,1.38416,1.00,1.25
2015.03.16 23:37:05.523,1.38391,1.38416,1.00,2.06
2015.03.16 23:37:05.625,1.3839,1.38408,1.37,1.00
2015.03.16 23:37:05.827,1.38397,1.38417,1.00,1.00
2015.03.16 23:37:05.930,1.38397,1.38417,1.00,1.19
2015.03.16 23:37:06.083,1.38392,1.3841,1.00,1.50
2015.03.16 23:37:06.593,1.38391,1.38409,1.00,1.00
2015.03.16 23:37:08.533,1.38391,1.38408,1.00,1.00
2015.03.16 23:37:14.633,1.38391,1.38409,1.12,1.00
2015.03.16 23:37:14.838,1.38391,1.38413,1.12,1.50
2015.03.16 23:37:14.889,1.38392,1.3841,1.00,1.00
2015.03.16 23:37:15.092,1.38392,1.38412,1.50,1.00
2015.03.16 23:37:15.194,1.38396,1.38414,1.00,1.00
2015.03.16 23:37:15.537,1.38398,1.38416,1.00,1.69
2015.03.16 23:37:23.991,1.38396,1.38416,1.00,1.50
2015.03.16 23:37:24.097,1.38399,1.38416,1.00,1.00
2015.03.16 23:37:25.547,1.38399,1.38419,1.00,1.50
2015.03.16 23:37:27.365,1.38399,1.38417,1.00,1.00
2015.03.16 23:37:27.519,1.38399,1.38419,1.00,1.50
2015.03.16 23:37:29.659,1.38399,1.38418,1.00,1.00
2015.03.16 23:37:30.827,1.38399,1.38419,1.00,1.50
2015.03.16 23:37:31.725,1.38397,1.38416,1.00,1.00
2015.03.16 23:37:32.281,1.38399,1.38417,1.00,1.00
2015.03.16 23:37:32.484,1.38396,1.38416,1.00,1.00
2015.03.16 23:37:32.586,1.384,1.38418,1.00,1.50
2015.03.16 23:37:52.411,1.38398,1.38418,1.00,1.00
2015.03.16 23:37:52.512,1.38401,1.38419,1.00,1.00
2015.03.16 23:37:54.268,1.38398,1.38418,1.00,1.00
2015.03.16 23:37:54.370,1.38397,1.38416,1.00,1.00
2015.03.16 23:37:54.471,1.384,1.3842,1.00,1.50
2015.03.16 23:37:56.225,1.38399,1.38418,1.00,1.00
2015.03.16 23:37:56.529,1.38402,1.3842,1.00,1.50
2015.03.16 23:37:57.337,1.384,1.38418,1.00,1.00
2015.03.16 23:37:57.886,1.38399,1.38419,1.00,1.00
2015.03.16 23:38:03.261,1.38399,1.38417,1.00,1.00
2015.03.16 23:38:03.413,1.38399,1.38419,1.00,1.00
2015.03.16 23:38:07.214,1.38399,1.38417,1.00,1.00
2015.03.16 23:38:07.366,1.38399,1.38419,1.00,1.00
2015.03.16 23:38:13.329,1.38401,1.38421,1.00,1.50
2015.03.16 23:38:14.457,1.38401,1.38419,1.00,1.00
2015.03.16 23:38:15.251,1.38399,1.38417,1.00,1.00
2015.03.16 23:38:15.555,1.38401,1.38419,1.00,1.50
2015.03.16 23:38:16.376,1.38403,1.38419,1.00,1.50
2015.03.16 23:38:18.220,1.38401,1.38419,1.00,1.50
2015.03.16 23:38:18.474,1.38398,1.38416,1.00,1.00
2015.03.16 23:38:18.942,1.384,1.38418,1.00,1.00
2015.03.16 23:38:23.292,1.38399,1.38415,1.00,1.00
2015.03.16 23:38:23.604,1.38401,1.38417,1.00,1.00
2015.03.16 23:38:32.080,1.38398,1.38417,1.00,1.00
2015.03.16 23:38:32.373,1.38402,1.3842,1.00,1.00
2015.03.16 23:38:32.699,1.38406,1.38422,1.00,1.94
2015.03.16 23:38:32.750,1.38397,1.38415,1.00,1.00
2015.03.16 23:38:32.851,1.38396,1.38412,1.00,1.00
2015.03.16 23:38:33.003,1.38394,1.38413,1.00,1.00
2015.03.16 23:38:33.212,1.38397,1.38413,1.00,1.00
2015.03.16 23:38:33.313,1.38394,1.38413,1.00,1.00
2015.03.16 23:38:33.516,1.38398,1.38416,1.00,1.00
2015.03.16 23:38:33.825,1.38397,1.38414,1.00,1.00
2015.03.16 23:38:33.876,1.38399,1.38417,1.00,1.00
2015.03.16 23:38:33.977,1.38397,1.38415,1.00,1.00
2015.03.16 23:38:35.400,1.38401,1.38417,1.00,1.00
2015.03.16 23:38:35.859,1.38403,1.38419,1.00,1.50
2015.03.16 23:38:36.162,1.38401,1.38417,1.00,1.00
2015.03.16 23:38:36.466,1.38404,1.38419,1.00,1.00
2015.03.16 23:38:36.820,1.38407,1.38418,1.00,1.00
2015.03.16 23:38:37.073,1.38402,1.38418,1.00,1.00
2015.03.16 23:38:37.376,1.384,1.38418,1.00,1.00
2015.03.16 23:38:37.477,1.38402,1.38418,1.00,1.00
2015.03.16 23:38:39.460,1.38399,1.38415,1.25,1.00
2015.03.16 23:38:39.816,1.38395,1.38411,1.00,1.00
2015.03.16 23:38:40.907,1.38395,1.38413,1.00,1.12
2015.03.16 23:38:41.467,1.38394,1.3841,1.00,1.00
2015.03.16 23:38:41.974,1.38393,1.38409,1.00,1.00
2015.03.16 23:38:42.585,1.38394,1.3841,1.00,1.00
2015.03.16 23:38:43.550,1.38391,1.38409,1.00,1.00
2015.03.16 23:38:43.752,1.38391,1.38407,1.00,1.00
2015.03.16 23:38:45.369,1.38388,1.38406,1.25,1.00
2015.03.16 23:38:45.521,1.38385,1.38403,1.69,1.00
2015.03.16 23:38:45.825,1.38382,1.38402,1.25,1.00
2015.03.16 23:38:45.977,1.38382,1.384,1.69,1.00
2015.03.16 23:38:46.283,1.3838,1.38398,1.87,1.00
2015.03.16 23:38:46.587,1.38381,1.38398,1.37,1.00
2015.03.16 23:38:46.638,1.38381,1.38401,1.87,1.00
2015.03.16 23:38:46.942,1.38381,1.38399,1.19,1.00
2015.03.16 23:38:47.816,1.38379,1.38399,1.37,1.00
2015.03.16 23:38:48.638,1.38379,1.38399,1.19,1.37
2015.03.16 23:38:48.689,1.38378,1.38398,1.25,1.37
2015.03.16 23:38:48.842,1.38372,1.38392,1.19,1.00
2015.03.16 23:38:49.150,1.38372,1.38392,1.25,1.00
2015.03.16 23:38:49.251,1.38371,1.38389,1.19,1.00
2015.03.16 23:38:49.907,1.3837,1.38388,1.19,1.00
2015.03.16 23:38:50.110,1.3837,1.38388,1.25,1.00
2015.03.16 23:38:50.887,1.38371,1.38389,1.00,1.00
2015.03.16 23:38:51.262,1.3837,1.38391,1.25,1.00
2015.03.16 23:38:52.978,1.38369,1.38389,1.69,1.00
2015.03.16 23:38:53.083,1.3837,1.38391,1.25,1.00
2015.03.16 23:38:54.999,1.38369,1.38389,1.69,1.00
2015.03.16 23:38:56.116,1.38369,1.38389,1.50,1.00
2015.03.16 23:38:57.117,1.38369,1.38389,1.69,1.00
2015.03.16 23:38:59.247,1.3837,1.38391,1.44,1.00
2015.03.16 23:38:59.602,1.38369,1.38389,1.87,1.00
2015.03.16 23:39:00.223,1.38369,1.38389,1.87,1.00
2015.03.16 23:39:01.246,1.38369,1.38389,1.87,1.00
2015.03.16 23:39:01.297,1.3837,1.38392,1.00,1.00
2015.03.16 23:39:01.838,1.38371,1.38393,1.50,1.00
2015.03.16 23:39:03.255,1.38371,1.38393,1.50,1.37
2015.03.16 23:39:03.356,1.3837,1.38389,1.25,1.00
2015.03.16 23:39:03.661,1.38366,1.38385,1.00,1.87
