2015.03.30 06:00:00.272,1.40784,1.40809,1.37,2.44
2015.03.30 06:00:00.779,1.40784,1.40807,1.00,2.02
2015.03.30 06:00:01.084,1.40776,1.40804,1.94,1.87
2015.03.30 06:00:01.135,1.40777,1.40804,1.62,2.25
2015.03.30 06:00:01.287,1.40778,1.40793,1.00,1.00
2015.03.30 06:00:01.490,1.40768,1.4079,1.00,1.69
2015.03.30 06:00:01.541,1.40762,1.40785,1.76,1.00
2015.03.30 06:00:01.849,1.40766,1.40785,1.00,1.00
2015.03.30 06:00:02.305,1.40766,1.40788,1.10,1.00
2015.03.30 06:00:04.053,1.40766,1.40785,1.10,1.00
2015.03.30 06:00:04.273,1.40766,1.40787,1.10,1.00
2015.03.30 06:00:04.425,1.40766,1.40787,1.12,1.00
2015.03.30 06:00:04.945,1.40769,1.40787,1.00,1.00
2015.03.30 06:00:05.047,1.40769,1.40789,1.15,1.00
2015.03.30 06:00:05.502,1.40768,1.40791,1.50,1.00
2015.03.30 06:00:06.272,1.40772,1.40791,1.00,1.00
2015.03.30 06:00:06.813,1.40771,1.40791,1.20,1.00
2015.03.30 06:00:09.476,1.40768,1.40791,2.06,1.00
2015.03.30 06:00:09.527,1.40768,1.40791,1.62,1.00
2015.03.30 06:00:09.679,1.40771,1.40792,1.00,1.12
2015.03.30 06:00:10.225,1.40771,1.40794,1.00,1.65
2015.03.30 06:00:12.419,1.40772,1.40796,1.00,2.25
2015.03.30 06:00:12.520,1.40772,1.40796,1.12,1.10
2015.03.30 06:00:12.925,1.4077,1.40798,1.76,2.14
2015.03.30 06:00:13.077,1.4077,1.40794,1.25,1.37
2015.03.30 06:00:13.382,1.40764,1.40787,1.94,1.00
2015.03.30 06:00:13.433,1.40764,1.40787,1.26,1.00
2015.03.30 06:00:13.534,1.40764,1.4079,1.39,1.12
2015.03.30 06:00:13.714,1.40767,1.40792,1.00,2.02
2015.03.30 06:00:13.816,1.40767,1.40792,1.00,1.27
2015.03.30 06:00:13.867,1.40769,1.40792,1.00,1.27
2015.03.30 06:00:14.424,1.40768,1.40793,1.50,1.57
2015.03.30 06:00:14.727,1.4077,1.40793,1.00,1.57
2015.03.30 06:00:15.234,1.40771,1.40794,1.00,2.25
2015.03.30 06:00:17.426,1.40771,1.40794,1.50,2.25
2015.03.30 06:00:17.730,1.40774,1.40796,1.37,1.60
2015.03.30 06:00:18.237,1.40774,1.40794,1.00,1.55
2015.03.30 06:00:18.288,1.40767,1.40794,2.06,1.85
2015.03.30 06:00:18.491,1.4077,1.40794,1.00,3.75
2015.03.30 06:00:18.900,1.40769,1.40795,1.50,1.87
2015.03.30 06:00:19.155,1.40769,1.40795,2.51,1.20
2015.03.30 06:00:19.207,1.40769,1.40795,2.59,1.20
2015.03.30 06:00:19.917,1.40774,1.40796,1.00,1.15
2015.03.30 06:00:20.221,1.40768,1.40795,2.14,1.95
2015.03.30 06:00:20.525,1.4077,1.40795,1.87,2.25
2015.03.30 06:00:20.627,1.4077,1.40795,1.87,1.17
2015.03.30 06:00:21.134,1.40773,1.40795,1.00,1.17
2015.03.30 06:00:21.811,1.40773,1.40795,1.37,1.17
2015.03.30 06:00:22.115,1.40775,1.40798,1.37,1.87
2015.03.30 06:00:22.419,1.40776,1.40797,1.00,1.20
2015.03.30 06:00:22.471,1.40776,1.40797,1.00,1.57
2015.03.30 06:00:22.573,1.40774,1.40796,1.00,1.31
2015.03.30 06:00:22.674,1.40776,1.40795,1.00,1.01
2015.03.30 06:00:22.725,1.40776,1.40795,1.00,1.09
2015.03.30 06:00:22.776,1.40771,1.40795,1.00,1.09
2015.03.30 06:00:22.827,1.40771,1.40791,1.00,1.75
2015.03.30 06:00:22.980,1.40766,1.4079,1.00,1.87
2015.03.30 06:00:23.081,1.40763,1.40789,2.06,1.75
2015.03.30 06:00:23.335,1.40767,1.40787,1.00,1.07
2015.03.30 06:00:24.338,1.40766,1.40788,1.50,1.20
2015.03.30 06:00:24.647,1.4077,1.40791,1.50,1.57
2015.03.30 06:00:26.069,1.40775,1.40791,1.00,1.10
2015.03.30 06:00:26.374,1.4078,1.40797,2.44,1.00
2015.03.30 06:00:26.425,1.40781,1.40803,2.00,1.69
2015.03.30 06:00:26.628,1.40784,1.40804,1.50,1.39
2015.03.30 06:00:26.780,1.40784,1.40808,1.12,2.06
2015.03.30 06:00:26.831,1.40784,1.40808,1.50,2.44
2015.03.30 06:00:26.992,1.40788,1.40809,1.62,1.87
2015.03.30 06:00:27.044,1.4079,1.40816,1.37,1.94
2015.03.30 06:00:27.095,1.4079,1.40817,1.66,2.62
2015.03.30 06:00:27.146,1.40791,1.40817,1.31,1.20
2015.03.30 06:00:27.602,1.40797,1.40819,1.00,1.50
2015.03.30 06:00:27.654,1.40797,1.40819,1.00,1.45
2015.03.30 06:00:28.287,1.40797,1.4082,1.37,1.45
2015.03.30 06:00:28.541,1.40804,1.4083,2.70,1.85
2015.03.30 06:00:28.744,1.40806,1.40833,1.20,1.26
2015.03.30 06:00:29.050,1.40811,1.40833,1.00,1.29
2015.03.30 06:00:29.557,1.4081,1.40835,1.12,1.36
2015.03.30 06:00:29.861,1.40813,1.40837,1.00,1.50
2015.03.30 06:00:30.474,1.40811,1.40837,1.56,1.50
2015.03.30 06:00:30.985,1.40813,1.40838,1.31,2.25
2015.03.30 06:00:31.493,1.40813,1.40837,1.25,1.17
2015.03.30 06:00:31.840,1.40815,1.40837,1.62,1.17
2015.03.30 06:00:31.992,1.40821,1.40843,1.37,1.69
2015.03.30 06:00:32.144,1.40824,1.40847,1.00,1.20
2015.03.30 06:00:32.246,1.40818,1.40846,1.69,1.31
2015.03.30 06:00:32.550,1.40818,1.40845,1.09,1.55
2015.03.30 06:00:32.904,1.40818,1.40842,1.36,1.00
2015.03.30 06:00:33.410,1.40815,1.40842,2.89,1.20
2015.03.30 06:00:33.714,1.40815,1.40842,1.26,1.57
2015.03.30 06:00:33.815,1.40817,1.40842,1.00,1.57
2015.03.30 06:00:33.916,1.4082,1.40844,1.31,1.87
2015.03.30 06:00:34.119,1.40821,1.40847,2.62,2.06
2015.03.30 06:00:34.220,1.40822,1.40847,1.12,2.06
2015.03.30 06:00:34.378,1.40821,1.40846,3.75,1.12
2015.03.30 06:00:34.480,1.40821,1.40846,1.12,1.40
2015.03.30 06:00:34.531,1.40821,1.40842,1.12,1.00
2015.03.30 06:00:35.228,1.40818,1.40842,1.09,1.37
2015.03.30 06:00:37.104,1.40814,1.40842,1.84,2.21
2015.03.30 06:00:37.219,1.40814,1.40839,1.46,1.00
2015.03.30 06:00:37.523,1.40808,1.40834,1.40,1.00
2015.03.30 06:00:38.039,1.40807,1.40834,1.34,1.12
2015.03.30 06:00:38.192,1.40807,1.40835,1.84,1.20
2015.03.30 06:00:38.497,1.40812,1.40836,1.00,1.12
2015.03.30 06:00:40.080,1.40812,1.40838,1.25,2.62
2015.03.30 06:00:40.600,1.40812,1.40838,1.19,3.00
2015.03.30 06:00:43.338,1.40811,1.40836,1.00,1.20
2015.03.30 06:00:43.389,1.40811,1.40836,1.00,1.57
2015.03.30 06:00:44.138,1.40812,1.40836,1.00,1.75
2015.03.30 06:00:44.290,1.40812,1.40837,1.00,1.12
2015.03.30 06:00:44.342,1.40809,1.40836,1.84,1.15
2015.03.30 06:00:44.850,1.40807,1.40836,1.39,2.32
2015.03.30 06:00:45.355,1.40809,1.40835,1.56,1.17
2015.03.30 06:00:46.317,1.40815,1.40837,1.00,1.12
2015.03.30 06:00:46.880,1.40814,1.40837,1.00,1.12
2015.03.30 06:00:47.645,1.40811,1.40837,1.19,1.12
2015.03.30 06:00:49.435,1.40811,1.40837,1.25,1.12
2015.03.30 06:00:54.107,1.40814,1.40837,1.00,1.12
2015.03.30 06:00:54.613,1.40814,1.40836,1.00,1.12
2015.03.30 06:00:56.324,1.40816,1.40836,1.00,1.12
2015.03.30 06:00:56.853,1.40815,1.40836,1.00,2.25
2015.03.30 06:00:58.618,1.40809,1.40834,1.00,1.07
2015.03.30 06:01:00.320,1.40808,1.40834,2.14,1.07
2015.03.30 06:01:00.845,1.40807,1.40831,1.20,1.50
2015.03.30 06:01:00.948,1.40805,1.4083,1.12,1.94
2015.03.30 06:01:00.999,1.40802,1.40827,1.58,1.00
2015.03.30 06:01:01.163,1.40798,1.40828,2.01,3.00
2015.03.30 06:01:01.366,1.40802,1.40828,2.25,1.87
2015.03.30 06:01:01.519,1.40808,1.40832,1.50,1.22
2015.03.30 06:01:01.570,1.40808,1.40832,2.06,1.25
2015.03.30 06:01:01.874,1.40816,1.4084,1.31,1.34
2015.03.30 06:01:02.356,1.40815,1.4084,1.37,1.01
2015.03.30 06:01:02.561,1.40813,1.40839,1.12,2.06
2015.03.30 06:01:02.764,1.40813,1.4084,1.12,1.50
2015.03.30 06:01:03.069,1.40818,1.40843,2.00,1.01
2015.03.30 06:01:03.375,1.40823,1.40848,1.94,1.39
2015.03.30 06:01:03.529,1.40827,1.4085,1.37,1.12
2015.03.30 06:01:03.631,1.40828,1.40853,1.87,1.20
2015.03.30 06:01:04.138,1.40827,1.40853,1.62,1.57
2015.03.30 06:01:04.644,1.40827,1.40852,1.31,1.27
2015.03.30 06:01:05.151,1.40825,1.40851,1.29,2.32
2015.03.30 06:01:05.556,1.40825,1.40851,1.01,1.85
2015.03.30 06:01:05.812,1.40825,1.4085,1.01,1.75
2015.03.30 06:01:06.578,1.40827,1.4085,1.00,1.75
2015.03.30 06:01:06.679,1.4083,1.40854,1.37,1.61
2015.03.30 06:01:06.730,1.4083,1.40855,1.37,1.20
2015.03.30 06:01:06.781,1.4083,1.40854,1.00,1.22
2015.03.30 06:01:07.140,1.40827,1.40853,1.37,2.25
2015.03.30 06:01:07.646,1.40827,1.40852,1.00,2.32
2015.03.30 06:01:07.748,1.40823,1.40851,2.21,1.27
2015.03.30 06:01:08.001,1.40822,1.4085,1.46,1.75
2015.03.30 06:01:08.305,1.4082,1.40844,1.31,1.00
2015.03.30 06:01:08.407,1.40819,1.40847,1.45,1.82
2015.03.30 06:01:08.509,1.40818,1.40846,1.84,2.32
2015.03.30 06:01:08.712,1.40818,1.40847,3.19,2.70
2015.03.30 06:01:08.814,1.40818,1.40847,2.44,1.95
2015.03.30 06:01:09.119,1.40815,1.40842,2.06,3.00
2015.03.30 06:01:09.423,1.40815,1.40843,1.36,1.57
2015.03.30 06:01:09.692,1.40816,1.40842,2.04,1.17
2015.03.30 06:01:09.793,1.40818,1.40846,1.39,2.20
2015.03.30 06:01:10.311,1.40819,1.40846,1.01,2.77
2015.03.30 06:01:10.955,1.40818,1.40845,1.31,1.57
2015.03.30 06:01:11.006,1.40818,1.40845,1.31,1.57
2015.03.30 06:01:11.113,1.40822,1.40847,1.37,2.32
2015.03.30 06:01:11.318,1.40824,1.40848,1.00,1.20
2015.03.30 06:01:11.470,1.40824,1.40848,1.00,2.14
2015.03.30 06:01:11.521,1.40822,1.40845,1.00,1.20
2015.03.30 06:01:11.623,1.40824,1.40846,1.00,1.57
2015.03.30 06:01:11.758,1.40824,1.4085,1.88,1.31
2015.03.30 06:01:12.062,1.40823,1.40846,1.00,1.20
2015.03.30 06:01:12.164,1.4082,1.40846,1.09,1.27
2015.03.30 06:01:12.680,1.40819,1.40846,1.34,1.20
2015.03.30 06:01:13.503,1.40819,1.40846,1.46,2.40
2015.03.30 06:01:13.807,1.40818,1.40845,1.64,1.75
2015.03.30 06:01:14.009,1.40814,1.40842,2.81,1.12
2015.03.30 06:01:14.212,1.40813,1.4084,1.69,1.47
2015.03.30 06:01:14.313,1.4082,1.40842,1.37,1.95
2015.03.30 06:01:14.466,1.40825,1.40844,1.00,1.50
2015.03.30 06:01:14.568,1.40825,1.40844,1.00,1.00
2015.03.30 06:01:14.669,1.40826,1.40851,1.00,1.07
2015.03.30 06:01:14.923,1.40826,1.40852,1.20,1.65
2015.03.30 06:01:15.585,1.40826,1.40852,1.65,1.46
2015.03.30 06:01:16.096,1.40828,1.40852,1.00,1.55
2015.03.30 06:01:16.607,1.40827,1.40852,1.10,1.55
2015.03.30 06:01:17.278,1.40827,1.40852,1.20,1.55
2015.03.30 06:01:17.589,1.40827,1.4085,1.00,1.27
2015.03.30 06:01:18.543,1.40827,1.4085,1.12,1.27
2015.03.30 06:01:19.089,1.40827,1.4085,1.12,2.02
2015.03.30 06:01:19.304,1.40829,1.40851,1.00,2.32
2015.03.30 06:01:19.659,1.4083,1.40851,1.37,1.50
2015.03.30 06:01:19.862,1.4083,1.40849,2.33,1.00
2015.03.30 06:01:20.115,1.40832,1.40854,1.00,2.32
2015.03.30 06:01:20.369,1.40826,1.40848,1.46,1.37
2015.03.30 06:01:20.420,1.4083,1.40851,1.00,1.95
2015.03.30 06:01:20.522,1.40826,1.40846,1.25,1.37
2015.03.30 06:01:21.028,1.40827,1.40845,1.00,1.37
2015.03.30 06:01:21.535,1.40828,1.40846,1.00,1.37
2015.03.30 06:01:26.483,1.40824,1.40845,1.17,1.37
2015.03.30 06:01:27.019,1.40824,1.40844,1.10,1.37
2015.03.30 06:01:27.172,1.40824,1.40843,1.85,1.37
2015.03.30 06:01:27.273,1.40828,1.40844,1.87,1.12
2015.03.30 06:01:27.627,1.40826,1.40844,1.01,1.12
2015.03.30 06:01:27.678,1.40826,1.40844,1.01,1.12
2015.03.30 06:01:28.033,1.40829,1.40849,1.00,1.37
2015.03.30 06:01:28.135,1.40829,1.40849,1.00,1.37
2015.03.30 06:01:28.642,1.4083,1.4085,1.00,1.50
2015.03.30 06:01:29.143,1.40831,1.4085,1.00,1.50
2015.03.30 06:01:32.222,1.40831,1.4085,1.00,1.12
2015.03.30 06:01:33.382,1.40831,1.4085,1.00,1.37
2015.03.30 06:01:34.087,1.40831,1.4085,1.00,1.12
2015.03.30 06:01:34.619,1.40828,1.4085,1.29,1.37
2015.03.30 06:01:35.167,1.40827,1.4085,1.07,1.12
2015.03.30 06:01:35.218,1.40827,1.40847,1.07,1.00
2015.03.30 06:01:35.269,1.40824,1.40847,3.00,1.10
2015.03.30 06:01:35.320,1.40824,1.40847,1.50,1.20
2015.03.30 06:01:35.422,1.40823,1.40843,1.50,1.00
2015.03.30 06:01:35.727,1.40824,1.40845,1.37,1.10
2015.03.30 06:01:35.930,1.40824,1.40845,1.12,1.00
2015.03.30 06:01:35.981,1.40824,1.40845,1.31,1.00
2015.03.30 06:01:36.286,1.40827,1.4084,1.00,1.00
2015.03.30 06:01:36.489,1.4082,1.4084,1.01,1.00
2015.03.30 06:01:36.540,1.40817,1.40837,2.44,1.00
2015.03.30 06:01:36.844,1.40817,1.40835,1.19,1.00
2015.03.30 06:01:37.149,1.40816,1.40833,1.39,1.00
2015.03.30 06:01:37.453,1.40815,1.40833,1.40,1.00
2015.03.30 06:01:37.656,1.40816,1.40833,1.09,1.00
2015.03.30 06:01:37.809,1.4082,1.40845,1.69,1.75
2015.03.30 06:01:37.910,1.40822,1.40845,1.47,1.75
2015.03.30 06:01:38.012,1.40822,1.40845,1.57,1.75
2015.03.30 06:01:38.215,1.40824,1.40845,1.62,1.00
2015.03.30 06:01:38.316,1.40824,1.40845,1.46,1.00
2015.03.30 06:01:38.419,1.40825,1.40847,1.45,1.12
2015.03.30 06:01:38.471,1.40827,1.40847,2.44,1.12
2015.03.30 06:01:38.876,1.40832,1.4085,1.00,1.94
2015.03.30 06:01:39.029,1.40832,1.4085,1.00,1.31
2015.03.30 06:01:39.535,1.40832,1.4085,1.00,1.31
2015.03.30 06:01:40.139,1.40832,1.4085,1.00,1.12
2015.03.30 06:01:40.575,1.40832,1.40847,1.00,1.00
2015.03.30 06:01:40.828,1.40832,1.40849,1.00,1.10
2015.03.30 06:01:40.879,1.40829,1.40849,1.25,1.00
2015.03.30 06:01:40.981,1.40832,1.40849,1.00,1.00
2015.03.30 06:01:42.532,1.40831,1.40849,1.12,1.00
2015.03.30 06:01:43.045,1.40832,1.40849,1.00,1.00
2015.03.30 06:01:46.319,1.40832,1.40845,1.00,1.00
2015.03.30 06:01:46.370,1.40826,1.40845,1.74,1.00
2015.03.30 06:01:46.421,1.40826,1.40845,1.64,1.00
2015.03.30 06:01:46.523,1.40823,1.40843,1.57,1.00
2015.03.30 06:01:46.624,1.40821,1.40843,2.89,1.00
2015.03.30 06:01:47.080,1.40822,1.40841,1.00,1.00
2015.03.30 06:01:47.131,1.40818,1.40841,1.39,1.00
2015.03.30 06:01:47.182,1.40818,1.40838,1.39,1.00
2015.03.30 06:01:47.234,1.40818,1.40838,1.25,1.00
2015.03.30 06:01:47.915,1.4082,1.40838,1.00,1.00
2015.03.30 06:01:53.847,1.40817,1.40838,1.69,1.75
2015.03.30 06:01:53.999,1.40815,1.40834,1.84,1.12
2015.03.30 06:01:54.051,1.40819,1.40834,1.00,1.00
2015.03.30 06:01:54.519,1.40815,1.40835,1.31,1.00
2015.03.30 06:01:54.630,1.40817,1.40835,1.00,1.00
2015.03.30 06:01:55.140,1.40817,1.40835,1.50,1.12
2015.03.30 06:01:55.444,1.4082,1.40835,1.00,1.12
2015.03.30 06:01:57.029,1.40817,1.40835,1.26,1.12
2015.03.30 06:01:57.283,1.4082,1.40835,1.00,1.12
2015.03.30 06:01:57.390,1.40815,1.40835,1.39,1.12
2015.03.30 06:01:57.542,1.40818,1.4083,1.00,1.00
2015.03.30 06:01:57.694,1.40815,1.4083,1.27,1.00
2015.03.30 06:01:57.897,1.40817,1.4083,1.00,1.00
2015.03.30 06:01:58.202,1.40818,1.40834,1.00,1.00
2015.03.30 06:01:58.455,1.40821,1.40834,1.00,1.00
2015.03.30 06:01:58.981,1.40821,1.40837,1.00,1.12
2015.03.30 06:01:59.184,1.40821,1.40834,1.00,1.00
2015.03.30 06:01:59.589,1.40818,1.40835,1.00,1.00
2015.03.30 06:02:00.465,1.40824,1.40835,1.00,1.12
2015.03.30 06:02:00.567,1.40822,1.40838,2.25,1.00
2015.03.30 06:02:00.669,1.40823,1.40838,1.69,1.00
2015.03.30 06:02:00.771,1.40825,1.4085,1.94,1.75
2015.03.30 06:02:00.822,1.40827,1.40852,1.31,1.00
2015.03.30 06:02:00.923,1.40827,1.40852,2.06,1.50
2015.03.30 06:02:01.227,1.40829,1.40852,1.00,1.87
2015.03.30 06:02:01.563,1.40816,1.40839,1.20,1.50
2015.03.30 06:02:01.664,1.40816,1.4084,1.37,1.50
2015.03.30 06:02:01.766,1.40816,1.4084,1.88,1.00
2015.03.30 06:02:01.817,1.40816,1.40842,1.88,1.50
2015.03.30 06:02:02.186,1.40816,1.40844,2.59,1.27
2015.03.30 06:02:02.504,1.40819,1.40844,1.69,1.50
2015.03.30 06:02:03.010,1.4082,1.40843,1.77,1.00
2015.03.30 06:02:03.541,1.40819,1.40843,2.06,1.00
2015.03.30 06:02:03.593,1.40829,1.40845,1.75,1.00
2015.03.30 06:02:03.745,1.40833,1.40856,1.31,1.15
2015.03.30 06:02:03.847,1.40834,1.40855,1.50,1.12
2015.03.30 06:02:03.949,1.4083,1.40851,1.50,1.55
2015.03.30 06:02:04.051,1.4083,1.40845,1.00,1.12
2015.03.30 06:02:04.103,1.40824,1.40845,1.00,1.12
2015.03.30 06:02:04.155,1.40824,1.40843,1.00,1.12
2015.03.30 06:02:04.206,1.40822,1.40843,1.50,1.12
2015.03.30 06:02:04.307,1.40822,1.40844,1.00,1.20
2015.03.30 06:02:04.813,1.40819,1.40843,1.12,1.07
2015.03.30 06:02:05.170,1.40818,1.40841,1.19,1.07
2015.03.30 06:02:05.683,1.40817,1.40837,1.19,1.00
2015.03.30 06:02:05.887,1.40817,1.40837,1.00,1.12
2015.03.30 06:02:05.938,1.40811,1.40837,1.69,1.12
2015.03.30 06:02:05.989,1.40811,1.40829,1.69,1.00
2015.03.30 06:02:06.142,1.40805,1.40828,2.06,1.10
2015.03.30 06:02:06.345,1.40808,1.40829,1.00,1.00
2015.03.30 06:02:06.446,1.40809,1.40831,1.00,1.00
2015.03.30 06:02:06.650,1.40811,1.40832,1.00,1.00
2015.03.30 06:02:07.463,1.40811,1.40832,1.37,1.00
2015.03.30 06:02:07.770,1.40811,1.40828,1.87,1.00
2015.03.30 06:02:07.872,1.40811,1.40828,1.00,1.31
2015.03.30 06:02:07.974,1.40806,1.40822,1.12,1.00
2015.03.30 06:02:08.324,1.40812,1.40834,1.31,1.12
2015.03.30 06:02:08.478,1.40814,1.40838,1.12,1.12
2015.03.30 06:02:08.580,1.40816,1.4084,1.12,2.06
2015.03.30 06:02:08.955,1.40818,1.40838,1.00,1.20
2015.03.30 06:02:09.259,1.40818,1.40836,1.00,1.12
2015.03.30 06:02:09.563,1.40825,1.40839,1.00,1.75
2015.03.30 06:02:09.665,1.40825,1.40842,1.00,1.87
2015.03.30 06:02:09.766,1.40823,1.4084,1.62,1.45
2015.03.30 06:02:09.919,1.40823,1.40846,1.62,2.25
2015.03.30 06:02:10.172,1.40827,1.40844,1.00,1.12
2015.03.30 06:02:10.324,1.40822,1.40843,2.06,1.12
2015.03.30 06:02:10.780,1.40822,1.40843,1.12,1.87
2015.03.30 06:02:11.287,1.40819,1.4084,1.62,1.57
2015.03.30 06:02:11.389,1.40819,1.4084,1.25,1.87
2015.03.30 06:02:13.280,1.40819,1.40836,1.00,1.00
2015.03.30 06:02:13.383,1.40814,1.40835,1.25,1.00
2015.03.30 06:02:13.484,1.40816,1.40835,1.00,1.12
2015.03.30 06:02:13.688,1.40813,1.40837,1.37,1.12
2015.03.30 06:02:13.840,1.40816,1.40838,1.00,2.81
2015.03.30 06:02:14.807,1.40817,1.40838,1.00,1.87
2015.03.30 06:02:15.570,1.40813,1.40836,2.06,1.50
2015.03.30 06:02:15.724,1.4081,1.40834,1.69,1.75
2015.03.30 06:02:16.182,1.40811,1.40834,1.00,1.75
2015.03.30 06:02:16.689,1.4081,1.40832,1.25,1.27
2015.03.30 06:02:16.943,1.40811,1.40832,1.75,1.17
2015.03.30 06:02:17.146,1.40814,1.40838,1.69,3.00
2015.03.30 06:02:17.349,1.40814,1.40833,1.00,1.20
2015.03.30 06:02:17.451,1.4081,1.40833,1.31,1.20
2015.03.30 06:02:17.768,1.40813,1.40831,1.00,1.00
2015.03.30 06:02:18.278,1.40812,1.40832,1.25,1.00
2015.03.30 06:02:18.881,1.40812,1.4083,1.25,1.00
2015.03.30 06:02:19.336,1.40812,1.40833,1.00,1.20
2015.03.30 06:02:19.741,1.40814,1.40833,1.00,1.20
2015.03.30 06:02:20.475,1.40813,1.40838,2.06,1.87
2015.03.30 06:02:20.779,1.40813,1.40838,2.06,1.87
2015.03.30 06:02:21.300,1.40816,1.40838,1.37,1.87
2015.03.30 06:02:21.613,1.40814,1.40837,1.62,1.87
2015.03.30 06:02:22.157,1.40814,1.40836,1.31,1.20
2015.03.30 06:02:22.411,1.40814,1.40838,1.56,1.12
2015.03.30 06:02:22.513,1.40814,1.40838,1.12,1.31
2015.03.30 06:02:22.615,1.40813,1.40832,1.00,1.00
2015.03.30 06:02:22.717,1.40809,1.40832,1.25,1.37
2015.03.30 06:02:22.768,1.40809,1.40832,1.25,2.25
2015.03.30 06:02:23.099,1.40808,1.40829,1.12,1.75
2015.03.30 06:02:23.505,1.40805,1.40828,1.62,1.87
2015.03.30 06:02:24.069,1.40805,1.40827,1.25,1.75
2015.03.30 06:02:24.322,1.40805,1.40825,1.25,1.87
2015.03.30 06:02:24.526,1.408,1.40822,1.25,1.75
2015.03.30 06:02:25.033,1.40799,1.40821,1.19,1.20
2015.03.30 06:02:25.741,1.40798,1.40823,1.69,1.87
2015.03.30 06:02:26.459,1.40798,1.40823,1.69,1.87
2015.03.30 06:02:26.969,1.40798,1.40823,1.69,1.87
2015.03.30 06:02:27.475,1.40799,1.40821,1.31,1.12
2015.03.30 06:02:32.970,1.40799,1.4082,1.37,1.12
2015.03.30 06:02:33.274,1.40804,1.40823,1.19,1.12
2015.03.30 06:02:33.325,1.40804,1.40826,1.25,1.87
2015.03.30 06:02:33.579,1.40804,1.40826,1.37,1.12
2015.03.30 06:02:33.883,1.40804,1.40828,2.44,1.87
2015.03.30 06:02:33.985,1.40806,1.4083,1.56,1.27
2015.03.30 06:02:34.339,1.40806,1.40831,2.06,1.57
2015.03.30 06:02:34.799,1.40806,1.40828,1.37,1.20
2015.03.30 06:02:34.850,1.40801,1.40827,1.20,2.02
2015.03.30 06:02:35.035,1.40802,1.4082,1.00,1.50
2015.03.30 06:02:35.087,1.40802,1.40818,1.00,1.57
2015.03.30 06:02:35.189,1.40798,1.40815,1.00,1.12
2015.03.30 06:02:35.291,1.40797,1.40813,1.00,1.12
2015.03.30 06:02:35.545,1.40797,1.40816,1.25,1.12
2015.03.30 06:02:36.052,1.40797,1.40818,1.00,1.12
2015.03.30 06:02:38.138,1.40796,1.4082,1.00,1.87
2015.03.30 06:02:38.546,1.40796,1.4082,1.00,1.12
2015.03.30 06:02:39.002,1.40798,1.4082,1.00,1.47
2015.03.30 06:02:39.054,1.40798,1.4082,1.00,1.20
2015.03.30 06:02:39.257,1.40796,1.4082,1.19,1.57
2015.03.30 06:02:39.915,1.40796,1.40817,1.19,1.00
2015.03.30 06:02:40.269,1.40796,1.40816,1.25,1.17
2015.03.30 06:02:41.283,1.40794,1.40816,1.00,2.02
2015.03.30 06:02:41.334,1.40794,1.40815,1.00,1.45
2015.03.30 06:02:41.642,1.40802,1.40823,1.19,1.20
2015.03.30 06:02:41.693,1.40803,1.40825,1.19,1.87
2015.03.30 06:02:42.201,1.40803,1.40824,1.19,1.10
2015.03.30 06:02:42.406,1.40806,1.40829,1.00,1.57
2015.03.30 06:02:42.560,1.40807,1.40826,1.19,1.00
2015.03.30 06:02:42.865,1.40805,1.40825,1.00,1.37
2015.03.30 06:02:43.169,1.40802,1.40826,1.29,2.40
2015.03.30 06:02:43.898,1.40799,1.40825,2.06,1.12
2015.03.30 06:02:44.152,1.40799,1.40824,1.76,1.85
2015.03.30 06:02:44.459,1.408,1.40814,1.00,1.37
2015.03.30 06:02:44.662,1.40799,1.40819,1.00,1.12
2015.03.30 06:02:44.865,1.40796,1.40819,1.00,1.50
2015.03.30 06:02:44.967,1.40794,1.4082,2.06,1.12
2015.03.30 06:02:45.476,1.40797,1.40822,1.69,1.12
2015.03.30 06:02:45.628,1.40797,1.40823,1.62,1.95
2015.03.30 06:02:46.135,1.40797,1.40824,1.31,2.62
2015.03.30 06:02:46.541,1.40798,1.40824,1.00,2.62
2015.03.30 06:02:46.693,1.40797,1.4082,1.00,1.12
2015.03.30 06:02:46.846,1.40795,1.40817,1.00,1.37
2015.03.30 06:02:46.948,1.40792,1.40817,1.31,1.12
2015.03.30 06:02:47.029,1.40792,1.40817,1.31,1.12
2015.03.30 06:02:47.539,1.40794,1.40819,1.12,1.01
2015.03.30 06:02:47.641,1.40797,1.4082,1.37,1.12
2015.03.30 06:02:47.846,1.40801,1.40825,1.25,2.25
2015.03.30 06:02:47.948,1.40801,1.40823,1.25,1.12
2015.03.30 06:02:48.406,1.40794,1.40821,1.76,1.20
2015.03.30 06:02:49.117,1.40797,1.40822,1.62,1.50
2015.03.30 06:02:49.663,1.40799,1.40822,1.31,1.50
2015.03.30 06:02:49.815,1.40799,1.40825,1.62,1.12
2015.03.30 06:02:50.401,1.40799,1.40825,1.56,1.50
2015.03.30 06:02:51.375,1.40797,1.40825,2.14,2.25
2015.03.30 06:02:52.035,1.40797,1.40825,1.76,2.25
2015.03.30 06:02:52.086,1.40796,1.40822,1.17,1.20
2015.03.30 06:02:52.137,1.40794,1.4082,3.00,1.12
2015.03.30 06:02:52.441,1.4079,1.40819,1.87,1.20
2015.03.30 06:02:52.896,1.40792,1.40819,1.25,1.30
2015.03.30 06:02:52.998,1.40797,1.40819,1.00,1.30
2015.03.30 06:02:53.310,1.408,1.40825,1.37,1.82
2015.03.30 06:02:53.361,1.40806,1.40825,1.00,1.20
2015.03.30 06:02:53.672,1.40808,1.4083,1.00,1.12
2015.03.30 06:02:53.724,1.40808,1.4083,1.37,1.12
2015.03.30 06:02:53.775,1.40811,1.40831,1.00,1.76
2015.03.30 06:02:53.877,1.40811,1.40832,1.00,1.36
2015.03.30 06:02:53.928,1.40814,1.40832,1.00,1.36
2015.03.30 06:02:54.485,1.40814,1.40835,1.00,1.95
2015.03.30 06:02:54.987,1.40815,1.40835,1.00,1.55
2015.03.30 06:02:55.190,1.40815,1.40837,1.50,1.87
2015.03.30 06:02:55.495,1.40825,1.4084,1.00,1.57
2015.03.30 06:02:55.849,1.40825,1.40843,1.00,1.12
2015.03.30 06:02:57.051,1.40825,1.40845,1.00,1.55
2015.03.30 06:02:57.153,1.40821,1.40846,1.12,1.50
2015.03.30 06:02:57.254,1.40819,1.40843,1.00,1.09
2015.03.30 06:02:57.609,1.40815,1.40837,1.31,1.00
2015.03.30 06:02:57.862,1.40814,1.40836,1.69,1.37
2015.03.30 06:02:58.378,1.40813,1.40836,1.19,1.55
2015.03.30 06:02:58.480,1.40814,1.40837,1.00,2.25
2015.03.30 06:02:58.582,1.40811,1.40835,1.69,1.27
2015.03.30 06:02:58.785,1.40809,1.40832,1.19,1.12
2015.03.30 06:02:59.090,1.40808,1.40829,1.00,1.50
2015.03.30 06:02:59.411,1.40811,1.40829,1.00,1.50
2015.03.30 06:03:00.282,1.40811,1.40829,1.37,1.12
2015.03.30 06:03:00.384,1.40816,1.40837,1.12,1.12
2015.03.30 06:03:00.435,1.40816,1.40837,1.69,1.12
2015.03.30 06:03:00.486,1.40821,1.40842,1.12,1.20
2015.03.30 06:03:00.588,1.40826,1.4084,1.00,1.12
2015.03.30 06:03:00.639,1.40826,1.40844,1.00,1.12
2015.03.30 06:03:00.897,1.40825,1.40842,1.07,1.50
2015.03.30 06:03:01.151,1.40822,1.40839,1.95,1.37
2015.03.30 06:03:01.927,1.40822,1.4084,1.20,1.37
2015.03.30 06:03:02.900,1.40822,1.40846,2.70,2.25
2015.03.30 06:03:02.951,1.40831,1.40846,1.12,1.00
2015.03.30 06:03:03.002,1.40832,1.4085,1.12,1.00
2015.03.30 06:03:03.104,1.40833,1.40853,1.87,1.57
2015.03.30 06:03:03.610,1.40835,1.40852,1.07,1.00
2015.03.30 06:03:04.144,1.40835,1.40855,1.07,1.37
2015.03.30 06:03:04.556,1.40835,1.40855,1.07,1.87
2015.03.30 06:03:04.868,1.40835,1.40852,1.07,1.37
2015.03.30 06:03:05.423,1.40835,1.40851,1.10,1.37
2015.03.30 06:03:06.324,1.40828,1.40847,1.00,1.37
2015.03.30 06:03:06.375,1.40824,1.4085,1.17,1.01
2015.03.30 06:03:06.476,1.40823,1.40848,1.10,1.01
2015.03.30 06:03:06.629,1.40821,1.40846,1.50,1.37
2015.03.30 06:03:06.884,1.40822,1.40846,1.12,1.31
2015.03.30 06:03:06.986,1.40819,1.40837,1.75,1.37
2015.03.30 06:03:07.295,1.40817,1.40837,1.76,1.37
2015.03.30 06:03:07.651,1.40818,1.40837,1.07,1.00
2015.03.30 06:03:07.707,1.40818,1.40843,1.07,1.85
2015.03.30 06:03:08.012,1.40819,1.40843,2.32,1.37
2015.03.30 06:03:08.316,1.40823,1.40846,1.57,1.62
2015.03.30 06:03:08.620,1.40823,1.40847,1.45,1.87
2015.03.30 06:03:09.047,1.40821,1.40837,1.12,1.37
2015.03.30 06:03:14.646,1.40821,1.40834,1.12,1.37
2015.03.30 06:03:14.900,1.40818,1.40835,1.12,1.37
2015.03.30 06:03:15.001,1.40817,1.40833,1.12,1.37
2015.03.30 06:03:15.103,1.40817,1.40833,1.20,1.37
2015.03.30 06:03:15.204,1.40818,1.40833,1.09,1.37
2015.03.30 06:03:15.458,1.4082,1.40835,2.70,1.37
2015.03.30 06:03:15.560,1.40823,1.40837,1.17,1.37
2015.03.30 06:03:16.112,1.40823,1.40839,2.59,1.37
2015.03.30 06:03:16.476,1.40824,1.40839,1.37,1.37
2015.03.30 06:03:16.527,1.40824,1.40839,2.25,1.12
2015.03.30 06:03:16.579,1.40824,1.40839,3.00,1.12
2015.03.30 06:03:16.884,1.40817,1.40841,1.34,1.87
2015.03.30 06:03:17.087,1.40817,1.40836,1.39,1.37
2015.03.30 06:03:18.616,1.40816,1.40835,2.55,1.37
2015.03.30 06:03:18.769,1.40813,1.40833,1.50,1.37
2015.03.30 06:03:19.073,1.40812,1.40833,1.57,1.37
2015.03.30 06:03:19.174,1.40812,1.40833,1.12,1.37
2015.03.30 06:03:20.161,1.40812,1.40833,1.12,1.37
2015.03.30 06:03:20.415,1.40812,1.40831,1.75,1.37
2015.03.30 06:03:21.083,1.40815,1.40833,1.47,1.37
2015.03.30 06:03:23.804,1.40816,1.40834,1.47,1.37
2015.03.30 06:03:24.313,1.40816,1.40836,1.10,1.37
2015.03.30 06:03:24.638,1.40816,1.40836,1.10,1.37
2015.03.30 06:03:24.689,1.40816,1.40836,1.10,1.37
2015.03.30 06:03:24.891,1.40816,1.40836,1.10,1.37
2015.03.30 06:03:27.076,1.40815,1.40833,1.07,1.37
2015.03.30 06:03:29.315,1.40816,1.40829,1.50,1.00
2015.03.30 06:03:29.417,1.40816,1.40828,1.87,1.00
2015.03.30 06:03:29.468,1.40816,1.40832,1.87,1.12
2015.03.30 06:03:29.722,1.4082,1.40838,1.00,1.37
2015.03.30 06:03:30.076,1.4082,1.40837,1.00,1.12
2015.03.30 06:03:30.228,1.40822,1.40838,1.00,1.37
2015.03.30 06:03:30.533,1.40825,1.40841,1.00,1.37
2015.03.30 06:03:30.836,1.40825,1.40841,1.00,1.00
2015.03.30 06:03:30.887,1.40825,1.40842,1.87,1.12
2015.03.30 06:03:31.191,1.40829,1.40847,1.87,1.37
2015.03.30 06:03:31.596,1.40832,1.40846,1.00,1.37
2015.03.30 06:03:32.011,1.40832,1.4085,1.50,1.37
2015.03.30 06:03:32.367,1.40832,1.40851,1.75,1.00
2015.03.30 06:03:32.876,1.40834,1.40854,1.12,1.31
2015.03.30 06:03:33.690,1.40834,1.40854,1.12,1.75
2015.03.30 06:03:36.100,1.40834,1.40853,1.00,1.12
2015.03.30 06:03:36.303,1.4083,1.40853,1.12,2.25
2015.03.30 06:03:36.556,1.40825,1.4085,2.51,1.47
2015.03.30 06:03:37.315,1.40825,1.4085,1.39,3.07
2015.03.30 06:03:37.618,1.40822,1.40847,1.09,1.65
2015.03.30 06:03:37.670,1.40822,1.40845,1.25,1.12
2015.03.30 06:03:38.397,1.40821,1.40843,1.00,1.12
2015.03.30 06:03:38.449,1.40821,1.40843,1.00,1.00
2015.03.30 06:03:38.500,1.40827,1.40847,1.00,1.57
2015.03.30 06:03:38.804,1.40827,1.40846,1.00,2.14
2015.03.30 06:03:38.855,1.40823,1.40845,1.00,2.14
2015.03.30 06:03:38.907,1.40817,1.40842,1.57,1.39
2015.03.30 06:03:39.210,1.40819,1.40839,1.00,1.45
2015.03.30 06:03:39.312,1.40814,1.40839,1.56,1.45
2015.03.30 06:03:39.514,1.40814,1.40839,1.12,1.45
2015.03.30 06:03:39.617,1.40814,1.4084,1.56,2.62
2015.03.30 06:03:39.921,1.40826,1.40846,1.69,1.75
2015.03.30 06:03:40.022,1.40829,1.40847,1.00,1.50
2015.03.30 06:03:40.225,1.4083,1.40852,1.00,1.12
2015.03.30 06:03:40.428,1.4083,1.40855,1.37,1.45
2015.03.30 06:03:40.934,1.40832,1.40857,1.00,1.82
2015.03.30 06:03:45.616,1.40832,1.40856,1.07,1.47
2015.03.30 06:03:46.132,1.40832,1.40856,1.26,1.47
2015.03.30 06:03:46.386,1.40831,1.40858,2.14,1.45
2015.03.30 06:03:47.260,1.40832,1.40861,1.01,2.06
2015.03.30 06:03:48.533,1.40831,1.40861,2.51,3.00
2015.03.30 06:03:48.786,1.40831,1.40857,1.39,1.87
2015.03.30 06:03:48.888,1.40831,1.40849,1.31,1.00
2015.03.30 06:03:49.199,1.40834,1.40849,1.12,1.00
2015.03.30 06:03:49.554,1.40834,1.40849,1.57,1.37
2015.03.30 06:03:50.663,1.40834,1.40849,1.57,1.37
2015.03.30 06:03:51.185,1.40836,1.40854,1.39,1.37
2015.03.30 06:03:51.338,1.40838,1.40855,1.39,1.37
2015.03.30 06:03:51.389,1.40838,1.40856,1.76,1.00
2015.03.30 06:03:51.542,1.40842,1.40861,1.07,1.37
2015.03.30 06:03:51.745,1.40839,1.40861,2.06,1.37
2015.03.30 06:03:51.847,1.4084,1.40863,1.87,1.37
2015.03.30 06:03:52.050,1.40841,1.40866,1.20,1.37
2015.03.30 06:03:52.253,1.40838,1.40857,1.20,1.50
2015.03.30 06:03:52.304,1.40838,1.40857,1.00,1.87
2015.03.30 06:03:52.811,1.40838,1.40855,1.00,1.57
2015.03.30 06:03:52.913,1.40832,1.40855,1.00,1.57
2015.03.30 06:03:53.421,1.40829,1.40856,2.25,1.56
2015.03.30 06:03:56.891,1.4083,1.40856,1.57,1.75
2015.03.30 06:03:57.578,1.40832,1.40855,1.20,1.00
2015.03.30 06:03:57.883,1.40835,1.40858,1.56,1.20
2015.03.30 06:03:58.144,1.40837,1.40862,1.88,1.62
2015.03.30 06:03:58.448,1.40837,1.40863,1.30,1.95
2015.03.30 06:03:58.753,1.40833,1.40858,1.20,1.75
2015.03.30 06:03:58.805,1.40832,1.40856,1.39,2.81
2015.03.30 06:03:58.907,1.40831,1.40855,1.27,1.20
2015.03.30 06:03:59.413,1.40833,1.40856,1.00,1.27
2015.03.30 06:04:02.367,1.40833,1.40853,1.00,1.00
2015.03.30 06:04:02.722,1.40828,1.40854,1.01,1.20
2015.03.30 06:04:02.823,1.40829,1.40852,1.36,1.00
2015.03.30 06:04:02.925,1.40828,1.40855,1.76,1.65
2015.03.30 06:04:02.976,1.40828,1.40855,1.76,2.25
2015.03.30 06:04:03.280,1.40831,1.40855,1.00,1.87
2015.03.30 06:04:03.803,1.40829,1.40854,1.31,1.57
2015.03.30 06:04:04.729,1.40829,1.40854,1.46,1.27
2015.03.30 06:04:04.831,1.40831,1.40855,1.00,1.87
2015.03.30 06:04:05.134,1.40832,1.40858,2.06,1.47
2015.03.30 06:04:05.185,1.40832,1.40859,2.14,1.57
2015.03.30 06:04:05.697,1.40835,1.4086,1.10,1.50
2015.03.30 06:04:07.543,1.40835,1.4086,1.47,1.50
2015.03.30 06:04:07.758,1.40838,1.40859,1.00,1.57
2015.03.30 06:04:14.557,1.40848,1.40859,1.00,1.57
2015.03.30 06:04:14.862,1.40852,1.4087,1.31,1.75
2015.03.30 06:04:14.964,1.40852,1.40872,1.31,1.75
2015.03.30 06:04:15.268,1.40853,1.40875,1.69,1.12
2015.03.30 06:04:15.370,1.40853,1.40876,1.69,1.87
2015.03.30 06:04:15.630,1.40853,1.40879,1.69,1.57
2015.03.30 06:04:16.361,1.40855,1.40877,1.00,1.47
2015.03.30 06:04:16.927,1.40853,1.40871,1.50,1.37
2015.03.30 06:04:18.506,1.40852,1.40871,1.01,1.37
2015.03.30 06:04:19.781,1.40852,1.40872,1.47,1.37
2015.03.30 06:04:21.562,1.40853,1.4087,1.00,1.37
2015.03.30 06:04:21.816,1.4085,1.40869,1.20,1.37
2015.03.30 06:04:22.764,1.40848,1.40869,1.20,1.37
2015.03.30 06:04:25.376,1.40848,1.40869,1.76,1.37
2015.03.30 06:04:25.694,1.40856,1.40868,1.00,1.37
2015.03.30 06:04:25.947,1.40851,1.40868,1.75,1.37
2015.03.30 06:04:27.478,1.40853,1.40869,1.00,1.37
2015.03.30 06:04:28.125,1.40851,1.40869,1.69,1.37
2015.03.30 06:04:28.328,1.40849,1.40869,1.65,1.37
2015.03.30 06:04:28.532,1.40847,1.40867,1.69,1.37
2015.03.30 06:04:28.895,1.40847,1.40866,1.69,1.37
2015.03.30 06:04:30.502,1.4085,1.40865,1.12,1.37
2015.03.30 06:04:31.017,1.40851,1.40866,1.00,1.37
2015.03.30 06:04:31.118,1.40851,1.40866,1.00,1.00
2015.03.30 06:04:31.271,1.40852,1.40869,1.00,1.12
2015.03.30 06:04:31.322,1.40852,1.40874,1.00,1.57
2015.03.30 06:04:31.576,1.40852,1.40869,1.00,1.00
2015.03.30 06:04:31.829,1.40854,1.40875,1.00,2.02
2015.03.30 06:04:32.492,1.40853,1.40874,1.20,1.37
2015.03.30 06:04:33.116,1.40853,1.40874,1.10,1.37
2015.03.30 06:04:35.056,1.40852,1.40873,1.46,1.00
2015.03.30 06:04:35.107,1.40855,1.40873,1.37,1.00
2015.03.30 06:04:35.310,1.40858,1.40878,1.01,1.12
2015.03.30 06:04:36.501,1.40859,1.40883,2.07,1.45
2015.03.30 06:04:37.083,1.40859,1.40882,2.07,1.47
2015.03.30 06:04:37.186,1.40859,1.4088,1.25,1.37
2015.03.30 06:04:37.389,1.40859,1.40877,1.00,1.00
2015.03.30 06:04:37.745,1.40856,1.40881,1.20,1.57
2015.03.30 06:04:37.948,1.40856,1.40881,2.33,1.55
2015.03.30 06:04:38.252,1.40857,1.40881,1.31,1.37
2015.03.30 06:04:39.337,1.40859,1.40882,1.01,1.87
2015.03.30 06:04:39.792,1.4086,1.40882,1.12,1.37
2015.03.30 06:04:40.578,1.40857,1.40881,1.20,1.57
2015.03.30 06:04:40.781,1.40856,1.40877,1.15,1.00
2015.03.30 06:04:40.933,1.40853,1.40879,2.51,1.57
2015.03.30 06:04:41.338,1.40861,1.40879,1.37,1.57
2015.03.30 06:04:41.642,1.40864,1.4089,1.09,1.12
2015.03.30 06:04:41.794,1.40862,1.40886,1.64,1.37
2015.03.30 06:04:42.240,1.40859,1.40882,1.50,1.12
2015.03.30 06:04:42.392,1.40857,1.40881,1.69,1.07
2015.03.30 06:04:43.307,1.40854,1.40881,1.82,1.82
2015.03.30 06:04:43.510,1.40853,1.40872,1.26,1.00
2015.03.30 06:04:43.562,1.40852,1.40873,1.56,1.27
2015.03.30 06:04:43.765,1.40845,1.40871,1.44,2.02
2015.03.30 06:04:43.867,1.40845,1.40871,1.25,2.21
2015.03.30 06:04:44.170,1.40844,1.40864,1.47,1.75
2015.03.30 06:04:44.222,1.40844,1.40859,1.00,1.50
2015.03.30 06:04:44.273,1.40833,1.40859,2.25,3.37
2015.03.30 06:04:44.325,1.40833,1.40857,1.10,1.20
2015.03.30 06:04:44.529,1.40829,1.40852,1.46,1.37
2015.03.30 06:04:45.036,1.40828,1.40854,2.06,2.25
2015.03.30 06:04:45.290,1.40828,1.40854,1.31,1.50
2015.03.30 06:04:45.771,1.40829,1.40853,1.40,1.37
2015.03.30 06:04:46.691,1.4083,1.40855,1.39,1.37
2015.03.30 06:04:47.412,1.40829,1.40854,1.34,1.37
2015.03.30 06:04:48.172,1.40826,1.40851,1.64,1.95
2015.03.30 06:04:49.805,1.40826,1.40851,1.01,1.95
2015.03.30 06:04:58.945,1.40824,1.40851,1.69,1.65
2015.03.30 06:04:59.450,1.40823,1.4085,1.39,1.87
2015.03.30 06:05:00.412,1.40823,1.40849,1.29,1.50
2015.03.30 06:05:00.715,1.4082,1.40848,2.81,1.76
2015.03.30 06:05:00.918,1.40822,1.40848,2.14,1.01
2015.03.30 06:05:01.424,1.40822,1.40849,1.01,2.14
2015.03.30 06:05:02.251,1.40822,1.40847,1.01,1.37
2015.03.30 06:05:02.612,1.40822,1.40848,1.64,1.47
2015.03.30 06:05:03.324,1.40823,1.4085,1.70,1.45
2015.03.30 06:05:03.731,1.40825,1.40851,1.39,1.39
2015.03.30 06:05:03.934,1.40824,1.40847,1.00,1.00
2015.03.30 06:05:04.084,1.40822,1.40851,2.44,2.51
2015.03.30 06:05:04.607,1.40822,1.40851,2.44,1.76
2015.03.30 06:05:05.148,1.40823,1.40851,1.01,2.51
2015.03.30 06:05:05.658,1.40823,1.4085,1.01,2.40
2015.03.30 06:05:06.522,1.40824,1.40851,1.36,1.57
2015.03.30 06:05:06.573,1.40825,1.40851,1.01,1.95
2015.03.30 06:05:06.881,1.40826,1.40852,1.12,1.65
2015.03.30 06:05:07.337,1.40828,1.40854,1.09,2.62
2015.03.30 06:05:08.363,1.40828,1.40854,1.84,1.87
2015.03.30 06:05:08.516,1.40828,1.40856,2.44,2.62
2015.03.30 06:05:08.617,1.40828,1.40856,2.01,1.87
2015.03.30 06:05:09.173,1.40828,1.40856,2.44,1.87
2015.03.30 06:05:09.780,1.4083,1.40856,1.09,1.87
2015.03.30 06:05:09.933,1.4083,1.40856,1.32,1.20
2015.03.30 06:05:10.085,1.4083,1.40856,1.84,1.12
2015.03.30 06:05:10.237,1.40831,1.40857,1.19,2.25
2015.03.30 06:05:10.389,1.40832,1.40857,1.01,1.37
2015.03.30 06:05:10.849,1.40831,1.40856,1.39,1.55
2015.03.30 06:05:11.001,1.40829,1.40855,1.46,1.27
2015.03.30 06:05:11.975,1.40828,1.40855,2.06,1.27
2015.03.30 06:05:12.633,1.40828,1.40855,2.06,2.02
2015.03.30 06:05:13.620,1.40828,1.40855,2.44,1.27
2015.03.30 06:05:14.130,1.40828,1.40855,2.44,1.27
2015.03.30 06:05:14.988,1.40828,1.40856,2.44,2.62
2015.03.30 06:05:15.496,1.40831,1.40858,1.09,1.12
2015.03.30 06:05:15.909,1.40834,1.40858,1.00,1.12
2015.03.30 06:05:16.217,1.40834,1.40859,1.36,1.57
2015.03.30 06:05:17.154,1.40834,1.4086,1.74,1.87
2015.03.30 06:05:17.628,1.40834,1.4086,1.74,1.87
2015.03.30 06:05:18.508,1.40834,1.4086,1.09,3.00
2015.03.30 06:05:18.559,1.40837,1.4086,1.19,2.25
2015.03.30 06:05:18.960,1.40836,1.40861,1.37,1.15
2015.03.30 06:05:19.061,1.40837,1.40862,1.00,1.57
2015.03.30 06:05:19.365,1.40835,1.40861,2.51,1.95
2015.03.30 06:05:19.872,1.40838,1.40863,2.89,2.25
2015.03.30 06:05:20.279,1.40838,1.40861,2.51,1.37
2015.03.30 06:05:20.382,1.40837,1.40862,1.92,1.37
2015.03.30 06:05:20.535,1.40832,1.40857,1.95,1.27
2015.03.30 06:05:20.636,1.40831,1.40852,1.50,1.37
2015.03.30 06:05:20.738,1.40831,1.40856,2.14,2.02
2015.03.30 06:05:21.253,1.40831,1.40855,1.55,1.37
2015.03.30 06:05:21.304,1.40831,1.40855,1.55,1.37
2015.03.30 06:05:21.608,1.4082,1.40842,1.01,1.37
2015.03.30 06:05:21.710,1.40819,1.40839,1.20,1.37
2015.03.30 06:05:21.811,1.4082,1.40842,1.21,1.47
2015.03.30 06:05:22.369,1.4082,1.40846,1.31,1.76
2015.03.30 06:05:22.522,1.40819,1.40843,2.06,1.37
2015.03.30 06:05:22.724,1.40817,1.40841,1.82,1.37
2015.03.30 06:05:23.231,1.40819,1.40842,1.20,1.37
2015.03.30 06:05:23.913,1.40821,1.40841,1.20,1.37
2015.03.30 06:05:24.219,1.40814,1.40839,1.61,1.69
2015.03.30 06:05:24.524,1.40812,1.40831,1.69,1.37
2015.03.30 06:05:25.161,1.40811,1.4083,1.09,1.37
2015.03.30 06:05:26.666,1.40811,1.40831,1.69,1.37
2015.03.30 06:05:29.592,1.40816,1.40831,1.62,1.37
2015.03.30 06:05:29.643,1.40819,1.40831,1.37,1.00
2015.03.30 06:05:29.695,1.40819,1.40836,1.12,1.12
2015.03.30 06:05:29.746,1.40817,1.40835,1.20,1.12
2015.03.30 06:05:29.847,1.40819,1.40839,1.20,1.37
2015.03.30 06:05:29.949,1.4082,1.40839,1.75,1.37
2015.03.30 06:05:30.304,1.40822,1.40841,1.00,1.12
2015.03.30 06:05:30.406,1.40822,1.40842,1.76,1.37
2015.03.30 06:05:30.609,1.40825,1.40842,1.47,1.37
2015.03.30 06:05:30.660,1.40826,1.40842,1.75,1.37
2015.03.30 06:05:30.863,1.40829,1.40846,1.00,1.00
2015.03.30 06:05:31.066,1.4083,1.40852,1.85,1.37
2015.03.30 06:05:31.270,1.40832,1.40855,1.47,1.47
2015.03.30 06:05:31.371,1.40832,1.40855,1.10,1.95
2015.03.30 06:05:31.792,1.40831,1.40858,1.46,1.12
2015.03.30 06:05:31.944,1.40832,1.40859,1.82,1.70
2015.03.30 06:05:32.255,1.40833,1.4086,1.27,1.20
2015.03.30 06:05:32.306,1.40833,1.40861,1.95,1.39
2015.03.30 06:05:33.286,1.40835,1.40862,1.95,1.76
2015.03.30 06:05:36.879,1.40834,1.4086,1.39,1.46
2015.03.30 06:05:36.930,1.40833,1.4086,1.76,1.76
2015.03.30 06:05:37.458,1.40834,1.40859,1.39,1.12
2015.03.30 06:05:38.787,1.40836,1.40861,1.20,1.30
2015.03.30 06:05:39.244,1.40834,1.40861,2.07,1.45
2015.03.30 06:05:41.316,1.40835,1.40861,1.70,1.20
2015.03.30 06:05:42.033,1.40835,1.40863,1.39,2.06
2015.03.30 06:05:42.576,1.40836,1.40863,1.39,1.50
2015.03.30 06:05:44.038,1.40837,1.40863,2.00,1.69
2015.03.30 06:05:44.141,1.40838,1.40863,1.75,1.62
2015.03.30 06:05:44.192,1.40839,1.40864,1.45,1.69
2015.03.30 06:05:44.243,1.40839,1.40864,1.50,1.69
2015.03.30 06:05:44.842,1.40841,1.40865,1.12,1.31
2015.03.30 06:05:45.720,1.40842,1.40866,1.12,2.81
2015.03.30 06:05:46.671,1.40842,1.40866,1.12,2.81
2015.03.30 06:05:46.875,1.40844,1.40869,1.45,1.76
2015.03.30 06:05:46.928,1.40845,1.40869,1.12,2.44
2015.03.30 06:05:47.335,1.40844,1.40866,1.12,1.87
2015.03.30 06:05:47.436,1.40844,1.40868,1.12,1.75
2015.03.30 06:05:47.589,1.40845,1.40868,1.12,1.37
2015.03.30 06:05:47.691,1.40845,1.40868,1.12,1.87
2015.03.30 06:05:47.994,1.40845,1.40866,1.12,1.62
2015.03.30 06:05:48.551,1.40846,1.40868,1.12,1.37
2015.03.30 06:05:48.704,1.40848,1.4087,1.65,1.87
2015.03.30 06:05:49.009,1.40852,1.40874,1.20,1.37
2015.03.30 06:05:49.658,1.4085,1.40867,1.50,1.37
2015.03.30 06:05:49.759,1.40849,1.40872,1.00,1.56
2015.03.30 06:05:49.861,1.40847,1.40867,1.12,1.62
2015.03.30 06:05:50.014,1.40847,1.40865,1.37,1.00
2015.03.30 06:05:50.065,1.40848,1.4087,1.87,1.37
2015.03.30 06:05:50.369,1.40845,1.40866,2.89,1.37
2015.03.30 06:05:50.471,1.40845,1.40867,1.76,1.37
2015.03.30 06:05:52.713,1.40845,1.40867,1.87,1.37
2015.03.30 06:05:53.017,1.40847,1.40866,1.12,1.37
2015.03.30 06:05:54.040,1.40849,1.40866,1.87,1.37
2015.03.30 06:05:54.294,1.4085,1.40867,2.40,1.00
2015.03.30 06:05:54.496,1.40851,1.40867,1.65,1.37
2015.03.30 06:05:54.547,1.40849,1.40867,3.00,1.37
2015.03.30 06:05:54.599,1.40851,1.40868,1.95,1.00
2015.03.30 06:05:54.701,1.40855,1.40876,1.00,1.87
2015.03.30 06:05:54.854,1.40855,1.40876,1.10,1.00
2015.03.30 06:05:54.905,1.40857,1.40878,1.37,1.64
2015.03.30 06:05:55.209,1.40866,1.40886,1.20,1.62
2015.03.30 06:05:55.614,1.40864,1.40886,2.40,1.62
2015.03.30 06:05:55.716,1.40864,1.40885,2.32,1.37
2015.03.30 06:05:55.919,1.40865,1.40883,1.75,1.37
2015.03.30 06:05:56.173,1.40865,1.40883,2.25,1.37
2015.03.30 06:05:56.274,1.40867,1.40886,1.75,1.37
2015.03.30 06:05:56.376,1.40869,1.40886,1.75,1.37
2015.03.30 06:05:56.781,1.40869,1.40887,1.12,1.62
2015.03.30 06:05:56.984,1.40866,1.40885,1.37,1.87
2015.03.30 06:05:57.136,1.40863,1.40882,1.27,1.87
2015.03.30 06:05:57.238,1.40863,1.4088,1.00,1.56
2015.03.30 06:05:57.339,1.4086,1.40876,1.00,1.56
2015.03.30 06:05:57.391,1.4086,1.40875,1.00,1.12
2015.03.30 06:05:57.492,1.40855,1.40881,1.12,2.96
2015.03.30 06:05:57.797,1.40853,1.40874,1.07,1.56
2015.03.30 06:05:58.050,1.40849,1.40872,1.50,1.62
2015.03.30 06:06:00.354,1.40849,1.40872,2.20,1.37
2015.03.30 06:06:00.920,1.40851,1.40873,1.20,1.37
2015.03.30 06:06:01.441,1.40852,1.40873,1.00,1.37
2015.03.30 06:06:01.888,1.40851,1.40874,1.27,1.25
2015.03.30 06:06:02.396,1.40852,1.4088,1.10,1.01
2015.03.30 06:06:02.548,1.40851,1.4088,1.46,1.66
2015.03.30 06:06:02.650,1.40852,1.4088,1.20,2.14
2015.03.30 06:06:03.068,1.40854,1.40878,1.00,1.31
2015.03.30 06:06:03.580,1.40853,1.40877,1.00,1.31
2015.03.30 06:06:03.736,1.40853,1.40877,1.37,1.25
2015.03.30 06:06:06.602,1.40853,1.40876,1.37,1.12
2015.03.30 06:06:06.804,1.4085,1.40877,1.67,1.12
2015.03.30 06:06:07.109,1.40851,1.40878,1.20,1.39
2015.03.30 06:06:07.160,1.4085,1.40878,1.20,1.31
2015.03.30 06:06:07.262,1.40852,1.40878,1.45,1.31
2015.03.30 06:06:07.718,1.40851,1.40878,1.45,1.31
2015.03.30 06:06:08.260,1.40851,1.40878,1.45,1.31
2015.03.30 06:06:08.514,1.4085,1.40874,1.20,1.19
2015.03.30 06:06:08.565,1.40847,1.40874,2.81,1.69
2015.03.30 06:06:08.616,1.40847,1.40871,2.63,1.19
2015.03.30 06:06:08.920,1.40838,1.40862,1.19,1.76
2015.03.30 06:06:09.174,1.40838,1.40862,1.19,2.40
2015.03.30 06:06:09.225,1.40837,1.40865,2.44,1.50
2015.03.30 06:06:09.327,1.40842,1.40867,1.56,1.35
2015.03.30 06:06:09.682,1.40842,1.40867,1.69,1.87
2015.03.30 06:06:10.037,1.40843,1.40865,1.12,1.12
2015.03.30 06:06:10.544,1.40842,1.40863,1.00,1.12
2015.03.30 06:06:10.798,1.40839,1.40863,1.55,1.12
2015.03.30 06:06:14.721,1.40838,1.40858,1.20,1.12
2015.03.30 06:06:15.026,1.40835,1.40858,1.12,1.56
2015.03.30 06:06:15.078,1.40836,1.40858,1.87,1.31
2015.03.30 06:06:15.129,1.40836,1.40857,1.87,1.62
2015.03.30 06:06:15.181,1.40835,1.40856,1.75,1.12
2015.03.30 06:06:15.283,1.40833,1.40856,1.12,1.31
2015.03.30 06:06:15.443,1.40833,1.40859,1.57,1.01
2015.03.30 06:06:15.494,1.40835,1.4086,1.45,1.69
2015.03.30 06:06:15.799,1.40838,1.40861,1.07,1.62
2015.03.30 06:06:16.392,1.40836,1.40862,1.50,2.81
2015.03.30 06:06:17.365,1.40839,1.40865,2.25,1.94
2015.03.30 06:06:17.821,1.40839,1.40864,1.76,1.37
2015.03.30 06:06:17.922,1.40841,1.40866,1.45,1.37
2015.03.30 06:06:18.188,1.40841,1.40866,1.87,1.37
2015.03.30 06:06:18.704,1.40841,1.40866,2.25,1.37
2015.03.30 06:06:19.574,1.40841,1.40866,2.44,1.37
2015.03.30 06:06:19.828,1.40838,1.40863,1.69,1.75
2015.03.30 06:06:19.930,1.40838,1.4086,1.12,1.50
2015.03.30 06:06:20.234,1.4083,1.40851,1.08,2.06
2015.03.30 06:06:20.488,1.40822,1.40844,2.02,1.37
2015.03.30 06:06:20.691,1.40823,1.40845,1.17,1.37
2015.03.30 06:06:20.894,1.40825,1.40844,1.12,1.00
2015.03.30 06:06:20.996,1.40828,1.40852,1.12,1.50
2015.03.30 06:06:21.220,1.40828,1.4085,1.12,1.12
2015.03.30 06:06:21.526,1.40827,1.4085,1.50,2.06
2015.03.30 06:06:21.679,1.40827,1.4085,1.50,1.37
2015.03.30 06:06:21.781,1.40826,1.40852,2.06,2.25
2015.03.30 06:06:21.884,1.40827,1.40854,1.31,1.75
2015.03.30 06:06:22.088,1.40827,1.40851,1.69,1.37
2015.03.30 06:06:22.240,1.40828,1.40851,1.01,1.37
2015.03.30 06:06:22.748,1.40828,1.40852,1.45,1.37
2015.03.30 06:06:23.053,1.40823,1.40847,2.00,1.37
2015.03.30 06:06:23.109,1.40823,1.40847,1.01,1.37
2015.03.30 06:06:23.415,1.40822,1.40845,1.26,1.37
2015.03.30 06:06:23.780,1.4082,1.40844,1.12,1.56
2015.03.30 06:06:23.932,1.40816,1.40834,1.50,1.37
2015.03.30 06:06:24.141,1.40813,1.40833,2.25,1.37
2015.03.30 06:06:24.671,1.40813,1.40832,1.75,1.37
2015.03.30 06:06:24.774,1.40814,1.40833,1.45,1.37
2015.03.30 06:06:25.078,1.40815,1.40834,1.20,1.37
2015.03.30 06:06:25.179,1.40817,1.40837,1.70,1.37
2015.03.30 06:06:25.483,1.40823,1.40843,1.50,1.37
2015.03.30 06:06:25.686,1.4082,1.40846,1.94,1.87
2015.03.30 06:06:26.092,1.40821,1.40846,1.64,1.50
2015.03.30 06:06:26.346,1.40818,1.40843,1.69,1.37
2015.03.30 06:06:26.397,1.40818,1.40843,1.60,1.75
2015.03.30 06:06:26.701,1.40816,1.40836,1.12,1.37
2015.03.30 06:06:27.359,1.4082,1.40835,1.47,1.37
2015.03.30 06:06:27.613,1.40821,1.40835,1.87,1.37
2015.03.30 06:06:27.815,1.40824,1.40838,1.20,1.00
2015.03.30 06:06:27.866,1.40826,1.40838,1.12,1.00
2015.03.30 06:06:27.968,1.40826,1.40845,1.12,1.12
2015.03.30 06:06:28.070,1.40825,1.40843,1.12,1.37
2015.03.30 06:06:28.375,1.40831,1.40843,1.00,1.37
2015.03.30 06:06:28.731,1.40829,1.40845,1.20,1.37
2015.03.30 06:06:28.782,1.40829,1.40845,1.95,1.37
2015.03.30 06:06:29.126,1.40833,1.40853,1.75,1.37
2015.03.30 06:06:29.379,1.40836,1.40853,1.00,1.37
2015.03.30 06:06:29.481,1.40839,1.40854,1.75,1.37
2015.03.30 06:06:29.939,1.40839,1.40857,2.70,1.37
2015.03.30 06:06:30.244,1.4084,1.40861,1.57,1.37
2015.03.30 06:06:30.396,1.4084,1.40859,1.12,1.37
2015.03.30 06:06:30.548,1.40838,1.40856,1.10,1.37
2015.03.30 06:06:30.599,1.40837,1.40856,1.92,1.37
2015.03.30 06:06:30.903,1.40842,1.40857,1.00,1.37
2015.03.30 06:06:31.056,1.40841,1.4086,1.12,1.37
2015.03.30 06:06:31.462,1.40841,1.40858,1.12,1.37
2015.03.30 06:06:31.766,1.40839,1.40857,1.12,1.31
2015.03.30 06:06:31.818,1.40839,1.40851,1.12,1.00
2015.03.30 06:06:31.919,1.40831,1.40851,2.18,1.37
2015.03.30 06:06:32.021,1.40834,1.40846,1.07,1.37
2015.03.30 06:06:32.072,1.40831,1.40846,2.40,1.37
2015.03.30 06:06:32.123,1.40831,1.4085,3.07,1.12
2015.03.30 06:06:32.174,1.40832,1.4085,1.50,1.12
2015.03.30 06:06:32.225,1.40834,1.40852,1.07,1.12
2015.03.30 06:06:32.276,1.40834,1.40853,1.07,1.87
2015.03.30 06:06:32.378,1.40837,1.40857,1.00,1.75
2015.03.30 06:06:32.479,1.4084,1.40862,1.19,1.31
2015.03.30 06:06:32.530,1.4084,1.40862,2.06,1.31
2015.03.30 06:06:32.786,1.40846,1.40868,1.01,1.00
2015.03.30 06:06:32.838,1.4085,1.40872,1.37,1.27
2015.03.30 06:06:32.889,1.4085,1.40873,2.25,1.20
2015.03.30 06:06:33.042,1.4085,1.40877,2.62,1.74
2015.03.30 06:06:33.093,1.4085,1.40878,1.95,2.89
2015.03.30 06:06:33.296,1.4085,1.40876,1.88,1.46
2015.03.30 06:06:33.754,1.4085,1.40875,1.47,1.95
2015.03.30 06:06:34.733,1.4085,1.40874,1.85,1.47
2015.03.30 06:06:35.087,1.40848,1.40875,1.95,2.51
2015.03.30 06:06:35.138,1.4085,1.40875,1.10,2.51
2015.03.30 06:06:35.340,1.40846,1.40871,1.69,1.50
2015.03.30 06:06:35.543,1.40846,1.40871,1.50,1.31
2015.03.30 06:06:35.645,1.40845,1.40868,1.87,1.75
2015.03.30 06:06:35.696,1.40845,1.40867,1.00,1.01
2015.03.30 06:06:35.848,1.40847,1.40868,1.00,1.12
2015.03.30 06:06:36.001,1.40848,1.4087,1.10,1.94
2015.03.30 06:06:36.102,1.40847,1.40862,1.00,1.37
2015.03.30 06:06:36.204,1.40845,1.40863,1.00,1.37
2015.03.30 06:06:36.459,1.40841,1.40862,1.00,1.37
2015.03.30 06:06:36.560,1.40838,1.4086,1.00,2.14
2015.03.30 06:06:36.611,1.40838,1.4086,1.00,2.51
2015.03.30 06:06:36.966,1.40838,1.40859,1.12,1.46
2015.03.30 06:06:37.068,1.40838,1.4086,1.12,1.31
2015.03.30 06:06:37.178,1.40841,1.40861,1.00,1.01
2015.03.30 06:06:37.534,1.40839,1.40862,1.95,1.37
2015.03.30 06:06:37.740,1.40839,1.40862,1.39,1.37
2015.03.30 06:06:37.792,1.4084,1.40867,1.94,2.25
2015.03.30 06:06:37.843,1.40841,1.40867,1.31,1.95
2015.03.30 06:06:37.944,1.40844,1.40868,1.50,1.12
2015.03.30 06:06:38.249,1.40843,1.40869,1.27,1.37
2015.03.30 06:06:38.300,1.40843,1.4087,1.95,1.01
2015.03.30 06:06:38.505,1.40844,1.4087,1.07,1.01
2015.03.30 06:06:38.819,1.40841,1.40864,1.12,1.12
2015.03.30 06:06:39.532,1.40847,1.40865,1.75,1.37
2015.03.30 06:06:39.583,1.40847,1.40865,1.75,1.00
2015.03.30 06:06:39.634,1.40845,1.40865,1.84,1.00
2015.03.30 06:06:39.685,1.40848,1.40865,1.75,1.00
2015.03.30 06:06:39.736,1.40851,1.40876,1.87,1.31
2015.03.30 06:06:40.045,1.40851,1.40869,1.75,1.50
2015.03.30 06:06:40.300,1.40848,1.40865,1.00,1.56
2015.03.30 06:06:40.367,1.40848,1.40866,1.00,2.06
2015.03.30 06:06:40.469,1.40851,1.40864,1.00,1.56
2015.03.30 06:06:40.571,1.40851,1.40866,1.00,1.66
2015.03.30 06:06:40.775,1.40851,1.40865,1.00,2.14
2015.03.30 06:06:40.927,1.40844,1.40862,1.00,1.64
2015.03.30 06:06:41.029,1.40841,1.40862,1.00,1.64
2015.03.30 06:06:41.131,1.40833,1.40862,1.20,1.64
2015.03.30 06:06:41.436,1.4083,1.40861,1.69,1.76
2015.03.30 06:06:41.677,1.40831,1.40861,1.39,1.76
2015.03.30 06:06:41.982,1.4084,1.40864,1.12,1.31
2015.03.30 06:06:42.033,1.40838,1.40864,1.20,1.31
2015.03.30 06:06:42.236,1.40838,1.40866,1.12,1.39
2015.03.30 06:06:42.440,1.40837,1.40862,1.12,1.37
2015.03.30 06:06:42.695,1.40837,1.40864,1.12,1.01
2015.03.30 06:06:42.898,1.40842,1.40867,1.10,1.31
2015.03.30 06:06:43.015,1.40842,1.40867,1.17,1.31
2015.03.30 06:06:43.118,1.40839,1.40868,1.39,1.74
2015.03.30 06:06:43.169,1.40838,1.40868,1.57,1.01
2015.03.30 06:06:43.474,1.4084,1.40869,1.66,1.31
2015.03.30 06:06:43.779,1.40844,1.4087,1.69,1.20
2015.03.30 06:06:43.880,1.40846,1.40872,1.30,1.39
2015.03.30 06:06:44.286,1.40849,1.40875,1.37,2.51
2015.03.30 06:06:44.980,1.40849,1.40874,1.37,1.37
2015.03.30 06:06:45.594,1.40849,1.40874,1.52,1.56
2015.03.30 06:06:45.646,1.4085,1.40875,1.47,1.69
2015.03.30 06:06:45.798,1.4085,1.40876,1.19,1.50
2015.03.30 06:06:46.103,1.40856,1.40878,1.19,1.12
2015.03.30 06:06:46.255,1.40861,1.40884,1.19,2.25
2015.03.30 06:06:46.357,1.40861,1.40889,1.56,1.94
2015.03.30 06:06:46.509,1.40863,1.40889,1.31,1.87
2015.03.30 06:06:46.763,1.40861,1.40889,1.31,1.39
2015.03.30 06:06:46.920,1.40861,1.40889,1.56,1.39
2015.03.30 06:06:47.123,1.40861,1.40889,1.37,1.20
2015.03.30 06:06:47.380,1.40865,1.4089,1.00,1.87
2015.03.30 06:06:47.686,1.4087,1.4089,1.00,1.20
2015.03.30 06:06:47.787,1.4087,1.40891,1.00,1.17
2015.03.30 06:06:47.895,1.40865,1.40891,1.50,1.17
2015.03.30 06:06:48.149,1.40867,1.40888,1.00,1.00
2015.03.30 06:06:48.251,1.40861,1.40889,1.45,1.50
2015.03.30 06:06:48.353,1.40862,1.4089,1.00,1.85
2015.03.30 06:06:48.505,1.40862,1.40889,1.00,1.50
2015.03.30 06:06:48.809,1.40864,1.40889,1.12,1.82
2015.03.30 06:06:48.860,1.40864,1.4089,1.37,1.12
2015.03.30 06:06:49.063,1.40867,1.40892,1.00,1.12
2015.03.30 06:06:49.317,1.40865,1.40891,1.47,1.10
2015.03.30 06:06:49.856,1.4087,1.40895,1.00,1.20
2015.03.30 06:06:49.908,1.40871,1.40898,1.37,1.85
2015.03.30 06:06:49.959,1.40871,1.40898,1.37,1.17
2015.03.30 06:06:50.466,1.40872,1.40901,1.57,1.57
2015.03.30 06:06:50.517,1.40872,1.40901,1.55,1.20
2015.03.30 06:06:50.720,1.40872,1.40902,1.57,2.25
2015.03.30 06:06:51.025,1.40871,1.40902,2.02,2.25
2015.03.30 06:06:51.542,1.40871,1.40901,2.02,1.50
2015.03.30 06:06:52.107,1.40872,1.409,1.57,1.87
2015.03.30 06:06:52.208,1.4087,1.40897,1.12,1.37
2015.03.30 06:06:52.411,1.40866,1.40894,1.20,1.07
2015.03.30 06:06:52.614,1.40867,1.40894,1.00,2.25
2015.03.30 06:06:52.817,1.40865,1.40893,1.12,1.12
2015.03.30 06:06:52.968,1.40865,1.4089,1.00,1.12
2015.03.30 06:06:53.323,1.40862,1.40889,1.87,1.75
2015.03.30 06:06:53.425,1.40859,1.40887,1.95,1.50
2015.03.30 06:06:53.830,1.40858,1.40889,1.20,2.32
2015.03.30 06:06:53.882,1.4086,1.40887,1.20,1.45
2015.03.30 06:06:54.388,1.40862,1.40887,1.12,1.37
2015.03.30 06:06:54.793,1.40866,1.4089,1.12,1.37
2015.03.30 06:06:54.852,1.40866,1.4089,1.12,1.12
2015.03.30 06:06:54.955,1.40866,1.40895,1.50,2.89
2015.03.30 06:06:55.462,1.40868,1.40897,1.50,1.47
2015.03.30 06:06:55.868,1.40869,1.409,3.00,2.25
2015.03.30 06:06:55.919,1.40871,1.409,1.50,1.45
2015.03.30 06:06:55.970,1.40873,1.40903,1.57,3.49
2015.03.30 06:06:56.022,1.40875,1.40903,1.20,1.99
2015.03.30 06:06:56.378,1.40872,1.40899,1.50,1.37
2015.03.30 06:06:56.479,1.40872,1.40899,1.45,1.37
2015.03.30 06:06:56.581,1.40869,1.40899,1.87,1.95
2015.03.30 06:06:56.785,1.40867,1.40898,1.12,1.20
2015.03.30 06:06:57.193,1.40868,1.40897,1.12,1.07
2015.03.30 06:06:57.701,1.4087,1.40898,1.15,1.52
2015.03.30 06:06:58.005,1.40871,1.40896,1.00,1.15
2015.03.30 06:06:58.310,1.40871,1.40898,1.12,1.57
2015.03.30 06:06:58.563,1.40869,1.40896,1.12,1.10
2015.03.30 06:06:59.070,1.40869,1.40894,2.25,1.75
2015.03.30 06:06:59.273,1.40869,1.40894,1.65,1.50
2015.03.30 06:06:59.374,1.40875,1.40894,1.00,1.50
2015.03.30 06:07:00.070,1.40875,1.40891,1.00,1.00
2015.03.30 06:07:00.122,1.40867,1.40891,1.50,1.00
2015.03.30 06:07:00.173,1.40867,1.4089,1.12,1.12
2015.03.30 06:07:00.321,1.40864,1.40888,1.75,1.75
2015.03.30 06:07:00.375,1.40863,1.40889,1.75,1.50
2015.03.30 06:07:00.426,1.40859,1.40888,2.20,1.12
2015.03.30 06:07:00.478,1.40865,1.40885,1.10,1.75
2015.03.30 06:07:00.732,1.40863,1.40885,1.00,2.32
2015.03.30 06:07:00.783,1.40863,1.40886,1.00,1.55
2015.03.30 06:07:00.986,1.40861,1.40891,1.45,3.00
2015.03.30 06:07:01.037,1.40861,1.4089,1.50,1.57
2015.03.30 06:07:01.190,1.4086,1.40888,1.50,1.00
2015.03.30 06:07:01.342,1.4086,1.40885,1.50,1.00
2015.03.30 06:07:01.444,1.4086,1.40888,1.12,1.50
2015.03.30 06:07:01.545,1.40862,1.4089,1.87,2.62
2015.03.30 06:07:01.850,1.40864,1.4089,1.12,1.12
2015.03.30 06:07:02.305,1.40864,1.40891,1.12,1.50
2015.03.30 06:07:02.356,1.40864,1.40891,1.12,1.87
2015.03.30 06:07:02.878,1.40864,1.4089,1.12,1.12
2015.03.30 06:07:03.081,1.40864,1.40889,1.12,1.37
2015.03.30 06:07:03.291,1.40862,1.40888,1.88,1.50
2015.03.30 06:07:03.342,1.40863,1.40885,1.07,1.00
2015.03.30 06:07:03.799,1.40859,1.40885,1.12,1.50
2015.03.30 06:07:03.850,1.40859,1.40885,1.12,1.50
2015.03.30 06:07:04.055,1.40857,1.40885,1.12,1.65
2015.03.30 06:07:04.106,1.40858,1.40885,1.20,3.15
2015.03.30 06:07:04.512,1.40857,1.40884,1.20,1.90
2015.03.30 06:07:04.899,1.40857,1.40885,1.20,2.62
2015.03.30 06:07:05.102,1.40854,1.40883,1.87,1.57
2015.03.30 06:07:05.305,1.40855,1.40881,1.45,1.00
2015.03.30 06:07:05.975,1.40856,1.40879,1.15,1.25
2015.03.30 06:07:06.280,1.40845,1.40872,1.01,2.07
2015.03.30 06:07:06.736,1.40846,1.40871,1.57,1.76
2015.03.30 06:07:06.941,1.40843,1.40869,1.20,1.31
2015.03.30 06:07:07.449,1.40844,1.4087,1.25,1.12
2015.03.30 06:07:07.803,1.40842,1.4087,1.34,1.37
2015.03.30 06:07:08.158,1.4084,1.40867,2.00,1.69
2015.03.30 06:07:08.666,1.40841,1.4087,1.87,2.44
2015.03.30 06:07:08.768,1.40851,1.40866,1.00,1.56
2015.03.30 06:07:08.870,1.40845,1.40866,1.10,1.87
2015.03.30 06:07:08.921,1.40845,1.40866,1.00,1.00
2015.03.30 06:07:08.972,1.40845,1.40868,1.00,1.12
2015.03.30 06:07:09.226,1.40848,1.40875,1.46,1.09
2015.03.30 06:07:09.277,1.40848,1.40876,1.76,2.06
2015.03.30 06:07:09.378,1.40849,1.40875,1.97,2.14
2015.03.30 06:07:09.784,1.40848,1.40875,2.25,1.66
2015.03.30 06:07:09.886,1.40849,1.40875,1.01,1.10
2015.03.30 06:07:09.988,1.40851,1.40877,1.09,1.12
2015.03.30 06:07:10.294,1.40854,1.40882,1.70,1.89
2015.03.30 06:07:10.629,1.40858,1.40882,1.20,1.81
2015.03.30 06:07:11.170,1.40858,1.40883,1.50,1.75
2015.03.30 06:07:11.634,1.40856,1.40882,1.57,1.62
2015.03.30 06:07:12.235,1.40856,1.40882,1.57,1.62
2015.03.30 06:07:13.526,1.40856,1.40882,1.45,1.37
2015.03.30 06:07:13.629,1.40855,1.40878,1.75,1.37
2015.03.30 06:07:13.833,1.40849,1.40869,2.70,1.37
2015.03.30 06:07:13.884,1.40849,1.40869,2.70,1.37
2015.03.30 06:07:14.087,1.40849,1.40871,1.27,1.00
2015.03.30 06:07:14.240,1.40852,1.40871,1.00,1.00
2015.03.30 06:07:14.291,1.40852,1.40878,1.00,1.31
2015.03.30 06:07:14.393,1.40852,1.40881,1.76,1.76
2015.03.30 06:07:15.052,1.40853,1.40882,1.97,1.39
2015.03.30 06:07:16.138,1.40852,1.40879,1.39,1.17
2015.03.30 06:07:16.291,1.40856,1.40879,1.00,1.17
2015.03.30 06:07:16.597,1.40872,1.40884,1.12,1.12
2015.03.30 06:07:16.700,1.40866,1.4089,1.50,1.12
2015.03.30 06:07:16.846,1.40865,1.40885,1.00,1.62
2015.03.30 06:07:16.898,1.40859,1.40886,1.17,1.20
2015.03.30 06:07:17.051,1.40859,1.40884,1.17,1.37
2015.03.30 06:07:17.308,1.40861,1.40888,1.75,1.50
2015.03.30 06:07:17.563,1.40867,1.40894,1.15,1.09
2015.03.30 06:07:17.817,1.40865,1.40892,1.75,1.31
2015.03.30 06:07:17.919,1.40863,1.40886,2.44,1.37
2015.03.30 06:07:18.173,1.40863,1.40892,1.26,1.97
2015.03.30 06:07:18.225,1.40863,1.40893,1.01,1.76
2015.03.30 06:07:18.276,1.40867,1.40894,1.25,1.87
2015.03.30 06:07:18.580,1.40876,1.40902,1.01,2.25
2015.03.30 06:07:18.885,1.40875,1.409,1.12,1.31
2015.03.30 06:07:19.138,1.40872,1.40894,1.12,1.37
2015.03.30 06:07:19.341,1.40869,1.40897,1.12,1.47
2015.03.30 06:07:19.797,1.40869,1.40896,1.12,2.06
2015.03.30 06:07:19.949,1.40864,1.40891,1.01,1.10
2015.03.30 06:07:20.000,1.40862,1.40891,1.94,1.20
2015.03.30 06:07:20.051,1.40864,1.40893,1.01,1.12
2015.03.30 06:07:20.355,1.40866,1.40894,1.69,1.12
2015.03.30 06:07:20.406,1.40868,1.40894,1.01,1.00
2015.03.30 06:07:20.710,1.40868,1.40893,1.12,1.31
2015.03.30 06:07:21.116,1.40866,1.40893,1.12,2.81
2015.03.30 06:07:21.431,1.40865,1.40889,1.60,1.37
2015.03.30 06:07:22.739,1.40865,1.40888,1.12,1.50
2015.03.30 06:07:22.994,1.40854,1.4088,1.74,1.10
2015.03.30 06:07:23.095,1.40855,1.40881,1.64,1.50
2015.03.30 06:07:23.400,1.40857,1.40883,1.75,2.06
2015.03.30 06:07:23.704,1.40856,1.40881,1.12,1.87
2015.03.30 06:07:24.211,1.40856,1.40879,1.12,1.37
2015.03.30 06:07:24.515,1.40854,1.40877,1.60,1.12
2015.03.30 06:07:24.971,1.40854,1.40876,1.12,1.37
2015.03.30 06:07:25.073,1.40851,1.40878,1.50,1.31
2015.03.30 06:07:25.579,1.4085,1.40877,1.75,1.87
2015.03.30 06:07:26.148,1.40854,1.40877,1.00,1.12
2015.03.30 06:07:26.401,1.40854,1.40878,1.00,2.51
2015.03.30 06:07:26.604,1.40858,1.40878,1.00,2.14
2015.03.30 06:07:26.705,1.40856,1.40878,1.00,1.57
2015.03.30 06:07:26.807,1.40861,1.40878,1.00,1.20
2015.03.30 06:07:26.961,1.40861,1.40881,1.00,1.57
2015.03.30 06:07:27.467,1.40861,1.40883,1.00,1.39
2015.03.30 06:07:27.620,1.4086,1.40886,1.00,1.31
2015.03.30 06:07:27.746,1.40865,1.40887,1.00,1.50
2015.03.30 06:07:27.801,1.40862,1.40889,1.25,3.19
2015.03.30 06:07:27.903,1.40867,1.40888,1.00,1.09
2015.03.30 06:07:28.410,1.40868,1.40888,1.00,1.12
2015.03.30 06:07:29.709,1.40868,1.40888,1.00,1.20
2015.03.30 06:07:30.018,1.40868,1.40889,1.00,1.74
2015.03.30 06:07:31.303,1.40866,1.40889,1.00,1.84
2015.03.30 06:07:31.984,1.40865,1.40888,1.00,1.01
2015.03.30 06:07:32.288,1.40865,1.40888,1.00,1.76
2015.03.30 06:07:32.592,1.40863,1.40887,1.00,1.20
2015.03.30 06:07:33.105,1.40863,1.40884,1.00,1.01
2015.03.30 06:07:33.719,1.40863,1.40886,1.00,1.20
2015.03.30 06:07:34.025,1.40868,1.40887,1.00,1.01
2015.03.30 06:07:34.076,1.40868,1.40889,1.00,1.31
2015.03.30 06:07:35.169,1.40863,1.40889,1.00,2.20
2015.03.30 06:07:38.578,1.40862,1.40888,1.00,1.15
2015.03.30 06:07:39.085,1.40862,1.4089,1.37,1.94
2015.03.30 06:07:39.822,1.40862,1.4089,1.12,1.31
2015.03.30 06:07:40.027,1.40862,1.4089,1.37,1.31
2015.03.30 06:07:40.728,1.40863,1.4089,1.12,1.31
2015.03.30 06:07:41.055,1.40863,1.4089,1.62,1.12
2015.03.30 06:07:41.571,1.40863,1.4089,1.62,1.12
2015.03.30 06:07:41.958,1.40864,1.40891,1.87,1.75
2015.03.30 06:07:42.298,1.40873,1.40897,1.00,1.01
2015.03.30 06:07:42.349,1.40871,1.40898,1.20,1.09
2015.03.30 06:07:42.755,1.40871,1.40898,1.20,1.84
2015.03.30 06:07:43.182,1.40872,1.40898,1.13,1.84
2015.03.30 06:07:43.487,1.40877,1.409,1.75,1.31
2015.03.30 06:07:44.164,1.40877,1.409,1.75,1.37
2015.03.30 06:07:44.987,1.40877,1.409,1.75,1.37
2015.03.30 06:07:45.191,1.40877,1.40901,1.12,1.37
2015.03.30 06:07:45.292,1.40878,1.40904,1.75,1.69
2015.03.30 06:07:45.448,1.40879,1.40904,1.12,1.25
2015.03.30 06:07:45.601,1.40883,1.40906,1.07,1.12
2015.03.30 06:07:45.858,1.40884,1.4091,1.88,1.12
2015.03.30 06:07:46.012,1.40883,1.4091,1.31,1.37
2015.03.30 06:07:46.417,1.40884,1.40912,1.12,1.69
2015.03.30 06:07:46.519,1.40887,1.40912,1.12,1.69
2015.03.30 06:07:46.874,1.40887,1.40911,1.12,2.06
2015.03.30 06:07:47.077,1.40887,1.40907,1.10,1.37
2015.03.30 06:07:47.180,1.40884,1.40907,1.18,1.12
2015.03.30 06:07:47.284,1.40881,1.40908,1.12,1.50
2015.03.30 06:07:47.487,1.40878,1.40902,1.12,1.37
2015.03.30 06:07:47.740,1.40877,1.40902,1.12,1.37
2015.03.30 06:07:47.842,1.40876,1.40903,1.75,1.37
2015.03.30 06:07:48.349,1.40875,1.40898,1.12,1.37
2015.03.30 06:07:48.610,1.40876,1.40898,1.12,1.37
2015.03.30 06:07:48.814,1.40876,1.40902,1.75,1.37
2015.03.30 06:07:49.067,1.40876,1.40902,1.12,2.44
2015.03.30 06:07:49.571,1.40875,1.40896,1.12,1.37
2015.03.30 06:07:49.877,1.40868,1.40889,1.12,1.37
2015.03.30 06:07:49.928,1.40868,1.40891,1.12,1.37
2015.03.30 06:07:50.030,1.40868,1.40894,1.12,1.50
2015.03.30 06:07:50.081,1.4087,1.40895,1.12,1.87
2015.03.30 06:07:50.385,1.40872,1.40894,1.12,1.37
2015.03.30 06:07:50.689,1.40872,1.40894,1.12,1.37
2015.03.30 06:07:51.195,1.40871,1.40894,1.12,1.37
2015.03.30 06:07:51.731,1.40871,1.40894,1.12,1.37
2015.03.30 06:07:53.562,1.40871,1.40893,1.12,1.37
2015.03.30 06:07:53.866,1.40866,1.40891,1.12,2.44
2015.03.30 06:07:53.918,1.40866,1.40891,1.12,2.44
2015.03.30 06:07:54.121,1.40864,1.40886,1.12,1.37
2015.03.30 06:07:54.223,1.40864,1.40888,1.12,2.06
2015.03.30 06:07:54.325,1.40864,1.40888,1.12,2.06
2015.03.30 06:07:56.328,1.40861,1.40883,1.75,1.37
2015.03.30 06:07:58.417,1.40861,1.40878,1.75,1.37
2015.03.30 06:07:58.520,1.40857,1.40874,1.12,1.56
2015.03.30 06:07:58.621,1.40852,1.40874,1.12,2.06
2015.03.30 06:07:59.128,1.40851,1.40875,1.75,1.69
2015.03.30 06:07:59.943,1.40851,1.40875,1.75,1.12
2015.03.30 06:08:00.045,1.40851,1.40874,1.75,1.12
2015.03.30 06:08:00.400,1.40851,1.40869,1.12,1.37
2015.03.30 06:08:00.503,1.40845,1.40871,2.00,1.37
2015.03.30 06:08:00.656,1.40846,1.40871,1.12,1.37
2015.03.30 06:08:01.062,1.40849,1.40868,1.12,1.62
2015.03.30 06:08:01.164,1.40846,1.40867,1.31,1.37
2015.03.30 06:08:01.266,1.40843,1.40871,1.01,1.57
2015.03.30 06:08:01.367,1.40846,1.40873,1.31,1.37
2015.03.30 06:08:01.418,1.40847,1.40873,1.31,1.37
2015.03.30 06:08:01.733,1.40847,1.4087,1.12,1.37
2015.03.30 06:08:01.968,1.40844,1.40871,1.12,1.87
2015.03.30 06:08:02.561,1.40844,1.40871,1.12,1.50
2015.03.30 06:08:04.462,1.40842,1.40868,2.00,1.37
2015.03.30 06:08:04.563,1.4084,1.40868,2.06,1.20
2015.03.30 06:08:05.788,1.40839,1.40868,1.76,1.01
2015.03.30 06:08:06.616,1.4084,1.40866,1.07,1.26
2015.03.30 06:08:07.021,1.40837,1.40855,1.01,1.00
2015.03.30 06:08:07.072,1.40836,1.40855,1.01,1.00
2015.03.30 06:08:07.226,1.40835,1.40861,1.12,2.00
2015.03.30 06:08:07.329,1.40834,1.40859,1.12,1.94
2015.03.30 06:08:07.431,1.40833,1.40858,1.07,2.04
2015.03.30 06:08:07.837,1.40831,1.40853,1.12,1.12
2015.03.30 06:08:07.939,1.40828,1.40853,1.31,1.00
2015.03.30 06:08:07.990,1.40828,1.40853,1.60,1.00
2015.03.30 06:08:09.801,1.40828,1.40854,1.12,2.81
2015.03.30 06:08:10.307,1.4083,1.40856,1.17,1.20
2015.03.30 06:08:10.358,1.4083,1.40855,1.17,1.00
2015.03.30 06:08:10.878,1.4083,1.40857,1.17,1.92
2015.03.30 06:08:10.979,1.40831,1.40857,1.10,1.17
2015.03.30 06:08:11.131,1.40831,1.40858,1.57,2.89
2015.03.30 06:08:11.384,1.40831,1.40857,1.00,1.57
2015.03.30 06:08:11.537,1.40835,1.40857,1.00,2.06
2015.03.30 06:08:11.638,1.40829,1.40856,1.01,1.76
2015.03.30 06:08:11.942,1.40827,1.40853,1.37,1.62
2015.03.30 06:08:12.044,1.40827,1.40856,1.20,2.25
2015.03.30 06:08:12.147,1.40826,1.40857,1.31,2.59
2015.03.30 06:08:12.198,1.40827,1.40857,2.06,3.26
2015.03.30 06:08:12.606,1.40824,1.40852,1.45,2.94
2015.03.30 06:08:12.758,1.40823,1.40851,1.01,1.07
2015.03.30 06:08:12.809,1.40822,1.40851,1.64,1.45
2015.03.30 06:08:13.062,1.40821,1.40848,1.01,1.20
2015.03.30 06:08:13.114,1.4082,1.40848,1.20,1.65
2015.03.30 06:08:13.267,1.40819,1.40846,1.26,1.07
2015.03.30 06:08:13.571,1.40822,1.4085,1.20,2.02
2015.03.30 06:08:13.622,1.40825,1.4085,1.31,1.07
2015.03.30 06:08:13.928,1.4083,1.4085,1.12,1.00
2015.03.30 06:08:14.029,1.40828,1.40851,1.12,1.00
2015.03.30 06:08:14.080,1.40828,1.40854,1.12,1.00
2015.03.30 06:08:14.233,1.40828,1.40856,1.12,1.20
2015.03.30 06:08:14.840,1.40829,1.40857,1.01,1.17
2015.03.30 06:08:15.172,1.40833,1.40863,1.69,1.69
2015.03.30 06:08:15.223,1.40833,1.40863,2.06,1.29
2015.03.30 06:08:15.274,1.40834,1.40859,1.50,1.00
2015.03.30 06:08:15.426,1.40831,1.40859,1.87,1.39
2015.03.30 06:08:15.933,1.4083,1.40857,1.76,1.76
2015.03.30 06:08:16.912,1.40829,1.40856,1.12,1.76
2015.03.30 06:08:17.216,1.40822,1.40847,2.00,1.00
2015.03.30 06:08:17.267,1.40823,1.40849,1.12,1.87
2015.03.30 06:08:17.571,1.40827,1.40849,1.12,1.12
2015.03.30 06:08:17.774,1.4083,1.40852,1.12,1.50
2015.03.30 06:08:17.875,1.40827,1.40851,1.12,1.61
2015.03.30 06:08:18.179,1.40822,1.40844,1.20,1.12
2015.03.30 06:08:18.432,1.40821,1.40844,1.12,1.31
2015.03.30 06:08:18.635,1.40819,1.40844,1.75,1.31
2015.03.30 06:08:18.838,1.40817,1.40843,1.55,1.76
2015.03.30 06:08:18.939,1.40816,1.40839,1.82,1.00
2015.03.30 06:08:18.990,1.40816,1.40839,1.20,1.00
2015.03.30 06:08:19.143,1.40821,1.40839,1.00,1.00
2015.03.30 06:08:19.244,1.40819,1.40843,1.00,1.31
2015.03.30 06:08:19.346,1.40818,1.40843,1.20,1.12
2015.03.30 06:08:19.448,1.40819,1.40843,1.12,1.50
2015.03.30 06:08:19.752,1.40822,1.40844,1.12,1.37
2015.03.30 06:08:20.107,1.40821,1.40844,1.12,1.00
2015.03.30 06:08:20.259,1.40822,1.40844,1.87,1.12
2015.03.30 06:08:20.563,1.40832,1.40855,1.31,1.12
2015.03.30 06:08:20.682,1.40835,1.40855,1.12,1.75
2015.03.30 06:08:20.835,1.40828,1.40851,1.69,1.07
2015.03.30 06:08:20.988,1.40829,1.40851,1.95,1.00
2015.03.30 06:08:21.242,1.4083,1.40855,1.50,2.81
2015.03.30 06:08:21.849,1.40828,1.40854,1.12,1.01
2015.03.30 06:08:22.916,1.40826,1.40853,1.12,1.00
2015.03.30 06:08:22.967,1.40826,1.40853,1.12,1.69
2015.03.30 06:08:23.843,1.40827,1.40855,1.95,1.39
2015.03.30 06:08:23.995,1.40828,1.40856,1.12,1.01
2015.03.30 06:08:25.604,1.40828,1.40852,1.12,1.00
2015.03.30 06:08:25.705,1.40828,1.40852,1.50,1.00
2015.03.30 06:08:25.953,1.40828,1.40852,1.12,1.00
2015.03.30 06:08:26.156,1.40828,1.4085,1.12,1.00
2015.03.30 06:08:26.561,1.40826,1.40851,1.45,1.00
2015.03.30 06:08:26.966,1.40825,1.40849,1.87,1.19
2015.03.30 06:08:27.299,1.40825,1.40843,1.47,1.19
2015.03.30 06:08:27.350,1.40823,1.40843,1.50,1.69
2015.03.30 06:08:27.452,1.40821,1.40843,1.20,1.19
2015.03.30 06:08:27.554,1.40821,1.40843,1.20,1.56
2015.03.30 06:08:27.859,1.40816,1.40842,1.50,2.44
2015.03.30 06:08:27.910,1.40816,1.40842,1.50,2.44
2015.03.30 06:08:28.265,1.40817,1.40842,1.95,1.20
2015.03.30 06:08:28.368,1.4082,1.40845,1.01,1.57
2015.03.30 06:08:28.469,1.4082,1.40847,1.85,1.87
2015.03.30 06:08:28.520,1.40823,1.40847,1.12,1.00
2015.03.30 06:08:28.775,1.40825,1.40847,1.00,1.12
2015.03.30 06:08:28.877,1.40825,1.40848,1.19,1.27
2015.03.30 06:08:29.030,1.40831,1.4085,1.00,1.12
2015.03.30 06:08:29.132,1.40826,1.40852,1.69,1.75
2015.03.30 06:08:29.183,1.40826,1.40852,1.69,1.75
2015.03.30 06:08:29.386,1.40826,1.40849,2.00,1.00
2015.03.30 06:08:29.925,1.40826,1.40853,1.69,2.02
2015.03.30 06:08:30.585,1.40826,1.40852,1.50,2.44
2015.03.30 06:08:30.687,1.40825,1.40852,2.51,1.20
2015.03.30 06:08:30.737,1.40826,1.40852,1.01,1.57
2015.03.30 06:08:30.839,1.4083,1.40857,1.07,1.57
2015.03.30 06:08:30.890,1.4083,1.40856,1.50,1.57
2015.03.30 06:08:30.941,1.40832,1.40856,1.12,1.50
2015.03.30 06:08:30.993,1.40829,1.40856,1.31,3.00
2015.03.30 06:08:31.044,1.40829,1.40854,1.31,1.37
2015.03.30 06:08:31.145,1.40829,1.40852,1.31,1.50
2015.03.30 06:08:31.399,1.4082,1.40846,1.88,1.75
2015.03.30 06:08:31.501,1.40819,1.40845,1.87,1.01
2015.03.30 06:08:32.007,1.40818,1.40844,1.12,1.76
2015.03.30 06:08:32.921,1.40818,1.4084,1.12,1.37
2015.03.30 06:08:33.176,1.40815,1.40841,1.75,3.56
2015.03.30 06:08:33.480,1.40813,1.40837,1.75,1.00
2015.03.30 06:08:33.740,1.40815,1.40838,1.12,1.25
2015.03.30 06:08:34.196,1.40815,1.40841,1.12,1.69
2015.03.30 06:08:34.247,1.40815,1.40841,1.12,1.62
2015.03.30 06:08:34.552,1.4082,1.40845,1.12,1.62
2015.03.30 06:08:34.805,1.40815,1.40844,1.25,1.00
2015.03.30 06:08:34.957,1.40815,1.40845,1.25,2.06
2015.03.30 06:08:35.280,1.40815,1.40841,1.00,1.12
2015.03.30 06:08:35.584,1.40814,1.4084,1.00,1.50
2015.03.30 06:08:35.888,1.40817,1.40838,1.00,1.62
2015.03.30 06:08:36.437,1.40817,1.4084,1.00,1.19
2015.03.30 06:08:36.890,1.40817,1.4084,1.00,1.25
2015.03.30 06:08:37.152,1.40812,1.40839,1.00,1.12
2015.03.30 06:08:37.255,1.40814,1.40839,1.00,1.50
2015.03.30 06:08:37.560,1.40814,1.40838,1.00,2.06
2015.03.30 06:08:37.611,1.40811,1.40838,1.00,2.06
2015.03.30 06:08:38.016,1.40811,1.40841,2.06,1.69
2015.03.30 06:08:38.373,1.40815,1.40841,1.25,1.00
2015.03.30 06:08:39.295,1.40815,1.40841,1.19,1.00
2015.03.30 06:08:39.806,1.40817,1.40842,1.00,1.00
2015.03.30 06:08:40.474,1.40818,1.40845,1.00,2.44
2015.03.30 06:08:40.986,1.40818,1.40845,1.00,2.81
2015.03.30 06:08:41.344,1.40815,1.40845,1.19,2.25
2015.03.30 06:08:41.445,1.40818,1.40845,1.00,2.25
2015.03.30 06:08:41.800,1.40816,1.40845,1.25,1.87
2015.03.30 06:08:42.335,1.40816,1.40844,1.00,1.69
2015.03.30 06:08:42.840,1.40816,1.4084,1.00,1.00
2015.03.30 06:08:43.355,1.40816,1.40841,1.00,1.12
2015.03.30 06:08:43.612,1.40816,1.40841,1.00,1.37
2015.03.30 06:08:44.069,1.40814,1.4084,1.69,1.37
2015.03.30 06:08:44.171,1.40812,1.40838,2.14,1.37
2015.03.30 06:08:44.273,1.40812,1.40844,2.21,1.56
2015.03.30 06:08:44.376,1.40817,1.40844,1.00,1.56
2015.03.30 06:08:44.882,1.40818,1.40844,1.00,2.06
2015.03.30 06:08:46.152,1.40818,1.40847,2.25,2.06
2015.03.30 06:08:46.456,1.4082,1.40848,1.00,1.87
2015.03.30 06:08:46.632,1.40822,1.40848,1.00,1.87
2015.03.30 06:08:46.785,1.40822,1.40845,1.00,1.00
2015.03.30 06:08:46.938,1.40822,1.40849,1.56,1.37
2015.03.30 06:08:47.041,1.40823,1.4085,1.69,1.12
2015.03.30 06:08:47.144,1.40824,1.40847,1.31,1.37
2015.03.30 06:08:47.298,1.40828,1.4085,1.19,1.12
2015.03.30 06:08:47.350,1.40828,1.40851,1.19,1.50
2015.03.30 06:08:47.860,1.4083,1.40854,1.50,1.12
2015.03.30 06:08:48.370,1.40831,1.40857,1.37,1.62
2015.03.30 06:08:48.472,1.40831,1.40856,1.12,1.37
2015.03.30 06:08:51.309,1.40831,1.40856,1.00,1.12
2015.03.30 06:08:51.462,1.40823,1.40853,1.88,1.75
2015.03.30 06:08:51.513,1.40823,1.40851,1.38,1.12
2015.03.30 06:08:51.665,1.40826,1.40845,1.00,1.37
2015.03.30 06:08:51.767,1.40826,1.40848,1.00,1.50
2015.03.30 06:08:51.878,1.40826,1.40847,1.00,1.37
2015.03.30 06:08:51.929,1.40822,1.40847,1.12,1.37
2015.03.30 06:08:54.293,1.40823,1.40847,1.00,1.37
2015.03.30 06:08:56.380,1.40822,1.40847,1.10,1.37
2015.03.30 06:08:56.793,1.40822,1.40847,1.32,1.37
2015.03.30 06:08:56.946,1.40821,1.40846,1.84,1.37
2015.03.30 06:08:57.453,1.40822,1.40845,1.69,1.37
2015.03.30 06:08:57.706,1.40823,1.40845,1.00,1.00
2015.03.30 06:08:57.808,1.40823,1.40851,1.00,1.31
2015.03.30 06:08:59.757,1.40823,1.40852,2.06,1.12
2015.03.30 06:09:00.123,1.40826,1.40851,1.25,1.12
2015.03.30 06:09:00.230,1.40821,1.4085,1.01,1.31
2015.03.30 06:09:00.535,1.4082,1.4085,1.46,1.62
2015.03.30 06:09:01.242,1.4082,1.4085,1.46,1.62
2015.03.30 06:09:03.211,1.40817,1.40848,1.56,1.50
2015.03.30 06:09:03.690,1.40818,1.40848,1.19,1.87
2015.03.30 06:09:03.994,1.40817,1.40846,1.31,1.37
2015.03.30 06:09:04.510,1.40816,1.40843,1.19,1.00
2015.03.30 06:09:04.612,1.40816,1.40843,1.00,1.50
2015.03.30 06:09:04.764,1.40816,1.40843,1.00,1.87
2015.03.30 06:09:05.270,1.40816,1.40841,1.00,1.37
2015.03.30 06:09:05.777,1.40813,1.4084,1.26,1.75
2015.03.30 06:09:06.115,1.40813,1.40839,1.25,1.12
2015.03.30 06:09:06.636,1.40813,1.40839,1.25,1.50
2015.03.30 06:09:06.789,1.40814,1.40839,1.00,1.50
2015.03.30 06:09:06.992,1.40813,1.40839,1.25,1.37
2015.03.30 06:09:07.692,1.4081,1.40839,2.14,1.75
2015.03.30 06:09:09.028,1.40811,1.40841,1.69,1.94
2015.03.30 06:09:09.461,1.40812,1.40838,1.00,1.12
2015.03.30 06:09:09.664,1.40806,1.40835,1.69,1.31
2015.03.30 06:09:09.817,1.40804,1.40828,1.69,1.00
2015.03.30 06:09:10.121,1.40802,1.40826,1.56,1.00
2015.03.30 06:09:10.173,1.40802,1.40829,1.56,1.50
2015.03.30 06:09:10.325,1.40802,1.40829,1.56,1.50
2015.03.30 06:09:11.236,1.40803,1.40831,1.69,2.44
2015.03.30 06:09:11.742,1.40803,1.40831,1.69,1.00
2015.03.30 06:09:12.279,1.40803,1.40831,1.56,1.37
2015.03.30 06:09:12.926,1.40803,1.40831,1.56,1.12
2015.03.30 06:09:13.363,1.40803,1.4083,1.56,1.12
2015.03.30 06:09:14.280,1.40803,1.4083,1.56,1.37
2015.03.30 06:09:14.792,1.40803,1.4083,1.56,1.50
2015.03.30 06:09:15.255,1.40803,1.4083,1.37,1.69
2015.03.30 06:09:15.559,1.40801,1.40826,1.56,1.12
2015.03.30 06:09:15.863,1.40801,1.40824,1.56,1.37
2015.03.30 06:09:16.285,1.40801,1.40824,1.50,1.00
2015.03.30 06:09:16.336,1.40807,1.40827,1.00,1.87
2015.03.30 06:09:16.641,1.40826,1.40849,1.19,1.75
2015.03.30 06:09:16.795,1.40822,1.40848,2.06,1.00
2015.03.30 06:09:17.048,1.4082,1.40847,1.76,1.00
2015.03.30 06:09:17.453,1.40817,1.40847,1.31,1.00
2015.03.30 06:09:17.993,1.40816,1.40847,2.06,1.12
2015.03.30 06:09:18.457,1.40816,1.40847,2.44,1.37
2015.03.30 06:09:18.767,1.40817,1.40844,1.56,1.00
2015.03.30 06:09:19.442,1.40816,1.40844,2.44,1.00
2015.03.30 06:09:19.545,1.40816,1.40844,2.44,1.00
2015.03.30 06:09:19.951,1.40815,1.40844,2.06,1.12
2015.03.30 06:09:20.053,1.40814,1.40843,1.31,1.25
2015.03.30 06:09:21.046,1.40812,1.40845,1.31,2.06
2015.03.30 06:09:21.404,1.40812,1.40845,1.31,2.81
2015.03.30 06:09:21.940,1.40812,1.4084,1.19,1.00
2015.03.30 06:09:22.464,1.4081,1.4084,2.06,1.00
2015.03.30 06:09:23.832,1.40816,1.4084,2.06,1.00
2015.03.30 06:09:24.140,1.40826,1.40852,1.37,2.00
2015.03.30 06:09:24.241,1.40826,1.40852,1.87,1.01
2015.03.30 06:09:24.647,1.40826,1.40849,1.20,1.00
2015.03.30 06:09:24.850,1.40822,1.40848,1.19,1.37
2015.03.30 06:09:25.103,1.40818,1.40846,1.56,1.00
2015.03.30 06:09:25.458,1.40816,1.40846,1.19,1.37
2015.03.30 06:09:26.089,1.40814,1.40846,1.94,1.75
2015.03.30 06:09:26.246,1.40814,1.40845,2.06,1.37
2015.03.30 06:09:26.760,1.40816,1.40843,1.19,1.37
2015.03.30 06:09:26.963,1.40816,1.40843,1.56,1.12
2015.03.30 06:09:27.418,1.40822,1.40843,1.37,1.00
2015.03.30 06:09:27.469,1.40822,1.4085,1.69,1.12
2015.03.30 06:09:27.571,1.40828,1.40853,1.37,1.31
2015.03.30 06:09:27.672,1.40828,1.40853,1.37,1.62
2015.03.30 06:09:28.200,1.40828,1.40854,1.37,2.06
2015.03.30 06:09:28.633,1.40828,1.40854,1.37,2.25
2015.03.30 06:09:28.734,1.40824,1.40851,1.52,1.62
2015.03.30 06:09:29.141,1.40821,1.40848,2.06,1.00
2015.03.30 06:09:29.344,1.40822,1.40846,1.19,1.00
2015.03.30 06:09:29.395,1.40818,1.40846,1.01,1.00
2015.03.30 06:09:29.497,1.40818,1.40845,1.25,1.00
2015.03.30 06:09:29.853,1.40819,1.40848,1.12,1.69
2015.03.30 06:09:30.385,1.40819,1.40847,1.50,1.50
2015.03.30 06:09:30.896,1.40819,1.40849,2.21,2.81
2015.03.30 06:09:31.114,1.4082,1.40849,1.66,1.69
2015.03.30 06:09:31.421,1.40831,1.40857,1.37,1.25
2015.03.30 06:09:31.927,1.40831,1.40858,1.12,1.25
2015.03.30 06:09:32.028,1.40831,1.40858,1.37,1.25
2015.03.30 06:09:32.332,1.40831,1.40859,1.31,1.19
2015.03.30 06:09:32.433,1.40834,1.40862,1.56,1.50
2015.03.30 06:09:32.586,1.40835,1.40862,1.56,1.50
2015.03.30 06:09:33.092,1.40836,1.40863,1.77,1.62
2015.03.30 06:09:33.194,1.40837,1.40866,1.31,1.50
2015.03.30 06:09:33.346,1.40839,1.40868,2.81,1.19
2015.03.30 06:09:33.852,1.40841,1.40868,1.37,1.31
2015.03.30 06:09:34.208,1.40841,1.40867,1.37,2.00
2015.03.30 06:09:35.622,1.40837,1.40866,2.06,2.00
2015.03.30 06:09:35.928,1.40834,1.40863,1.66,1.62
2015.03.30 06:09:36.496,1.40837,1.40862,1.37,1.37
2015.03.30 06:09:36.800,1.40837,1.4086,1.37,1.75
2015.03.30 06:09:37.107,1.40837,1.40863,1.37,1.12
2015.03.30 06:09:37.158,1.40837,1.40865,1.37,1.75
2015.03.30 06:09:37.209,1.40838,1.40865,1.56,1.37
2015.03.30 06:09:37.311,1.40847,1.40869,1.37,1.00
2015.03.30 06:09:37.413,1.40847,1.4087,1.37,1.12
2015.03.30 06:09:37.946,1.40846,1.4087,1.37,1.12
2015.03.30 06:09:38.463,1.40844,1.4087,1.37,1.12
2015.03.30 06:09:38.950,1.4084,1.40867,1.56,1.12
2015.03.30 06:09:39.459,1.40842,1.40866,1.37,1.12
2015.03.30 06:09:44.114,1.40844,1.40868,1.75,1.00
2015.03.30 06:09:44.165,1.40848,1.40872,1.12,1.00
2015.03.30 06:09:44.318,1.40848,1.40873,1.94,1.00
2015.03.30 06:09:44.470,1.40844,1.40871,2.44,1.00
2015.03.30 06:09:44.572,1.40842,1.40871,1.56,1.12
2015.03.30 06:09:45.129,1.40842,1.40871,1.56,1.87
2015.03.30 06:09:45.664,1.40844,1.40873,1.31,1.00
2015.03.30 06:09:47.485,1.40845,1.40874,2.06,1.00
2015.03.30 06:09:47.688,1.40848,1.40878,2.06,1.56
2015.03.30 06:09:47.739,1.40852,1.40878,1.00,1.37
2015.03.30 06:09:48.549,1.40851,1.4088,1.62,2.44
2015.03.30 06:09:49.055,1.40851,1.4088,1.94,1.01
2015.03.30 06:09:49.362,1.40854,1.40882,1.87,1.26
2015.03.30 06:09:49.463,1.40854,1.40882,2.06,1.00
2015.03.30 06:09:49.565,1.40855,1.40885,1.31,1.19
2015.03.30 06:09:49.616,1.40857,1.40887,1.31,1.89
2015.03.30 06:09:49.718,1.40858,1.40887,2.06,1.32
2015.03.30 06:09:51.039,1.40859,1.40889,1.62,1.39
2015.03.30 06:09:52.240,1.40859,1.40889,1.62,1.39
2015.03.30 06:09:52.662,1.4086,1.40889,1.50,1.39
2015.03.30 06:09:53.571,1.40863,1.40891,1.12,2.06
2015.03.30 06:09:53.773,1.4087,1.40892,1.00,1.94
2015.03.30 06:09:53.977,1.40865,1.40895,1.13,1.94
2015.03.30 06:09:54.291,1.40861,1.40889,1.20,1.69
2015.03.30 06:09:54.444,1.40862,1.40889,1.00,1.31
2015.03.30 06:09:54.545,1.40862,1.40888,1.00,1.94
2015.03.30 06:09:55.456,1.40862,1.40889,1.00,1.31
2015.03.30 06:09:55.962,1.40861,1.40888,1.50,1.19
2015.03.30 06:09:56.488,1.40861,1.40888,1.50,1.19
2015.03.30 06:09:56.744,1.40862,1.40891,1.00,1.75
2015.03.30 06:09:56.795,1.40863,1.40891,1.87,1.00
2015.03.30 06:09:57.100,1.40863,1.40889,1.00,1.31
2015.03.30 06:09:57.202,1.4086,1.40888,1.00,2.06
2015.03.30 06:09:57.455,1.40856,1.40885,1.87,1.19
2015.03.30 06:09:57.860,1.40857,1.40885,1.56,1.25
2015.03.30 06:09:58.372,1.40855,1.40884,1.69,1.00
2015.03.30 06:09:58.423,1.40855,1.40884,1.69,1.37
2015.03.30 06:09:58.526,1.40855,1.40884,1.10,2.06
2015.03.30 06:09:58.578,1.40852,1.40882,2.08,1.12
2015.03.30 06:09:58.882,1.40853,1.40882,1.07,1.12
2015.03.30 06:09:58.934,1.40853,1.40882,1.07,1.37
2015.03.30 06:09:58.985,1.40852,1.40881,1.10,1.12
2015.03.30 06:09:59.188,1.40854,1.40883,1.00,3.00
2015.03.30 06:09:59.239,1.40854,1.40881,1.00,1.00
2015.03.30 06:09:59.543,1.40854,1.40879,1.00,1.00
2015.03.30 06:09:59.871,1.40854,1.40876,1.00,1.00
2015.03.30 06:10:00.390,1.40854,1.40877,1.00,1.00
2015.03.30 06:10:01.082,1.40851,1.40877,1.75,1.00
2015.03.30 06:10:01.419,1.40856,1.40879,1.12,1.00
2015.03.30 06:10:01.471,1.40855,1.40879,1.62,1.00
2015.03.30 06:10:01.673,1.40851,1.40875,1.56,1.00
2015.03.30 06:10:01.978,1.40851,1.40875,1.37,1.00
2015.03.30 06:10:02.189,1.4085,1.40874,1.01,1.00
2015.03.30 06:10:02.343,1.40846,1.40868,2.19,1.00
2015.03.30 06:10:02.698,1.40845,1.40868,1.94,1.00
2015.03.30 06:10:04.394,1.40843,1.40868,2.06,1.00
2015.03.30 06:10:04.901,1.40843,1.40868,1.12,1.50
2015.03.30 06:10:05.721,1.40845,1.40868,1.00,1.12
2015.03.30 06:10:07.381,1.40842,1.40868,1.38,1.12
2015.03.30 06:10:09.216,1.4084,1.40868,1.37,2.44
2015.03.30 06:10:09.520,1.40839,1.40867,1.12,1.56
2015.03.30 06:10:09.879,1.40837,1.40864,1.69,1.00
2015.03.30 06:10:10.031,1.40836,1.40864,1.12,1.69
2015.03.30 06:10:10.133,1.40832,1.40863,1.31,2.00
2015.03.30 06:10:10.285,1.40831,1.40863,2.06,1.31
2015.03.30 06:10:10.336,1.40831,1.40861,2.06,1.00
2015.03.30 06:10:10.639,1.40834,1.40858,1.25,1.00
2015.03.30 06:10:11.113,1.40834,1.40855,1.25,1.00
2015.03.30 06:10:13.707,1.40834,1.40855,1.69,1.00
2015.03.30 06:10:14.215,1.40835,1.40854,1.00,1.00
2015.03.30 06:10:15.527,1.40834,1.40854,2.00,1.00
2015.03.30 06:10:15.828,1.40835,1.40854,1.37,1.00
2015.03.30 06:10:15.932,1.40838,1.40861,1.31,1.00
2015.03.30 06:10:16.137,1.40841,1.40865,2.00,2.25
2015.03.30 06:10:16.340,1.40844,1.40864,1.69,1.50
2015.03.30 06:10:16.644,1.40841,1.40865,1.75,1.00
2015.03.30 06:10:16.696,1.40839,1.40868,2.00,1.87
2015.03.30 06:10:16.848,1.40837,1.40858,1.94,1.00
2015.03.30 06:10:16.950,1.40837,1.40862,1.19,1.00
2015.03.30 06:10:17.052,1.40837,1.4086,1.19,1.00
2015.03.30 06:10:17.509,1.40837,1.40859,2.44,1.00
2015.03.30 06:10:17.611,1.40837,1.40859,2.06,1.00
2015.03.30 06:10:19.514,1.40836,1.40859,1.10,1.00
2015.03.30 06:10:19.616,1.40835,1.40857,2.14,1.00
2015.03.30 06:10:20.183,1.40832,1.40857,2.04,1.00
2015.03.30 06:10:21.295,1.40831,1.40857,2.06,1.00
2015.03.30 06:10:21.599,1.4083,1.40854,1.94,1.00
2015.03.30 06:10:22.054,1.40829,1.40854,1.94,1.00
2015.03.30 06:10:22.460,1.40827,1.40853,1.62,1.12
2015.03.30 06:10:22.662,1.40831,1.40853,1.00,1.00
2015.03.30 06:10:22.966,1.40834,1.40853,1.00,1.00
2015.03.30 06:10:23.132,1.40831,1.40855,1.50,1.12
2015.03.30 06:10:23.234,1.40831,1.40854,1.87,1.00
2015.03.30 06:10:23.540,1.40838,1.40859,1.37,1.37
2015.03.30 06:10:23.591,1.40838,1.40861,1.37,1.37
2015.03.30 06:10:24.098,1.40838,1.40861,1.37,1.00
2015.03.30 06:10:24.621,1.40838,1.40861,1.12,1.00
2015.03.30 06:10:25.158,1.40833,1.4086,1.75,1.31
2015.03.30 06:10:25.412,1.40825,1.40851,1.75,1.19
2015.03.30 06:10:25.463,1.40825,1.40851,1.94,1.00
2015.03.30 06:10:25.617,1.40829,1.40854,1.37,1.37
2015.03.30 06:10:26.160,1.40829,1.40854,1.56,1.00
2015.03.30 06:10:27.810,1.40829,1.40854,1.69,1.37
2015.03.30 06:10:28.354,1.40829,1.40854,1.69,1.12
2015.03.30 06:10:28.700,1.40829,1.40854,1.62,1.37
2015.03.30 06:10:29.004,1.40825,1.40853,1.62,1.87
2015.03.30 06:10:29.308,1.40822,1.40851,1.50,1.31
2015.03.30 06:10:29.460,1.40822,1.4085,1.12,2.00
2015.03.30 06:10:29.562,1.4082,1.40847,1.37,2.06
2015.03.30 06:10:29.664,1.4082,1.40846,1.00,1.31
2015.03.30 06:10:30.175,1.40819,1.40846,1.38,1.69
2015.03.30 06:10:30.960,1.40817,1.40846,1.74,1.50
2015.03.30 06:10:31.569,1.40818,1.40846,1.56,1.50
2015.03.30 06:10:31.929,1.40819,1.40844,1.56,1.00
2015.03.30 06:10:33.849,1.40819,1.40844,1.31,1.00
2015.03.30 06:10:34.001,1.40824,1.4085,1.75,1.87
2015.03.30 06:10:34.052,1.40829,1.4085,1.56,1.37
2015.03.30 06:10:34.357,1.40833,1.40861,2.06,2.25
2015.03.30 06:10:34.864,1.40834,1.40861,1.69,2.25
2015.03.30 06:10:35.350,1.40835,1.40861,1.37,2.06
2015.03.30 06:10:35.672,1.40838,1.40862,1.31,1.07
2015.03.30 06:10:35.723,1.40839,1.40862,1.37,1.07
2015.03.30 06:10:35.774,1.40839,1.40865,1.69,1.12
2015.03.30 06:10:35.825,1.40839,1.40865,2.06,1.12
2015.03.30 06:10:35.927,1.40845,1.40867,1.37,1.37
2015.03.30 06:10:36.029,1.40843,1.40867,1.37,1.37
2015.03.30 06:10:36.130,1.40841,1.40867,1.56,1.37
2015.03.30 06:10:36.282,1.40842,1.40865,1.37,1.37
2015.03.30 06:10:36.384,1.40841,1.40865,1.37,1.37
2015.03.30 06:10:36.435,1.40837,1.40864,1.56,1.87
2015.03.30 06:10:36.738,1.40837,1.40864,2.06,1.50
2015.03.30 06:10:37.285,1.40838,1.40861,1.63,1.00
2015.03.30 06:10:37.494,1.40837,1.40861,1.69,1.00
2015.03.30 06:10:37.647,1.40837,1.40863,1.69,1.12
2015.03.30 06:10:37.957,1.40835,1.40861,1.94,1.00
2015.03.30 06:10:38.008,1.40835,1.40861,1.69,1.00
2015.03.30 06:10:38.616,1.40835,1.40861,1.69,1.00
2015.03.30 06:10:39.283,1.40835,1.40861,1.31,1.00
2015.03.30 06:10:39.581,1.40836,1.40862,1.38,2.06
2015.03.30 06:10:39.784,1.40836,1.40858,1.37,1.37
2015.03.30 06:10:39.937,1.40829,1.40854,1.62,1.00
2015.03.30 06:10:40.853,1.40829,1.40854,1.69,1.50
2015.03.30 06:10:40.956,1.40828,1.40851,1.50,1.00
2015.03.30 06:10:42.347,1.40832,1.40856,1.50,1.69
2015.03.30 06:10:42.398,1.40832,1.40856,1.50,1.69
2015.03.30 06:10:42.551,1.40832,1.40855,1.00,1.19
2015.03.30 06:10:42.652,1.40826,1.40855,2.06,1.19
2015.03.30 06:10:42.703,1.40826,1.40855,1.87,1.19
2015.03.30 06:10:42.754,1.40825,1.40853,1.50,1.56
2015.03.30 06:10:42.856,1.40825,1.40853,1.00,1.56
2015.03.30 06:10:43.262,1.4082,1.40849,1.56,1.37
2015.03.30 06:10:44.475,1.4082,1.40847,1.69,1.00
2015.03.30 06:10:44.576,1.40817,1.40845,2.06,1.00
2015.03.30 06:10:44.779,1.40817,1.40847,2.06,1.50
2015.03.30 06:10:45.299,1.40817,1.40847,1.56,1.31
2015.03.30 06:10:45.435,1.4082,1.40847,1.00,1.31
2015.03.30 06:10:45.738,1.40819,1.40843,1.87,1.00
2015.03.30 06:10:45.863,1.40821,1.40845,1.37,1.00
2015.03.30 06:10:47.789,1.40821,1.40846,1.62,1.00
2015.03.30 06:10:49.427,1.40821,1.40846,1.12,1.00
2015.03.30 06:10:49.731,1.40824,1.40846,1.12,1.00
2015.03.30 06:10:50.237,1.40824,1.40847,1.87,1.00
2015.03.30 06:10:50.490,1.40824,1.4085,1.12,1.69
2015.03.30 06:10:50.642,1.40825,1.40847,1.12,1.00
2015.03.30 06:10:50.845,1.40827,1.40849,1.50,1.00
2015.03.30 06:10:51.151,1.40827,1.40847,1.12,1.00
2015.03.30 06:10:51.405,1.40833,1.40854,1.37,1.00
2015.03.30 06:10:51.559,1.40836,1.40856,1.00,1.00
2015.03.30 06:10:51.610,1.40836,1.40861,1.19,1.07
2015.03.30 06:10:51.712,1.40839,1.40862,1.37,1.00
2015.03.30 06:10:51.819,1.40837,1.40864,1.94,1.20
2015.03.30 06:10:51.921,1.4084,1.40861,1.00,1.00
2015.03.30 06:10:51.972,1.40837,1.40861,1.31,1.00
2015.03.30 06:10:52.176,1.40835,1.40858,1.94,1.00
2015.03.30 06:10:54.262,1.40838,1.40861,1.37,1.00
2015.03.30 06:10:58.485,1.40837,1.40861,1.69,1.00
2015.03.30 06:10:58.738,1.40835,1.40861,1.00,1.31
2015.03.30 06:10:58.890,1.40835,1.40856,1.00,1.00
2015.03.30 06:10:59.421,1.4083,1.40859,1.69,1.12
2015.03.30 06:10:59.836,1.4083,1.40857,1.19,1.00
2015.03.30 06:11:00.462,1.40831,1.4086,1.19,1.56
2015.03.30 06:11:00.831,1.40831,1.4086,2.44,1.37
2015.03.30 06:11:00.984,1.40843,1.40866,1.00,1.87
2015.03.30 06:11:01.845,1.40843,1.40866,1.00,1.00
2015.03.30 06:11:03.702,1.40839,1.40866,2.06,2.25
2015.03.30 06:11:04.108,1.40837,1.40859,2.44,1.00
2015.03.30 06:11:04.159,1.40837,1.40859,1.87,1.00
2015.03.30 06:11:04.210,1.40837,1.40863,1.87,1.37
2015.03.30 06:11:04.312,1.40837,1.40861,1.50,1.00
2015.03.30 06:11:04.414,1.40834,1.40859,1.56,1.75
2015.03.30 06:11:04.465,1.40834,1.40859,1.00,2.44
2015.03.30 06:11:04.517,1.40835,1.40848,1.00,1.00
2015.03.30 06:11:04.618,1.40827,1.40848,1.25,1.00
2015.03.30 06:11:04.720,1.40822,1.40846,1.75,1.75
2015.03.30 06:11:05.024,1.40821,1.40843,1.88,1.75
2015.03.30 06:11:05.329,1.40821,1.40836,1.19,1.75
2015.03.30 06:11:05.380,1.4082,1.40835,1.00,1.75
2015.03.30 06:11:05.481,1.40811,1.40831,1.84,1.00
2015.03.30 06:11:05.990,1.40811,1.40834,1.19,1.50
2015.03.30 06:11:06.528,1.40811,1.40835,1.39,1.50
2015.03.30 06:11:07.090,1.40812,1.40835,1.19,1.00
2015.03.30 06:11:07.192,1.40812,1.40835,1.19,1.75
2015.03.30 06:11:07.936,1.40811,1.40835,1.31,1.75
2015.03.30 06:11:09.706,1.40812,1.40835,1.76,1.12
2015.03.30 06:11:10.636,1.40813,1.40837,1.31,1.50
2015.03.30 06:11:10.947,1.40813,1.40841,2.06,2.25
2015.03.30 06:11:11.971,1.40813,1.40841,2.06,1.87
2015.03.30 06:11:13.064,1.40813,1.40839,2.06,1.37
2015.03.30 06:11:15.376,1.40814,1.40841,1.69,1.50
2015.03.30 06:11:17.368,1.40814,1.40838,1.50,1.50
2015.03.30 06:11:17.571,1.40812,1.40835,1.62,1.12
2015.03.30 06:11:17.875,1.4081,1.40834,1.56,1.00
2015.03.30 06:11:17.927,1.4081,1.40831,1.56,1.00
2015.03.30 06:11:18.331,1.40811,1.40836,1.56,1.00
2015.03.30 06:11:18.483,1.40811,1.40836,1.66,1.00
2015.03.30 06:11:18.686,1.40814,1.40839,1.31,1.00
2015.03.30 06:11:18.788,1.40814,1.40839,1.62,1.37
2015.03.30 06:11:18.991,1.40812,1.40839,1.94,1.12
2015.03.30 06:11:19.042,1.40812,1.40839,1.56,1.12
2015.03.30 06:11:19.093,1.40811,1.40838,1.01,1.50
2015.03.30 06:11:19.347,1.40809,1.40834,1.94,1.00
2015.03.30 06:11:19.601,1.40809,1.40834,1.94,1.00
2015.03.30 06:11:20.208,1.40809,1.40835,1.00,1.69
2015.03.30 06:11:20.310,1.40805,1.40829,1.69,1.00
2015.03.30 06:11:20.586,1.40802,1.40829,2.44,1.87
2015.03.30 06:11:20.637,1.40802,1.40829,2.44,1.87
2015.03.30 06:11:20.891,1.40802,1.40829,1.31,2.25
2015.03.30 06:11:21.145,1.40799,1.40826,1.19,1.12
2015.03.30 06:11:21.679,1.40798,1.40826,2.06,1.37
2015.03.30 06:11:22.843,1.40799,1.40826,2.06,1.12
2015.03.30 06:11:23.046,1.40799,1.40826,2.06,1.00
2015.03.30 06:11:23.554,1.40799,1.40827,2.06,1.87
2015.03.30 06:11:25.572,1.40799,1.40827,1.56,1.75
2015.03.30 06:11:26.566,1.40799,1.40827,1.56,1.87
2015.03.30 06:11:27.250,1.40797,1.40821,1.37,1.12
2015.03.30 06:11:27.352,1.40795,1.40819,1.87,1.75
2015.03.30 06:11:27.453,1.40793,1.40818,1.47,1.87
2015.03.30 06:11:27.555,1.40795,1.40818,1.00,1.00
2015.03.30 06:11:28.092,1.40794,1.40818,1.00,1.00
2015.03.30 06:11:28.549,1.40791,1.40818,1.50,2.06
2015.03.30 06:11:29.027,1.40788,1.40816,1.31,2.25
2015.03.30 06:11:29.129,1.40787,1.40812,1.94,1.00
2015.03.30 06:11:29.231,1.40787,1.40812,1.56,1.50
2015.03.30 06:11:29.536,1.40783,1.4081,1.57,1.37
2015.03.30 06:11:30.162,1.40783,1.40811,2.04,1.87
2015.03.30 06:11:30.365,1.40783,1.4081,1.01,1.12
2015.03.30 06:11:31.403,1.40783,1.40811,1.19,1.31
2015.03.30 06:11:32.273,1.40783,1.4081,1.34,1.00
2015.03.30 06:11:32.854,1.40783,1.40811,1.19,1.31
2015.03.30 06:11:33.386,1.40781,1.40811,1.69,1.75
2015.03.30 06:11:34.056,1.40785,1.40811,1.62,1.75
2015.03.30 06:11:34.107,1.40785,1.40812,2.00,2.44
2015.03.30 06:11:34.209,1.40785,1.40812,1.94,1.00
2015.03.30 06:11:34.576,1.40786,1.40815,1.69,2.81
2015.03.30 06:11:35.190,1.40786,1.40815,1.69,2.06
2015.03.30 06:11:35.949,1.40786,1.40815,2.06,1.62
2015.03.30 06:11:36.000,1.40791,1.40819,1.00,3.00
2015.03.30 06:11:36.953,1.40791,1.40818,1.00,1.31
2015.03.30 06:11:37.105,1.40789,1.40814,1.00,1.00
2015.03.30 06:11:37.614,1.40787,1.40815,1.31,1.50
2015.03.30 06:11:41.014,1.40786,1.40816,2.06,2.62
2015.03.30 06:11:41.520,1.40789,1.40816,1.12,1.87
2015.03.30 06:11:42.037,1.40789,1.40818,1.37,2.06
2015.03.30 06:11:42.088,1.40789,1.40818,1.75,1.31
2015.03.30 06:11:42.189,1.40792,1.40818,1.69,1.00
2015.03.30 06:11:42.493,1.40793,1.40823,1.94,2.44
2015.03.30 06:11:43.066,1.40796,1.40824,1.12,1.31
2015.03.30 06:11:43.319,1.40796,1.40822,1.00,2.06
2015.03.30 06:11:43.623,1.40793,1.40822,2.06,2.00
2015.03.30 06:11:43.724,1.40798,1.40824,1.00,1.31
2015.03.30 06:11:43.876,1.40796,1.40825,1.56,1.87
2015.03.30 06:11:44.083,1.40797,1.40826,2.44,1.87
2015.03.30 06:11:44.185,1.408,1.40828,2.06,2.00
2015.03.30 06:11:44.287,1.40809,1.40833,1.00,1.31
2015.03.30 06:11:44.388,1.40805,1.40832,1.00,1.12
2015.03.30 06:11:44.490,1.40802,1.40828,1.50,1.12
2015.03.30 06:11:44.654,1.40802,1.4083,1.50,1.75
2015.03.30 06:11:44.964,1.40807,1.40833,1.37,1.44
2015.03.30 06:11:45.195,1.40805,1.40833,1.19,1.44
2015.03.30 06:11:45.717,1.40804,1.40834,1.56,1.87
2015.03.30 06:11:45.967,1.40804,1.40834,1.94,2.62
2015.03.30 06:11:46.890,1.40806,1.40834,1.25,2.62
2015.03.30 06:11:47.398,1.40804,1.40833,1.19,1.00
2015.03.30 06:11:47.916,1.40805,1.40832,1.00,1.25
2015.03.30 06:11:48.171,1.40802,1.40828,1.69,1.00
2015.03.30 06:11:48.425,1.40799,1.40829,2.00,1.56
2015.03.30 06:11:48.577,1.40799,1.40825,1.31,1.00
2015.03.30 06:11:49.088,1.40797,1.40824,1.56,1.00
2015.03.30 06:11:51.897,1.40795,1.40823,1.31,1.12
2015.03.30 06:11:52.210,1.40794,1.40821,2.06,1.00
2015.03.30 06:11:54.406,1.40795,1.40823,1.31,1.12
2015.03.30 06:11:54.913,1.40795,1.40824,1.56,2.25
2015.03.30 06:11:55.066,1.40795,1.40822,1.56,1.12
2015.03.30 06:11:55.772,1.40795,1.40822,1.56,1.50
2015.03.30 06:11:56.576,1.40798,1.40822,1.00,1.00
2015.03.30 06:11:56.678,1.40798,1.40825,1.87,1.31
2015.03.30 06:11:56.729,1.40798,1.40827,2.06,1.69
2015.03.30 06:11:56.780,1.40799,1.40829,2.06,3.00
2015.03.30 06:11:56.831,1.408,1.40829,1.31,3.00
2015.03.30 06:11:57.337,1.408,1.40829,2.06,2.06
2015.03.30 06:11:57.871,1.40801,1.40829,1.12,1.31
2015.03.30 06:11:58.102,1.40801,1.40829,1.56,1.50
2015.03.30 06:11:58.641,1.40803,1.40829,1.00,2.25
2015.03.30 06:11:58.997,1.40802,1.40828,1.25,1.12
2015.03.30 06:11:59.099,1.40803,1.40828,1.00,1.50
2015.03.30 06:11:59.251,1.40799,1.40828,2.06,1.37
2015.03.30 06:11:59.506,1.40801,1.40829,1.37,2.06
2015.03.30 06:12:00.050,1.40803,1.40829,1.62,1.50
2015.03.30 06:12:00.861,1.40805,1.40829,1.00,1.12
2015.03.30 06:12:01.166,1.40806,1.40829,1.37,1.12
2015.03.30 06:12:01.369,1.40805,1.40829,1.00,1.12
2015.03.30 06:12:02.052,1.40804,1.40831,1.69,1.37
2015.03.30 06:12:02.570,1.40804,1.40829,1.56,1.75
2015.03.30 06:12:02.671,1.40801,1.40827,1.01,1.12
2015.03.30 06:12:03.177,1.40799,1.40824,2.14,1.00
2015.03.30 06:12:03.279,1.408,1.40828,1.31,2.44
2015.03.30 06:12:03.582,1.40801,1.40828,1.31,2.06
2015.03.30 06:12:05.406,1.40804,1.40828,1.12,2.25
2015.03.30 06:12:05.661,1.40806,1.40833,2.04,1.37
2015.03.30 06:12:05.864,1.40808,1.40836,1.87,1.19
2015.03.30 06:12:05.915,1.40808,1.40837,3.00,1.12
2015.03.30 06:12:06.067,1.40809,1.40838,1.31,2.62
2015.03.30 06:12:06.214,1.40812,1.40838,1.31,1.00
2015.03.30 06:12:06.518,1.40813,1.40842,1.62,2.81
2015.03.30 06:12:07.689,1.40814,1.40841,1.00,1.00
2015.03.30 06:12:08.269,1.40814,1.40841,1.31,1.12
2015.03.30 06:12:09.616,1.40814,1.4084,1.19,1.00
2015.03.30 06:12:09.768,1.40813,1.40838,1.94,1.00
2015.03.30 06:12:10.660,1.40814,1.40838,1.62,1.00
2015.03.30 06:12:11.575,1.40813,1.40838,1.94,1.00
2015.03.30 06:12:12.086,1.40814,1.40839,1.62,1.00
2015.03.30 06:12:13.982,1.40814,1.40839,1.56,1.00
2015.03.30 06:12:14.383,1.40817,1.40839,1.12,1.00
2015.03.30 06:12:14.434,1.40819,1.40842,1.37,1.37
2015.03.30 06:12:14.637,1.40819,1.40847,1.37,2.19
2015.03.30 06:12:14.790,1.40822,1.40848,1.12,1.44
2015.03.30 06:12:15.298,1.40822,1.40849,1.12,1.37
2015.03.30 06:12:15.400,1.40822,1.40849,1.37,1.50
2015.03.30 06:12:15.554,1.40822,1.40849,1.37,1.50
2015.03.30 06:12:16.073,1.40822,1.40848,1.62,1.31
2015.03.30 06:12:16.583,1.40822,1.40848,1.62,1.12
2015.03.30 06:12:16.684,1.40822,1.40848,1.12,1.50
2015.03.30 06:12:16.840,1.40822,1.40848,1.12,1.87
2015.03.30 06:12:17.144,1.40815,1.40843,1.31,2.25
2015.03.30 06:12:17.507,1.40817,1.40839,1.00,1.00
2015.03.30 06:12:17.710,1.40813,1.40839,2.25,1.00
2015.03.30 06:12:19.089,1.40813,1.40839,2.06,1.00
2015.03.30 06:12:19.444,1.40819,1.40841,1.12,1.50
2015.03.30 06:12:19.597,1.40818,1.40844,1.12,1.12
2015.03.30 06:12:19.800,1.4082,1.40845,1.12,1.50
2015.03.30 06:12:19.902,1.40822,1.40845,1.00,1.12
2015.03.30 06:12:20.409,1.4082,1.40845,1.37,1.00
2015.03.30 06:12:20.612,1.4082,1.40845,1.37,1.37
2015.03.30 06:12:20.713,1.40821,1.40846,1.00,1.31
2015.03.30 06:12:21.018,1.40819,1.40845,1.12,1.37
2015.03.30 06:12:21.530,1.40818,1.40844,1.12,1.12
2015.03.30 06:12:21.683,1.40819,1.40844,1.00,1.12
2015.03.30 06:12:21.785,1.40816,1.40842,2.81,1.00
2015.03.30 06:12:22.090,1.40821,1.40847,1.87,1.69
2015.03.30 06:12:22.496,1.40823,1.40849,2.06,1.37
2015.03.30 06:12:22.649,1.40823,1.40848,1.62,1.12
2015.03.30 06:12:22.852,1.40822,1.4085,1.31,1.00
2015.03.30 06:12:23.005,1.40824,1.40851,1.87,1.56
2015.03.30 06:12:23.469,1.40826,1.40853,2.25,1.87
2015.03.30 06:12:23.571,1.40827,1.40855,2.06,2.44
2015.03.30 06:12:23.673,1.40827,1.40855,2.06,2.06
2015.03.30 06:12:24.194,1.40829,1.40856,1.00,2.81
2015.03.30 06:12:24.697,1.40829,1.40856,1.00,2.81
2015.03.30 06:12:25.782,1.40829,1.40856,1.00,2.81
2015.03.30 06:12:26.301,1.40829,1.40856,1.00,2.06
2015.03.30 06:12:26.862,1.40829,1.40856,1.50,1.31
2015.03.30 06:12:27.278,1.40829,1.40855,1.50,1.25
2015.03.30 06:12:28.535,1.40829,1.40858,1.87,2.06
2015.03.30 06:12:29.592,1.40831,1.40858,1.37,2.81
2015.03.30 06:12:29.693,1.40836,1.40861,1.00,2.14
2015.03.30 06:12:29.795,1.40836,1.40862,1.00,2.81
2015.03.30 06:12:29.846,1.40836,1.40862,1.00,2.81
2015.03.30 06:12:30.401,1.40834,1.40862,1.38,2.06
2015.03.30 06:12:30.704,1.40832,1.40859,1.88,1.31
2015.03.30 06:12:30.806,1.40832,1.40856,1.00,1.37
2015.03.30 06:12:30.958,1.40831,1.40855,1.00,1.31
2015.03.30 06:12:31.009,1.40829,1.40852,1.00,1.00
2015.03.30 06:12:31.538,1.40829,1.40853,1.00,1.12
2015.03.30 06:12:32.082,1.40829,1.40852,1.00,1.00
2015.03.30 06:12:32.134,1.40829,1.40852,1.00,1.37
2015.03.30 06:12:32.235,1.40825,1.40852,1.69,1.37
2015.03.30 06:12:33.213,1.40824,1.4085,1.00,1.87
2015.03.30 06:12:33.263,1.40824,1.4085,1.00,2.25
2015.03.30 06:12:34.118,1.40824,1.4085,1.00,2.62
2015.03.30 06:12:35.523,1.40825,1.40845,1.00,1.37
2015.03.30 06:12:35.574,1.40825,1.40845,1.00,1.00
2015.03.30 06:12:35.676,1.40825,1.40849,1.19,1.00
2015.03.30 06:12:35.727,1.40828,1.4085,1.00,1.12
2015.03.30 06:12:35.829,1.40828,1.40853,1.00,1.62
2015.03.30 06:12:35.880,1.40828,1.40854,1.25,1.69
2015.03.30 06:12:36.083,1.40828,1.40852,1.00,1.37
2015.03.30 06:12:36.399,1.40822,1.40846,1.31,1.12
2015.03.30 06:12:36.704,1.40823,1.40846,1.19,1.12
2015.03.30 06:12:37.621,1.40823,1.40848,1.00,1.94
2015.03.30 06:12:37.723,1.40819,1.40848,2.06,1.94
2015.03.30 06:12:38.462,1.40819,1.40848,2.06,1.94
2015.03.30 06:12:38.868,1.40821,1.40849,1.37,1.31
2015.03.30 06:12:39.074,1.40821,1.4085,1.12,1.69
2015.03.30 06:12:39.178,1.40821,1.4085,1.37,1.69
2015.03.30 06:12:39.486,1.40821,1.4085,1.87,1.69
2015.03.30 06:12:39.840,1.40822,1.4085,1.94,1.37
2015.03.30 06:12:39.993,1.40824,1.4085,1.87,1.37
2015.03.30 06:12:40.499,1.40824,1.4085,1.87,1.00
2015.03.30 06:12:40.853,1.40823,1.40851,1.62,1.57
2015.03.30 06:12:40.959,1.40824,1.40852,1.31,2.25
2015.03.30 06:12:41.545,1.40824,1.40852,1.31,1.75
2015.03.30 06:12:42.109,1.40825,1.40852,1.31,1.50
2015.03.30 06:12:42.161,1.40825,1.40852,1.94,1.12
2015.03.30 06:12:42.567,1.40827,1.40856,3.56,1.69
2015.03.30 06:12:43.419,1.40829,1.40857,1.25,1.75
2015.03.30 06:12:43.781,1.40829,1.40857,1.25,1.94
2015.03.30 06:12:44.913,1.40827,1.40853,1.00,1.37
2015.03.30 06:12:45.015,1.40826,1.40851,2.44,1.37
2015.03.30 06:12:45.471,1.40827,1.40852,1.37,1.37
2015.03.30 06:12:45.574,1.40828,1.40854,1.00,1.31
2015.03.30 06:12:46.080,1.40827,1.40853,1.75,1.00
2015.03.30 06:12:46.606,1.40828,1.40853,1.12,1.00
2015.03.30 06:12:47.012,1.40827,1.40853,3.19,1.00
2015.03.30 06:12:47.216,1.40829,1.40858,1.31,1.00
2015.03.30 06:12:47.823,1.40832,1.40858,1.12,1.50
2015.03.30 06:12:48.132,1.40832,1.40855,1.00,1.00
2015.03.30 06:12:48.638,1.4083,1.40855,1.31,1.00
2015.03.30 06:12:51.622,1.40831,1.40858,1.31,1.12
2015.03.30 06:12:51.811,1.40831,1.40858,2.06,1.12
2015.03.30 06:12:52.115,1.40836,1.40863,1.37,1.94
2015.03.30 06:12:52.167,1.40836,1.40862,1.37,1.31
2015.03.30 06:12:52.370,1.40836,1.4086,1.37,1.37
2015.03.30 06:12:52.775,1.40837,1.4086,1.37,1.00
2015.03.30 06:12:53.129,1.40837,1.40863,2.25,1.62
2015.03.30 06:12:53.181,1.4084,1.40864,1.75,1.19
2015.03.30 06:12:53.385,1.40842,1.40869,1.37,1.01
2015.03.30 06:12:53.436,1.40841,1.40868,1.12,2.06
2015.03.30 06:12:54.350,1.40839,1.40866,1.56,1.50
2015.03.30 06:12:54.452,1.40839,1.40866,1.37,1.69
2015.03.30 06:12:55.143,1.40839,1.40866,1.37,1.69
2015.03.30 06:12:55.685,1.40839,1.40866,1.37,1.69
2015.03.30 06:12:56.452,1.40839,1.40867,1.37,2.06
2015.03.30 06:12:56.807,1.40842,1.40866,1.37,1.19
2015.03.30 06:12:56.858,1.40841,1.40866,2.44,1.00
2015.03.30 06:12:56.931,1.40843,1.4087,1.12,2.06
2015.03.30 06:12:57.085,1.40848,1.40874,2.44,1.25
2015.03.30 06:12:57.611,1.40848,1.40873,1.62,1.12
2015.03.30 06:12:57.813,1.40847,1.40875,2.06,1.12
2015.03.30 06:12:58.219,1.4085,1.40877,1.37,1.82
2015.03.30 06:12:58.524,1.40849,1.40875,1.75,1.00
2015.03.30 06:12:58.929,1.40849,1.40873,1.87,1.00
2015.03.30 06:12:59.082,1.40849,1.40873,1.37,1.00
2015.03.30 06:12:59.335,1.40849,1.40875,1.00,1.12
2015.03.30 06:13:00.025,1.40849,1.40875,1.00,1.62
2015.03.30 06:13:00.178,1.40847,1.40876,2.62,1.56
2015.03.30 06:13:00.597,1.40848,1.40877,2.25,2.44
2015.03.30 06:13:00.755,1.40848,1.40877,1.50,1.69
2015.03.30 06:13:01.008,1.40854,1.40881,1.00,1.31
2015.03.30 06:13:01.312,1.40858,1.40883,1.00,1.50
2015.03.30 06:13:01.617,1.4086,1.40889,1.69,1.00
2015.03.30 06:13:02.170,1.4086,1.40889,1.69,1.37
2015.03.30 06:13:02.432,1.40859,1.40889,1.69,2.06
2015.03.30 06:13:02.843,1.40862,1.40888,1.00,1.12
2015.03.30 06:13:02.894,1.40862,1.40888,1.00,1.00
2015.03.30 06:13:03.046,1.40865,1.40891,1.00,2.44
2015.03.30 06:13:03.254,1.40865,1.40891,1.00,1.19
2015.03.30 06:13:03.407,1.40865,1.40891,1.00,1.00
2015.03.30 06:13:03.458,1.40867,1.40891,1.37,1.00
2015.03.30 06:13:03.766,1.4088,1.40899,1.00,1.00
2015.03.30 06:13:04.072,1.40894,1.40915,1.00,1.87
2015.03.30 06:13:04.277,1.40886,1.40909,1.00,1.19
2015.03.30 06:13:04.379,1.4088,1.40909,2.25,1.31
2015.03.30 06:13:04.430,1.4088,1.40902,2.25,1.25
2015.03.30 06:13:04.633,1.40874,1.409,1.37,1.56
2015.03.30 06:13:04.786,1.40877,1.40901,1.00,1.69
2015.03.30 06:13:05.242,1.40877,1.40903,1.87,1.19
2015.03.30 06:13:05.596,1.40878,1.40905,1.87,1.19
2015.03.30 06:13:05.799,1.40878,1.40906,2.25,1.94
2015.03.30 06:13:06.153,1.4088,1.40907,1.50,1.39
2015.03.30 06:13:06.255,1.4088,1.40907,1.50,1.39
2015.03.30 06:13:06.357,1.40882,1.40911,1.75,1.12
2015.03.30 06:13:06.408,1.40883,1.40912,2.06,2.21
2015.03.30 06:13:06.459,1.40888,1.40912,1.37,1.39
2015.03.30 06:13:06.713,1.40893,1.40916,1.37,1.01
