2015.07.22 21:00:04.007,1.48063,1.48223,0.75,0.75
2015.07.22 21:00:04.158,1.48061,1.48217,0.75,0.75
2015.07.22 21:00:05.658,1.48134,1.48185,0.75,0.75
2015.07.22 21:00:05.708,1.48139,1.48185,0.37,0.75
2015.07.22 21:00:06.882,1.48031,1.48179,0.75,0.75
2015.07.22 21:00:07.318,1.48033,1.48176,0.75,0.75
2015.07.22 21:00:07.962,1.48036,1.48173,0.75,0.75
2015.07.22 21:00:09.370,1.48045,1.48164,0.75,0.75
2015.07.22 21:00:10.270,1.48046,1.48162,0.75,0.75
2015.07.22 21:00:12.074,1.48049,1.48159,0.75,0.75
2015.07.22 21:00:14.079,1.48053,1.48155,0.75,0.75
2015.07.22 21:00:14.881,1.48053,1.48125,0.75,0.75
2015.07.22 21:00:15.078,1.48023,1.48125,0.37,0.75
2015.07.22 21:00:15.129,1.47994,1.48125,0.75,0.75
2015.07.22 21:00:15.242,1.48015,1.48155,0.75,0.75
2015.07.22 21:00:15.781,1.48016,1.48155,0.75,0.75
2015.07.22 21:00:16.431,1.48016,1.48156,0.75,0.75
2015.07.22 21:00:17.083,1.48021,1.48156,0.37,0.75
2015.07.22 21:00:17.533,1.48026,1.48156,0.75,0.75
2015.07.22 21:00:22.601,1.48032,1.48192,0.37,0.37
2015.07.22 21:00:24.654,1.48036,1.48188,0.67,0.67
2015.07.22 21:00:56.079,1.47989,1.48068,0.77,0.75
2015.07.22 21:00:56.401,1.4791,1.48068,0.75,0.75
2015.07.22 21:00:56.587,1.47922,1.48076,0.75,0.52
2015.07.22 21:00:56.688,1.47924,1.48082,0.75,0.52
2015.07.22 21:00:56.900,1.47953,1.48083,1.50,0.75
2015.07.22 21:00:57.890,1.47967,1.48126,0.37,0.60
2015.07.22 21:00:58.240,1.47975,1.48133,0.75,0.37
2015.07.22 21:02:00.318,1.47929,1.48083,0.75,0.75
2015.07.22 21:02:07.971,1.47849,1.47997,0.37,0.37
2015.07.22 21:02:08.453,1.47859,1.47992,0.75,0.75
2015.07.22 21:02:08.791,1.47854,1.47997,0.75,0.75
2015.07.22 21:02:09.005,1.47853,1.48007,0.45,0.45
2015.07.22 21:02:09.168,1.47863,1.48002,0.45,0.45
2015.07.22 21:02:09.402,1.47865,1.4801,0.52,0.52
2015.07.22 21:02:09.452,1.47875,1.4801,0.37,0.52
2015.07.22 21:02:10.308,1.47887,1.48044,0.37,0.75
2015.07.22 21:02:11.108,1.47889,1.48049,0.45,0.45
2015.07.22 21:02:11.475,1.47894,1.48049,0.75,0.75
2015.07.22 21:02:11.875,1.47896,1.4805,0.60,0.60
2015.07.22 21:02:12.914,1.4791,1.48043,0.67,0.67
2015.07.22 21:02:13.677,1.4791,1.48037,0.67,0.37
2015.07.22 21:02:13.907,1.47907,1.48045,0.37,0.37
2015.07.22 21:02:13.958,1.47907,1.48035,0.37,0.75
2015.07.22 21:02:14.262,1.47931,1.48035,0.37,1.50
2015.07.22 21:02:14.363,1.47908,1.48035,0.75,1.50
2015.07.22 21:02:14.414,1.47916,1.48035,0.75,1.50
2015.07.22 21:02:18.129,1.48215,1.48353,0.37,0.60
2015.07.22 21:02:18.546,1.48235,1.48391,0.37,0.45
2015.07.22 21:02:19.060,1.48235,1.48347,0.37,0.37
2015.07.22 21:02:19.111,1.48235,1.48391,0.37,0.52
2015.07.22 21:02:19.162,1.48233,1.4837,0.37,0.37
2015.07.22 21:02:20.622,1.48261,1.48399,0.37,0.37
2015.07.22 21:02:20.774,1.48299,1.48435,0.37,0.37
2015.07.22 21:02:21.076,1.48299,1.48442,0.37,0.75
2015.07.22 21:02:21.334,1.48329,1.48443,0.37,0.67
2015.07.22 21:02:21.435,1.48329,1.48464,0.37,0.67
2015.07.22 21:02:21.978,1.48329,1.48463,0.37,0.60
2015.07.22 21:02:22.366,1.48328,1.48406,0.37,0.37
2015.07.22 21:02:22.417,1.48285,1.48406,0.37,0.37
2015.07.22 21:02:22.528,1.4826,1.48406,0.75,0.37
2015.07.22 21:02:22.579,1.48256,1.48406,0.75,0.37
2015.07.22 21:02:26.394,1.48246,1.48375,0.37,0.37
2015.07.22 21:02:26.445,1.48223,1.48328,0.67,0.37
2015.07.22 21:02:26.780,1.48231,1.48328,0.75,0.37
2015.07.22 21:02:27.388,1.48231,1.48362,0.75,0.37
2015.07.22 21:02:28.384,1.48142,1.48259,0.37,0.37
2015.07.22 21:02:28.485,1.48101,1.48259,0.52,0.37
2015.07.22 21:02:28.891,1.48102,1.48262,0.45,1.87
2015.07.22 21:02:29.077,1.48105,1.4825,0.37,0.75
2015.07.22 21:02:29.779,1.48106,1.4825,0.52,0.75
2015.07.22 21:02:30.131,1.48081,1.48173,0.67,0.37
2015.07.22 21:02:30.461,1.48081,1.48167,0.67,0.37
2015.07.22 21:02:30.791,1.48082,1.48178,0.45,0.37
2015.07.22 21:02:30.892,1.48081,1.48173,0.37,0.37
2015.07.22 21:02:31.336,1.48081,1.48168,0.37,0.37
2015.07.22 21:02:31.894,1.48082,1.48168,0.67,0.37
2015.07.22 21:02:32.621,1.48083,1.48168,0.75,0.37
2015.07.22 21:02:33.068,1.48083,1.48182,0.75,0.37
2015.07.22 21:02:33.169,1.48083,1.48115,0.75,0.37
2015.07.22 21:02:33.220,1.48014,1.48115,0.37,0.37
2015.07.22 21:02:33.271,1.47996,1.48115,0.45,0.37
2015.07.22 21:02:33.322,1.47998,1.48115,0.75,0.37
2015.07.22 21:02:33.423,1.47986,1.48116,0.67,0.37
2015.07.22 21:02:42.006,1.48065,1.4822,0.37,0.37
2015.07.22 21:02:42.723,1.48072,1.48211,0.45,0.45
2015.07.22 21:02:43.717,1.48077,1.48205,0.67,0.67
2015.07.22 21:02:45.749,1.48076,1.48202,0.60,0.60
2015.07.22 21:02:52.933,1.48074,1.482,0.37,0.37
2015.07.22 21:02:56.052,1.48074,1.48197,0.37,0.37
2015.07.22 21:02:56.154,1.48032,1.48167,0.60,0.37
2015.07.22 21:02:56.466,1.4803,1.48167,0.45,0.37
2015.07.22 21:02:57.054,1.4803,1.48176,0.75,0.75
2015.07.22 21:02:57.146,1.48028,1.48176,0.52,0.75
2015.07.22 21:02:58.055,1.48028,1.48167,0.52,0.37
2015.07.22 21:02:58.608,1.48029,1.48161,0.45,0.45
2015.07.22 21:02:59.190,1.48029,1.48148,0.45,0.45
2015.07.22 21:03:00.154,1.48029,1.48141,0.45,0.45
2015.07.22 21:03:00.789,1.48029,1.48138,0.37,0.37
2015.07.22 21:03:01.387,1.4797,1.48049,0.37,0.37
2015.07.22 21:03:01.438,1.47913,1.48018,0.52,0.37
2015.07.22 21:03:02.047,1.47912,1.48018,0.37,0.37
2015.07.22 21:03:02.674,1.47914,1.48018,0.37,0.37
2015.07.22 21:03:03.119,1.47914,1.48007,0.37,0.37
2015.07.22 21:03:03.670,1.47915,1.48007,0.60,0.37
2015.07.22 21:03:04.674,1.47916,1.48007,0.37,0.37
2015.07.22 21:03:05.180,1.47917,1.48007,0.67,0.37
2015.07.22 21:03:06.023,1.4795,1.48014,0.37,0.67
2015.07.22 21:03:06.145,1.47928,1.48014,0.37,0.67
2015.07.22 21:03:06.196,1.47928,1.48053,0.37,0.45
2015.07.22 21:03:07.081,1.47918,1.48053,0.75,0.45
2015.07.22 21:03:07.285,1.47944,1.48053,0.37,0.45
2015.07.22 21:03:17.465,1.47956,1.48114,0.75,0.60
2015.07.22 21:03:24.993,1.47947,1.48105,0.75,0.52
2015.07.22 21:03:25.317,1.47949,1.48095,0.75,0.75
2015.07.22 21:03:26.197,1.47949,1.48075,0.75,0.37
2015.07.22 21:03:26.825,1.47948,1.48075,0.75,0.37
2015.07.22 21:03:26.927,1.47938,1.48069,0.37,0.37
2015.07.22 21:03:26.977,1.47938,1.48065,0.37,0.37
2015.07.22 21:03:27.970,1.47938,1.48064,0.37,0.45
2015.07.22 21:03:28.047,1.47934,1.48064,0.37,0.45
2015.07.22 21:03:28.169,1.47934,1.48061,0.37,0.75
2015.07.22 21:03:28.471,1.47951,1.48059,0.37,0.52
2015.07.22 21:03:29.459,1.47951,1.48053,0.37,0.67
2015.07.22 21:03:30.162,1.47951,1.4805,0.37,0.67
2015.07.22 21:03:31.168,1.47951,1.48054,0.37,0.67
2015.07.22 21:03:31.366,1.47951,1.48056,0.82,0.45
2015.07.22 21:03:31.638,1.47953,1.48056,0.37,0.45
2015.07.22 21:03:31.688,1.47953,1.48069,0.82,0.45
2015.07.22 21:03:31.825,1.47956,1.48069,0.37,0.45
2015.07.22 21:03:31.876,1.47956,1.48081,0.37,0.67
2015.07.22 21:03:32.486,1.47962,1.48084,0.67,0.67
2015.07.22 21:03:32.979,1.47967,1.48091,0.37,0.37
2015.07.22 21:03:33.211,1.47968,1.48095,0.45,0.45
2015.07.22 21:03:33.417,1.47973,1.48117,0.60,0.60
2015.07.22 21:03:33.716,1.47975,1.48123,0.75,0.75
2015.07.22 21:03:34.077,1.47975,1.4812,0.75,0.37
2015.07.22 21:03:34.881,1.47979,1.4812,0.60,0.37
2015.07.22 21:03:35.258,1.47979,1.48122,0.60,0.60
2015.07.22 21:03:35.565,1.47979,1.48057,0.60,0.37
2015.07.22 21:03:35.716,1.47926,1.48025,0.52,0.37
2015.07.22 21:03:35.825,1.47926,1.48057,0.52,0.75
2015.07.22 21:03:35.875,1.47944,1.48057,0.37,0.37
2015.07.22 21:03:36.077,1.4808,1.48109,0.75,0.52
2015.07.22 21:03:36.228,1.48106,1.48226,0.37,0.60
2015.07.22 21:03:36.329,1.4808,1.48181,0.75,0.37
2015.07.22 21:03:36.430,1.48071,1.48226,0.37,0.51
2015.07.22 21:03:36.566,1.4815,1.48226,0.37,0.51
2015.07.22 21:03:36.717,1.4815,1.48268,0.37,0.37
2015.07.22 21:03:37.231,1.4815,1.48267,0.37,0.75
2015.07.22 21:03:38.082,1.48149,1.48267,0.37,0.52
2015.07.22 21:03:38.183,1.48132,1.48251,0.75,0.37
2015.07.22 21:03:38.513,1.48132,1.48271,0.75,0.37
2015.07.22 21:03:38.563,1.48144,1.48271,0.37,0.37
2015.07.22 21:03:39.095,1.48144,1.4827,0.37,0.37
2015.07.22 21:03:41.509,1.48146,1.4827,0.52,0.37
2015.07.22 21:03:43.605,1.48146,1.48206,0.52,0.37
2015.07.22 21:03:43.656,1.4812,1.48206,0.52,0.37
2015.07.22 21:03:43.926,1.48121,1.4825,0.37,0.37
2015.07.22 21:03:44.436,1.48122,1.4825,0.45,0.37
2015.07.22 21:03:44.557,1.48144,1.4825,0.37,0.37
2015.07.22 21:03:44.608,1.48144,1.48259,0.37,0.45
2015.07.22 21:03:44.659,1.48144,1.48263,0.37,0.67
2015.07.22 21:03:45.528,1.48144,1.48262,0.37,0.45
2015.07.22 21:03:47.261,1.48144,1.48261,0.37,0.60
2015.07.22 21:03:47.507,1.48144,1.48194,0.37,0.37
2015.07.22 21:03:47.769,1.48049,1.48153,0.37,0.37
2015.07.22 21:03:49.080,1.48049,1.48143,0.45,0.37
2015.07.22 21:03:49.397,1.48049,1.48122,0.45,0.37
2015.07.22 21:03:50.026,1.48048,1.48122,0.45,0.37
2015.07.22 21:03:50.743,1.48049,1.48122,0.52,0.37
2015.07.22 21:03:51.105,1.48049,1.48115,0.67,0.37
2015.07.22 21:03:51.270,1.48024,1.48115,0.75,0.37
2015.07.22 21:03:51.775,1.48023,1.48115,0.45,0.37
2015.07.22 21:03:52.490,1.48022,1.48115,0.67,0.37
2015.07.22 21:03:53.619,1.48022,1.48123,0.60,0.37
2015.07.22 21:03:53.720,1.48021,1.48129,0.75,1.50
2015.07.22 21:03:54.657,1.48024,1.48129,0.67,1.50
2015.07.22 21:03:57.464,1.48026,1.48129,0.75,1.50
2015.07.22 21:03:57.863,1.48026,1.48131,0.75,0.75
2015.07.22 21:03:59.175,1.4803,1.48131,0.37,0.75
2015.07.22 21:03:59.975,1.48032,1.48131,0.52,0.75
2015.07.22 21:04:01.178,1.48035,1.48131,0.52,0.75
2015.07.22 21:04:04.682,1.48025,1.48131,1.27,1.37
2015.07.22 21:04:05.505,1.48018,1.48131,1.87,1.37
2015.07.22 21:04:12.412,1.48021,1.48135,2.08,1.75
2015.07.22 21:04:13.346,1.48021,1.48135,2.08,1.12
2015.07.22 21:04:13.447,1.48031,1.48156,1.27,1.27
2015.07.22 21:04:13.615,1.48031,1.48161,1.27,1.27
2015.07.22 21:04:15.125,1.48039,1.48149,1.75,1.00
2015.07.22 21:04:16.222,1.4804,1.48155,1.20,2.28
2015.07.22 21:04:17.157,1.4804,1.48152,2.44,2.12
2015.07.22 21:04:18.421,1.4804,1.48142,1.69,1.20
2015.07.22 21:04:19.231,1.48041,1.48141,1.96,1.35
2015.07.22 21:04:22.535,1.48041,1.48141,1.96,1.35
2015.07.22 21:04:22.864,1.48037,1.4814,1.00,1.75
2015.07.22 21:04:23.954,1.48036,1.48131,1.00,1.75
2015.07.22 21:04:24.130,1.48036,1.48131,1.37,1.75
2015.07.22 21:04:25.345,1.48036,1.48132,1.20,2.01
2015.07.22 21:04:25.497,1.48036,1.48136,1.00,1.96
2015.07.22 21:04:25.547,1.48036,1.48126,1.00,1.12
2015.07.22 21:04:25.663,1.48031,1.48126,1.00,1.12
2015.07.22 21:04:26.195,1.48008,1.48124,1.00,1.75
2015.07.22 21:04:26.347,1.48008,1.48124,1.75,1.00
2015.07.22 21:04:26.462,1.48008,1.48145,1.12,1.12
2015.07.22 21:04:26.864,1.48014,1.48145,2.01,1.27
2015.07.22 21:04:28.119,1.48035,1.48141,1.42,1.42
2015.07.22 21:04:29.172,1.48048,1.4814,1.00,1.75
2015.07.22 21:04:29.476,1.48041,1.48139,2.15,1.35
2015.07.22 21:04:30.504,1.48046,1.48139,1.69,1.35
2015.07.22 21:04:31.044,1.48045,1.48142,1.93,1.35
2015.07.22 21:04:31.392,1.48048,1.48143,1.91,1.35
2015.07.22 21:04:31.708,1.48048,1.48143,1.91,1.35
2015.07.22 21:04:32.385,1.48051,1.48143,1.91,1.12
2015.07.22 21:04:33.913,1.48051,1.48143,1.91,1.12
2015.07.22 21:04:35.299,1.48049,1.4814,2.00,1.42
2015.07.22 21:04:36.133,1.48059,1.48145,1.05,1.05
2015.07.22 21:04:36.234,1.48054,1.48156,1.12,1.12
2015.07.22 21:04:37.407,1.48058,1.48156,1.46,1.27
2015.07.22 21:04:38.124,1.4806,1.48157,1.42,1.12
2015.07.22 21:04:38.506,1.4806,1.48158,1.42,1.12
2015.07.22 21:04:38.658,1.48062,1.48163,2.02,1.42
2015.07.22 21:04:39.232,1.48072,1.48163,1.42,1.42
2015.07.22 21:04:40.257,1.48073,1.48165,1.27,1.27
2015.07.22 21:04:40.637,1.48082,1.48163,1.00,1.37
2015.07.22 21:04:41.440,1.48075,1.48165,2.20,1.35
2015.07.22 21:04:42.427,1.48077,1.48165,1.36,1.20
2015.07.22 21:04:51.096,1.4808,1.48165,1.09,0.75
2015.07.22 21:04:51.408,1.48092,1.48193,1.00,1.75
2015.07.22 21:04:51.813,1.48085,1.48193,1.12,1.75
2015.07.22 21:04:52.143,1.4809,1.48193,1.93,1.75
2015.07.22 21:04:52.731,1.4809,1.48193,1.72,1.75
2015.07.22 21:04:52.883,1.48105,1.48193,1.00,1.75
2015.07.22 21:04:53.437,1.48096,1.48167,1.94,0.75
2015.07.22 21:04:54.178,1.48111,1.48167,1.00,0.75
2015.07.22 21:04:55.675,1.48104,1.48167,1.33,0.75
2015.07.22 21:05:00.144,1.48104,1.48164,1.33,0.75
2015.07.22 21:05:00.815,1.48109,1.48191,1.00,1.75
2015.07.22 21:05:00.866,1.48109,1.48189,1.00,1.75
2015.07.22 21:05:00.967,1.48109,1.48189,1.00,1.75
2015.07.22 21:05:01.018,1.48095,1.48189,1.13,1.75
2015.07.22 21:05:01.191,1.48092,1.48188,1.25,1.75
2015.07.22 21:05:01.599,1.4809,1.48184,1.66,1.75
2015.07.22 21:05:02.431,1.48089,1.48184,1.99,1.75
2015.07.22 21:05:03.926,1.48087,1.4818,1.76,1.12
2015.07.22 21:05:04.597,1.48087,1.4818,1.76,1.12
2015.07.22 21:05:05.176,1.48086,1.48178,1.77,1.42
2015.07.22 21:05:05.704,1.48093,1.48175,1.00,1.75
2015.07.22 21:05:05.859,1.48093,1.48175,1.00,1.75
2015.07.22 21:05:07.174,1.48083,1.48171,2.21,1.42
2015.07.22 21:05:08.859,1.48081,1.48168,2.06,1.35
2015.07.22 21:05:09.657,1.48092,1.48166,1.00,1.75
2015.07.22 21:05:12.429,1.4808,1.48156,1.68,1.37
2015.07.22 21:05:12.530,1.4808,1.4817,1.68,1.12
2015.07.22 21:05:13.455,1.4808,1.4817,1.68,1.12
2015.07.22 21:05:14.263,1.4808,1.48166,1.68,1.00
2015.07.22 21:05:14.632,1.48083,1.48161,1.81,1.00
2015.07.22 21:05:15.168,1.48093,1.48175,1.00,1.12
2015.07.22 21:05:15.483,1.48094,1.48179,1.37,1.12
2015.07.22 21:05:15.761,1.48094,1.48171,1.37,1.00
2015.07.22 21:05:16.013,1.48094,1.48178,1.37,1.12
2015.07.22 21:05:16.165,1.4809,1.48172,1.20,1.75
2015.07.22 21:05:16.646,1.4809,1.48168,1.20,1.00
2015.07.22 21:05:17.541,1.4809,1.48165,1.20,1.00
2015.07.22 21:05:17.891,1.4809,1.48165,1.12,1.00
2015.07.22 21:05:18.755,1.4809,1.48163,1.12,1.00
2015.07.22 21:05:20.361,1.4809,1.4816,1.12,1.00
2015.07.22 21:05:21.353,1.4809,1.48158,1.12,1.00
2015.07.22 21:05:21.863,1.4809,1.48157,1.12,1.00
2015.07.22 21:05:24.681,1.4809,1.48156,1.57,1.00
2015.07.22 21:05:24.732,1.4809,1.48156,1.27,1.37
2015.07.22 21:05:24.833,1.48084,1.48156,1.27,1.37
2015.07.22 21:05:25.497,1.48089,1.48148,1.20,1.37
2015.07.22 21:05:26.443,1.48088,1.4814,1.05,1.37
2015.07.22 21:05:26.824,1.48079,1.48141,1.79,1.00
2015.07.22 21:05:26.925,1.48089,1.48141,1.42,1.00
2015.07.22 21:05:27.077,1.48089,1.48175,1.42,1.50
2015.07.22 21:05:27.968,1.48088,1.48182,1.26,1.75
2015.07.22 21:05:28.088,1.48088,1.48182,1.26,1.75
2015.07.22 21:05:28.928,1.48088,1.48179,1.26,1.75
2015.07.22 21:05:29.532,1.481,1.48174,1.05,1.75
2015.07.22 21:05:29.633,1.481,1.48172,1.05,1.37
2015.07.22 21:05:29.972,1.48081,1.48159,1.35,1.00
2015.07.22 21:05:30.073,1.48081,1.48168,1.35,1.37
2015.07.22 21:05:30.912,1.4808,1.48162,1.75,1.00
2015.07.22 21:05:31.448,1.4808,1.48162,1.75,1.37
2015.07.22 21:05:31.550,1.4808,1.48162,1.75,1.37
2015.07.22 21:05:31.936,1.4808,1.48162,1.75,1.37
2015.07.22 21:05:32.341,1.4808,1.4816,1.27,1.37
2015.07.22 21:05:32.875,1.48081,1.48173,1.26,1.75
2015.07.22 21:05:33.232,1.48085,1.48168,1.26,1.12
2015.07.22 21:05:33.435,1.48085,1.48168,1.26,1.12
2015.07.22 21:05:33.983,1.48091,1.48166,1.27,1.37
2015.07.22 21:05:34.752,1.48091,1.48166,1.27,1.37
2015.07.22 21:05:35.134,1.48099,1.48165,1.00,1.37
2015.07.22 21:05:35.450,1.48096,1.48163,1.05,1.37
2015.07.22 21:05:36.410,1.48095,1.48163,1.89,1.37
2015.07.22 21:05:36.945,1.48095,1.48162,1.51,1.12
2015.07.22 21:05:37.249,1.48075,1.48126,1.35,0.37
2015.07.22 21:05:37.877,1.48067,1.48147,1.20,1.75
2015.07.22 21:05:37.979,1.48066,1.48145,1.00,1.12
2015.07.22 21:05:38.131,1.48047,1.48144,1.12,1.75
2015.07.22 21:05:38.182,1.48044,1.4808,2.05,0.37
2015.07.22 21:05:38.233,1.4804,1.4808,1.00,0.37
2015.07.22 21:05:38.760,1.4804,1.48081,1.00,0.37
2015.07.22 21:05:39.277,1.4804,1.48102,1.00,1.12
2015.07.22 21:05:39.953,1.4804,1.48102,1.00,1.12
2015.07.22 21:05:40.465,1.4804,1.48102,1.00,1.12
2015.07.22 21:05:40.901,1.4804,1.48095,1.00,1.12
2015.07.22 21:05:41.325,1.48023,1.48094,1.44,1.12
2015.07.22 21:05:41.376,1.48022,1.4807,1.54,0.37
2015.07.22 21:05:41.477,1.47979,1.4805,1.00,0.37
2015.07.22 21:05:41.679,1.47948,1.48061,1.48,1.37
2015.07.22 21:05:42.189,1.47947,1.48051,1.09,0.37
2015.07.22 21:05:42.492,1.47948,1.48046,1.52,0.37
2015.07.22 21:05:42.879,1.47958,1.48077,1.20,1.12
2015.07.22 21:05:43.130,1.47964,1.48089,2.25,1.37
2015.07.22 21:05:43.181,1.47964,1.48084,2.25,1.12
2015.07.22 21:05:43.507,1.47968,1.48084,1.75,1.12
2015.07.22 21:05:43.709,1.47961,1.48101,1.50,1.12
2015.07.22 21:05:43.760,1.47964,1.48101,1.50,1.12
2015.07.22 21:05:43.963,1.47962,1.48091,1.50,1.05
2015.07.22 21:05:44.165,1.47958,1.481,1.00,1.98
2015.07.22 21:05:44.266,1.4796,1.481,1.50,2.28
2015.07.22 21:05:44.482,1.47947,1.48084,2.61,1.87
2015.07.22 21:05:44.544,1.4798,1.48096,1.50,2.06
2015.07.22 21:05:44.645,1.47962,1.48097,1.50,1.72
2015.07.22 21:05:44.964,1.47962,1.48088,2.25,1.35
2015.07.22 21:05:46.200,1.47955,1.48086,2.70,1.20
2015.07.22 21:05:46.676,1.47964,1.48093,1.50,2.08
2015.07.22 21:05:46.778,1.47948,1.4809,1.05,2.83
2015.07.22 21:05:47.368,1.47954,1.48081,1.42,1.05
2015.07.22 21:05:47.469,1.47954,1.4809,1.42,2.46
2015.07.22 21:05:48.384,1.47965,1.48086,2.25,1.12
2015.07.22 21:05:49.058,1.47967,1.48086,1.37,1.12
2015.07.22 21:05:49.373,1.47959,1.48076,2.25,1.35
2015.07.22 21:05:49.906,1.47957,1.48073,2.25,1.12
2015.07.22 21:05:51.711,1.47959,1.48069,1.75,1.05
2015.07.22 21:05:52.111,1.47959,1.48069,1.75,1.42
2015.07.22 21:05:52.413,1.47956,1.4807,1.75,1.67
2015.07.22 21:05:52.906,1.4797,1.48077,1.75,1.47
2015.07.22 21:05:53.416,1.47981,1.48083,1.00,1.42
2015.07.22 21:05:53.467,1.47962,1.48083,1.75,1.42
2015.07.22 21:05:53.569,1.47962,1.48083,1.75,1.42
2015.07.22 21:05:53.873,1.47989,1.48093,2.25,1.12
2015.07.22 21:05:54.124,1.47989,1.48095,2.25,1.12
2015.07.22 21:05:54.625,1.4799,1.48093,2.25,1.12
2015.07.22 21:05:55.126,1.47989,1.48103,2.25,1.27
2015.07.22 21:05:56.083,1.47992,1.48101,1.27,1.12
2015.07.22 21:05:56.351,1.47992,1.48098,1.27,1.12
2015.07.22 21:05:56.452,1.47992,1.48086,1.27,1.12
2015.07.22 21:05:56.726,1.47992,1.48078,1.27,1.87
2015.07.22 21:05:56.827,1.47982,1.48078,3.13,2.25
2015.07.22 21:05:56.878,1.47992,1.48077,2.61,1.12
2015.07.22 21:05:56.979,1.47969,1.48077,1.00,1.12
2015.07.22 21:05:57.182,1.4797,1.48102,2.25,1.75
2015.07.22 21:05:57.384,1.47979,1.481,1.00,1.27
2015.07.22 21:05:57.766,1.47979,1.481,1.50,1.27
2015.07.22 21:05:58.108,1.47979,1.481,1.37,1.95
2015.07.22 21:05:58.435,1.47971,1.48092,1.35,1.35
2015.07.22 21:05:58.736,1.47971,1.48091,1.35,1.12
2015.07.22 21:05:58.959,1.47971,1.48091,1.67,1.12
2015.07.22 21:05:59.263,1.47971,1.4809,1.35,1.12
2015.07.22 21:05:59.577,1.47971,1.48091,1.35,1.75
2015.07.22 21:06:01.289,1.47971,1.48084,1.42,1.12
2015.07.22 21:06:01.592,1.48006,1.48076,1.50,1.12
2015.07.22 21:06:01.643,1.47982,1.48076,1.00,1.12
2015.07.22 21:06:01.694,1.47976,1.48076,1.00,1.50
2015.07.22 21:06:01.745,1.47965,1.48076,1.00,1.75
2015.07.22 21:06:02.401,1.47956,1.48076,2.08,1.75
2015.07.22 21:06:02.502,1.47956,1.4807,2.08,1.12
2015.07.22 21:06:02.904,1.47964,1.48065,1.27,1.12
2015.07.22 21:06:03.208,1.47965,1.48072,1.42,1.12
2015.07.22 21:06:03.522,1.47965,1.48072,1.42,1.12
2015.07.22 21:06:05.024,1.47966,1.48066,1.27,1.12
2015.07.22 21:06:06.270,1.47965,1.48068,1.75,1.75
2015.07.22 21:06:06.372,1.47965,1.48071,1.75,1.12
2015.07.22 21:06:06.875,1.47965,1.48071,1.75,1.12
2015.07.22 21:06:07.380,1.47964,1.48065,1.75,1.12
2015.07.22 21:06:07.707,1.47964,1.4807,1.00,1.75
2015.07.22 21:06:08.531,1.47964,1.48068,1.75,1.12
2015.07.22 21:06:10.835,1.47958,1.48068,1.12,1.12
2015.07.22 21:06:11.226,1.47958,1.48058,1.75,1.12
2015.07.22 21:06:11.537,1.47958,1.48063,1.75,1.75
2015.07.22 21:06:11.588,1.47958,1.48063,1.75,1.75
2015.07.22 21:06:11.740,1.47958,1.48063,1.75,1.37
2015.07.22 21:06:11.791,1.47958,1.48063,1.75,1.37
2015.07.22 21:06:11.893,1.47958,1.48062,1.75,1.12
2015.07.22 21:06:12.102,1.47958,1.48061,1.75,1.00
2015.07.22 21:06:12.395,1.47958,1.48061,1.75,1.12
2015.07.22 21:06:12.699,1.47959,1.4805,1.75,1.12
2015.07.22 21:06:13.106,1.4796,1.48051,1.75,1.12
2015.07.22 21:06:13.576,1.4796,1.48046,1.75,1.37
2015.07.22 21:06:14.518,1.4796,1.48046,1.75,1.12
2015.07.22 21:06:15.782,1.47961,1.48046,1.75,1.37
2015.07.22 21:06:17.076,1.47963,1.4805,1.75,1.12
2015.07.22 21:06:17.379,1.47961,1.48051,1.75,1.12
2015.07.22 21:06:17.818,1.47968,1.48059,1.37,1.27
2015.07.22 21:06:17.880,1.47982,1.4807,1.00,1.93
2015.07.22 21:06:18.183,1.47994,1.48065,1.00,1.37
2015.07.22 21:06:18.550,1.47987,1.48065,1.00,1.37
2015.07.22 21:06:19.079,1.47988,1.48065,1.75,1.75
2015.07.22 21:06:19.130,1.47988,1.48065,1.75,1.75
2015.07.22 21:06:19.580,1.47989,1.48064,1.12,1.12
2015.07.22 21:06:19.934,1.4799,1.48067,1.37,1.47
2015.07.22 21:06:20.388,1.47987,1.48066,1.50,1.37
2015.07.22 21:06:21.548,1.47987,1.48066,1.50,1.00
2015.07.22 21:06:21.650,1.47988,1.48066,1.75,1.00
2015.07.22 21:06:21.752,1.47991,1.48067,1.00,1.00
2015.07.22 21:06:21.957,1.47988,1.48066,1.00,1.00
2015.07.22 21:06:22.008,1.47986,1.48066,1.12,1.00
2015.07.22 21:06:22.164,1.47988,1.48066,1.00,1.12
2015.07.22 21:06:22.266,1.47986,1.48066,1.00,1.12
2015.07.22 21:06:22.368,1.47984,1.48066,1.00,1.12
2015.07.22 21:06:24.181,1.47976,1.48071,1.20,2.36
2015.07.22 21:06:24.482,1.47982,1.48071,1.20,2.36
2015.07.22 21:06:25.010,1.47984,1.4807,1.75,1.75
2015.07.22 21:06:25.163,1.47984,1.4807,1.75,2.06
2015.07.22 21:06:25.213,1.47984,1.48068,1.75,1.89
2015.07.22 21:06:25.665,1.47984,1.48068,1.75,1.89
2015.07.22 21:06:25.934,1.47984,1.48068,1.75,1.89
2015.07.22 21:06:26.036,1.47984,1.48068,1.75,1.89
2015.07.22 21:06:26.736,1.47984,1.48068,1.75,1.94
2015.07.22 21:06:26.871,1.47984,1.48068,1.75,1.89
2015.07.22 21:06:27.237,1.47984,1.48065,2.10,2.05
2015.07.22 21:06:27.568,1.47985,1.48065,1.75,2.05
2015.07.22 21:06:27.776,1.47985,1.48065,1.75,2.05
2015.07.22 21:06:27.999,1.47985,1.48065,1.75,2.05
2015.07.22 21:06:28.077,1.47985,1.48065,1.75,2.05
2015.07.22 21:06:28.621,1.47984,1.48065,2.10,2.05
2015.07.22 21:06:28.778,1.47984,1.48065,2.10,2.05
2015.07.22 21:06:28.879,1.47984,1.48065,2.10,2.05
2015.07.22 21:06:29.183,1.47984,1.48065,1.35,2.05
2015.07.22 21:06:29.624,1.48008,1.4808,2.25,1.75
2015.07.22 21:06:29.725,1.4801,1.4808,2.25,1.12
2015.07.22 21:06:29.981,1.4801,1.4808,2.25,1.12
2015.07.22 21:06:30.285,1.4802,1.48078,2.25,1.05
2015.07.22 21:06:30.615,1.48017,1.48079,2.25,1.10
2015.07.22 21:06:30.717,1.48016,1.48079,2.25,1.10
2015.07.22 21:06:31.225,1.48016,1.48079,2.25,1.10
2015.07.22 21:06:31.597,1.48017,1.48079,2.25,1.05
2015.07.22 21:06:32.113,1.48017,1.48077,2.25,1.30
2015.07.22 21:06:32.315,1.4801,1.48085,2.25,2.10
2015.07.22 21:06:32.833,1.4801,1.48078,2.25,1.10
2015.07.22 21:06:33.516,1.4801,1.48078,2.25,1.10
2015.07.22 21:06:33.625,1.48013,1.48085,1.35,1.12
2015.07.22 21:06:33.676,1.48013,1.48085,1.35,1.00
2015.07.22 21:06:34.073,1.48021,1.48096,2.25,1.78
2015.07.22 21:06:34.524,1.48017,1.48097,2.25,1.86
2015.07.22 21:06:34.575,1.48017,1.48097,2.25,1.86
2015.07.22 21:06:34.676,1.48022,1.48097,2.25,1.83
2015.07.22 21:06:36.456,1.48024,1.48096,1.47,1.55
2015.07.22 21:06:39.954,1.48025,1.4809,1.37,1.00
2015.07.22 21:06:41.174,1.48024,1.481,1.20,1.45
2015.07.22 21:06:42.674,1.4803,1.48105,1.42,1.51
2015.07.22 21:06:42.725,1.4803,1.48109,1.42,1.00
2015.07.22 21:06:42.776,1.48029,1.48125,1.42,2.37
2015.07.22 21:06:43.053,1.48029,1.48125,1.42,2.37
2015.07.22 21:06:43.599,1.48032,1.48124,1.27,1.70
2015.07.22 21:06:44.708,1.48026,1.4812,1.35,1.88
2015.07.22 21:06:45.144,1.48023,1.48109,1.75,1.00
2015.07.22 21:06:45.354,1.48023,1.48117,1.42,1.27
2015.07.22 21:06:45.758,1.48023,1.48117,1.42,1.27
2015.07.22 21:06:46.279,1.48023,1.48117,1.42,1.27
2015.07.22 21:06:46.335,1.48025,1.48113,1.35,2.09
2015.07.22 21:06:46.662,1.48025,1.48113,1.67,2.09
2015.07.22 21:06:46.764,1.48025,1.48113,1.30,2.09
2015.07.22 21:06:47.369,1.48025,1.48113,1.35,2.47
2015.07.22 21:06:47.674,1.48026,1.48106,1.75,1.00
2015.07.22 21:06:47.877,1.48026,1.48106,1.75,1.00
2015.07.22 21:06:48.425,1.48026,1.48106,1.75,1.00
2015.07.22 21:06:48.928,1.4803,1.48115,1.27,1.58
2015.07.22 21:06:49.830,1.4803,1.48115,1.57,1.58
2015.07.22 21:06:50.124,1.4803,1.48115,1.27,1.96
2015.07.22 21:06:50.280,1.48032,1.48116,1.35,1.35
2015.07.22 21:06:50.331,1.48032,1.48116,1.35,1.35
2015.07.22 21:06:50.597,1.48032,1.48116,1.35,1.35
2015.07.22 21:06:52.124,1.48032,1.48114,1.35,1.35
2015.07.22 21:06:52.175,1.48032,1.48114,1.35,1.35
2015.07.22 21:06:52.327,1.48032,1.48114,1.67,1.35
2015.07.22 21:06:52.638,1.4803,1.48114,1.35,1.35
2015.07.22 21:06:53.441,1.48031,1.48114,1.35,2.05
2015.07.22 21:06:53.626,1.48031,1.48114,1.35,2.05
2015.07.22 21:06:54.816,1.48031,1.48114,1.35,1.35
2015.07.22 21:06:55.385,1.48031,1.48114,1.35,1.35
2015.07.22 21:06:55.797,1.48031,1.48114,1.35,1.35
2015.07.22 21:06:56.495,1.48031,1.48114,1.35,1.35
2015.07.22 21:06:56.719,1.48033,1.4812,1.12,1.37
2015.07.22 21:06:56.821,1.48034,1.48118,1.12,1.75
2015.07.22 21:06:57.249,1.48034,1.48122,1.12,1.75
2015.07.22 21:06:57.692,1.48037,1.48119,1.75,1.75
2015.07.22 21:06:58.050,1.48037,1.48127,1.75,1.75
2015.07.22 21:06:58.557,1.48044,1.48128,1.42,1.42
2015.07.22 21:06:58.669,1.48044,1.48128,1.42,1.42
2015.07.22 21:06:59.204,1.48051,1.48115,1.35,1.00
2015.07.22 21:06:59.255,1.48051,1.48117,1.35,1.00
2015.07.22 21:06:59.357,1.4805,1.48128,1.35,1.75
2015.07.22 21:07:00.432,1.48051,1.48123,1.35,1.75
2015.07.22 21:07:01.362,1.48055,1.48114,1.05,1.00
2015.07.22 21:07:01.669,1.48055,1.48112,1.05,1.00
2015.07.22 21:07:02.147,1.48053,1.48112,1.05,1.00
2015.07.22 21:07:02.299,1.48044,1.4811,1.94,1.00
2015.07.22 21:07:02.612,1.48046,1.48113,1.05,1.00
2015.07.22 21:07:02.663,1.48046,1.4811,1.05,1.00
2015.07.22 21:07:02.994,1.48044,1.48114,2.27,1.00
2015.07.22 21:07:03.574,1.48044,1.48115,2.27,1.00
2015.07.22 21:07:04.130,1.4805,1.48115,1.35,1.00
2015.07.22 21:07:04.658,1.4805,1.48114,1.35,1.00
2015.07.22 21:07:05.173,1.4805,1.48115,1.20,1.00
2015.07.22 21:07:05.931,1.48053,1.48114,1.20,1.00
2015.07.22 21:07:06.134,1.48048,1.4811,1.20,1.00
2015.07.22 21:07:06.185,1.48048,1.48106,1.20,1.00
2015.07.22 21:07:06.286,1.48052,1.4811,1.20,1.00
2015.07.22 21:07:06.337,1.48054,1.4811,1.47,1.00
2015.07.22 21:07:06.439,1.48054,1.48115,1.20,1.50
2015.07.22 21:07:06.540,1.48054,1.48123,1.20,1.45
2015.07.22 21:07:07.323,1.48054,1.48121,1.20,1.00
2015.07.22 21:07:08.217,1.48054,1.48122,1.20,1.20
2015.07.22 21:07:08.393,1.48054,1.48112,1.20,1.00
2015.07.22 21:07:09.153,1.48054,1.48112,1.20,1.00
2015.07.22 21:07:09.204,1.48054,1.48117,1.20,1.00
2015.07.22 21:07:09.255,1.48054,1.48122,1.20,1.20
2015.07.22 21:07:09.460,1.48054,1.48122,1.37,1.00
2015.07.22 21:07:09.511,1.48054,1.48115,1.37,1.00
2015.07.22 21:07:09.815,1.48054,1.48116,1.75,1.00
2015.07.22 21:07:10.135,1.48053,1.48105,1.75,1.00
2015.07.22 21:07:10.287,1.48043,1.48104,1.42,1.00
2015.07.22 21:07:10.389,1.48038,1.48109,1.35,1.00
2015.07.22 21:07:10.693,1.48035,1.48108,1.50,1.00
2015.07.22 21:07:10.795,1.48035,1.48108,1.75,1.00
2015.07.22 21:07:10.866,1.48035,1.48108,1.37,1.00
2015.07.22 21:07:11.373,1.48038,1.48109,1.37,1.00
2015.07.22 21:07:12.069,1.48038,1.48109,1.37,1.00
2015.07.22 21:07:12.462,1.48038,1.48098,1.37,1.00
2015.07.22 21:07:12.883,1.48039,1.48098,1.75,1.00
2015.07.22 21:07:12.985,1.48045,1.48137,2.25,2.42
2015.07.22 21:07:13.086,1.48041,1.48136,1.00,1.84
2015.07.22 21:07:13.188,1.48037,1.48137,1.50,2.23
2015.07.22 21:07:13.289,1.48034,1.48136,1.00,1.84
2015.07.22 21:07:13.341,1.48049,1.48136,1.00,1.84
2015.07.22 21:07:13.810,1.48043,1.48137,1.00,1.54
2015.07.22 21:07:14.347,1.48043,1.48138,1.00,2.07
2015.07.22 21:07:14.918,1.48042,1.48138,1.00,2.07
2015.07.22 21:07:15.370,1.48043,1.48137,1.67,2.17
2015.07.22 21:07:15.883,1.48045,1.48137,1.00,2.17
2015.07.22 21:07:16.644,1.48044,1.48137,1.42,2.17
2015.07.22 21:07:17.203,1.48043,1.48137,1.60,1.71
2015.07.22 21:07:17.534,1.48042,1.48094,1.05,1.00
2015.07.22 21:07:17.585,1.48038,1.48094,1.05,1.00
2015.07.22 21:07:17.737,1.48036,1.48094,1.80,1.00
2015.07.22 21:07:18.522,1.48036,1.48095,1.80,1.50
2015.07.22 21:07:19.230,1.48036,1.48089,1.80,1.50
2015.07.22 21:07:19.285,1.48036,1.48095,1.80,1.50
2015.07.22 21:07:19.822,1.48036,1.48096,1.80,1.50
2015.07.22 21:07:20.209,1.48036,1.48098,1.80,1.50
2015.07.22 21:07:20.703,1.48036,1.48096,1.80,1.00
2015.07.22 21:07:21.536,1.48036,1.48096,1.80,1.00
2015.07.22 21:07:22.070,1.48035,1.48096,1.05,1.00
2015.07.22 21:07:22.181,1.48033,1.48091,1.80,1.00
2015.07.22 21:07:22.714,1.48033,1.4809,1.00,1.00
2015.07.22 21:07:22.765,1.48033,1.48092,1.00,1.00
2015.07.22 21:07:23.421,1.48033,1.48092,1.00,2.62
2015.07.22 21:07:23.967,1.48034,1.48092,1.00,1.37
2015.07.22 21:07:24.400,1.48034,1.48092,1.00,1.12
2015.07.22 21:07:24.986,1.48034,1.4809,1.00,1.00
2015.07.22 21:07:25.489,1.48033,1.4809,1.00,1.00
2015.07.22 21:07:25.946,1.48037,1.4809,1.00,1.12
2015.07.22 21:07:27.537,1.48037,1.48091,1.00,1.00
2015.07.22 21:07:28.549,1.48037,1.4809,1.00,1.00
2015.07.22 21:07:28.745,1.4803,1.4809,1.05,1.00
2015.07.22 21:07:28.796,1.48014,1.4809,1.00,1.00
2015.07.22 21:07:28.949,1.48014,1.48084,1.00,1.37
2015.07.22 21:07:29.050,1.48007,1.48087,1.37,1.37
2015.07.22 21:07:30.001,1.48008,1.48087,1.00,1.37
2015.07.22 21:07:30.516,1.48007,1.48085,1.00,1.37
2015.07.22 21:07:31.326,1.48,1.48087,1.20,1.37
2015.07.22 21:07:31.630,1.47997,1.48089,2.37,2.25
2015.07.22 21:07:32.155,1.47998,1.48088,1.75,2.25
2015.07.22 21:07:32.664,1.47998,1.48083,1.75,1.75
2015.07.22 21:07:33.213,1.47996,1.48066,1.12,1.00
2015.07.22 21:07:33.264,1.47996,1.48083,1.12,1.75
2015.07.22 21:07:33.662,1.47994,1.48083,1.12,1.75
2015.07.22 21:07:34.126,1.47994,1.48086,1.12,3.00
2015.07.22 21:07:34.532,1.47995,1.48082,1.12,2.25
2015.07.22 21:07:34.583,1.47995,1.48082,1.12,2.25
2015.07.22 21:07:35.134,1.47995,1.48083,1.27,1.27
2015.07.22 21:07:35.595,1.47995,1.48083,1.27,1.27
2015.07.22 21:07:36.139,1.47995,1.48083,1.27,1.27
2015.07.22 21:07:37.412,1.47995,1.48079,1.12,1.12
2015.07.22 21:07:38.064,1.47995,1.48081,1.12,1.12
2015.07.22 21:07:38.116,1.47995,1.48081,1.12,1.12
2015.07.22 21:07:38.318,1.47998,1.48082,1.05,1.97
2015.07.22 21:07:38.470,1.47978,1.48073,1.00,1.12
2015.07.22 21:07:38.686,1.47947,1.48041,1.75,1.00
2015.07.22 21:07:38.787,1.47946,1.48045,1.75,1.00
2015.07.22 21:07:38.958,1.47948,1.48064,1.75,1.12
2015.07.22 21:07:39.111,1.47948,1.48064,1.75,1.12
2015.07.22 21:07:39.515,1.47947,1.48065,1.35,1.75
2015.07.22 21:07:40.114,1.47948,1.48057,1.42,1.37
2015.07.22 21:07:40.216,1.47948,1.48057,1.42,1.75
2015.07.22 21:07:40.418,1.47948,1.48057,1.42,1.37
2015.07.22 21:07:40.519,1.47948,1.48053,1.42,2.25
2015.07.22 21:07:41.078,1.4795,1.48053,1.27,2.77
2015.07.22 21:07:41.417,1.4795,1.4805,1.27,1.50
2015.07.22 21:07:41.518,1.47951,1.48052,1.27,1.27
2015.07.22 21:07:41.822,1.47952,1.48045,1.20,1.37
2015.07.22 21:07:42.065,1.47952,1.48044,1.20,1.37
2015.07.22 21:07:42.594,1.47952,1.4805,1.20,1.20
2015.07.22 21:07:43.519,1.47952,1.4805,1.20,1.20
2015.07.22 21:07:44.520,1.47955,1.48054,1.75,1.82
2015.07.22 21:07:45.700,1.47955,1.48054,1.75,1.82
2015.07.22 21:07:47.433,1.47955,1.48055,1.12,1.57
2015.07.22 21:07:47.485,1.47958,1.48055,1.75,1.12
2015.07.22 21:07:47.909,1.47964,1.48064,1.75,1.72
2015.07.22 21:07:48.361,1.47964,1.48064,1.75,1.37
2015.07.22 21:07:48.412,1.47965,1.48065,1.87,1.80
2015.07.22 21:07:48.514,1.47966,1.48064,1.75,1.37
2015.07.22 21:07:48.615,1.4797,1.48067,2.25,1.37
2015.07.22 21:07:49.137,1.47967,1.48069,1.12,1.37
2015.07.22 21:07:49.817,1.47969,1.48063,1.12,1.00
2015.07.22 21:07:49.868,1.47967,1.48063,1.12,1.37
2015.07.22 21:07:50.020,1.47946,1.48034,1.75,1.37
2015.07.22 21:07:50.071,1.47946,1.48034,1.50,1.37
2015.07.22 21:07:50.767,1.47947,1.4804,1.35,1.50
2015.07.22 21:07:50.869,1.47948,1.4804,1.35,1.50
2015.07.22 21:07:50.970,1.47945,1.4804,1.20,1.37
2015.07.22 21:07:51.072,1.4796,1.4804,1.00,1.37
2015.07.22 21:07:51.341,1.47953,1.4804,1.37,1.37
2015.07.22 21:07:51.948,1.47949,1.4804,1.75,1.75
2015.07.22 21:07:52.380,1.4795,1.48036,1.37,1.37
2015.07.22 21:07:52.545,1.4795,1.4804,1.50,1.75
2015.07.22 21:07:52.596,1.47979,1.4804,0.75,1.75
2015.07.22 21:07:52.698,1.47956,1.48053,1.75,1.37
2015.07.22 21:07:52.850,1.47953,1.48063,1.75,1.37
2015.07.22 21:07:52.901,1.47953,1.48054,1.75,1.00
2015.07.22 21:07:53.003,1.47947,1.48052,2.25,1.00
2015.07.22 21:07:53.054,1.47947,1.48052,2.25,1.00
2015.07.22 21:07:53.155,1.47952,1.48051,1.75,1.00
2015.07.22 21:07:53.257,1.47955,1.48053,1.75,1.00
2015.07.22 21:07:53.358,1.4795,1.48051,1.75,1.00
2015.07.22 21:07:53.661,1.47953,1.48054,1.75,1.12
2015.07.22 21:07:54.080,1.47959,1.48056,1.75,1.00
2015.07.22 21:07:54.282,1.47958,1.48058,2.25,1.50
2015.07.22 21:07:54.475,1.47958,1.48058,2.25,1.50
2015.07.22 21:07:54.526,1.47964,1.48061,2.25,1.00
2015.07.22 21:07:55.371,1.47964,1.48063,2.25,1.75
2015.07.22 21:07:55.759,1.47992,1.48063,0.75,1.75
2015.07.22 21:07:56.060,1.47963,1.48063,2.25,1.75
2015.07.22 21:07:56.161,1.47963,1.48062,2.25,1.75
2015.07.22 21:07:56.465,1.47963,1.48063,2.25,1.37
2015.07.22 21:07:56.566,1.47965,1.48063,2.25,1.57
2015.07.22 21:07:56.828,1.47964,1.48064,2.25,1.87
2015.07.22 21:07:57.263,1.47964,1.48062,3.00,1.12
2015.07.22 21:07:57.961,1.47966,1.48063,1.27,1.65
2015.07.22 21:07:58.892,1.47966,1.48062,1.27,1.00
2015.07.22 21:07:59.767,1.47966,1.48063,2.77,1.65
2015.07.22 21:08:00.087,1.47966,1.48062,2.77,1.37
2015.07.22 21:08:00.188,1.47966,1.48065,2.77,1.27
2015.07.22 21:08:00.601,1.47966,1.48062,2.77,1.37
2015.07.22 21:08:00.982,1.47968,1.48063,1.75,1.37
2015.07.22 21:08:01.474,1.47968,1.48063,1.75,1.37
2015.07.22 21:08:01.812,1.47972,1.48063,1.12,1.00
2015.07.22 21:08:02.368,1.47968,1.48063,1.87,1.00
2015.07.22 21:08:02.569,1.47972,1.48063,1.12,1.00
2015.07.22 21:08:02.988,1.47968,1.48063,1.75,1.37
2015.07.22 21:08:03.621,1.47968,1.48063,1.75,1.75
2015.07.22 21:08:03.946,1.47968,1.48063,1.75,1.75
2015.07.22 21:08:03.997,1.47968,1.48063,1.75,1.75
2015.07.22 21:08:04.149,1.47968,1.48063,1.75,1.37
2015.07.22 21:08:04.200,1.47958,1.48066,1.27,1.27
2015.07.22 21:08:04.492,1.47958,1.48066,1.27,1.27
2015.07.22 21:08:04.594,1.47958,1.48059,1.27,1.37
2015.07.22 21:08:04.905,1.47958,1.48055,1.27,1.00
2015.07.22 21:08:05.722,1.47958,1.48056,1.27,1.00
2015.07.22 21:08:05.924,1.47958,1.48056,1.27,1.00
2015.07.22 21:08:06.111,1.47959,1.48059,2.77,1.65
2015.07.22 21:08:06.415,1.47958,1.48056,1.27,1.75
2015.07.22 21:08:06.517,1.47958,1.48056,1.27,1.75
2015.07.22 21:08:06.681,1.47958,1.48056,1.27,1.75
2015.07.22 21:08:08.877,1.47958,1.48055,1.27,1.75
2015.07.22 21:08:09.214,1.47958,1.48056,1.27,1.75
2015.07.22 21:08:09.546,1.47958,1.48057,1.27,1.37
2015.07.22 21:08:10.194,1.47958,1.48057,1.27,1.37
2015.07.22 21:08:10.246,1.47958,1.4806,1.27,1.27
2015.07.22 21:08:10.347,1.47958,1.48059,1.27,1.00
2015.07.22 21:08:10.856,1.47958,1.4806,1.27,1.27
2015.07.22 21:08:11.119,1.47958,1.4806,1.27,1.27
2015.07.22 21:08:11.331,1.47958,1.4806,1.27,1.27
2015.07.22 21:08:11.650,1.47961,1.48066,1.75,1.52
2015.07.22 21:08:12.953,1.47962,1.48066,1.12,1.52
2015.07.22 21:08:13.504,1.47962,1.48058,1.12,1.00
2015.07.22 21:08:14.100,1.47959,1.48057,1.12,1.00
2015.07.22 21:08:14.657,1.47959,1.48058,1.12,1.12
2015.07.22 21:08:16.670,1.47959,1.48064,1.75,1.37
2015.07.22 21:08:18.336,1.4796,1.48061,1.12,1.37
2015.07.22 21:08:18.438,1.47959,1.48062,1.12,1.37
2015.07.22 21:08:18.539,1.47959,1.48062,1.12,1.37
2015.07.22 21:08:20.822,1.47959,1.48056,1.12,1.00
2015.07.22 21:08:21.941,1.47959,1.48062,1.87,1.37
2015.07.22 21:08:22.802,1.47959,1.48056,1.12,1.00
2015.07.22 21:08:23.109,1.47967,1.48062,1.12,1.00
2015.07.22 21:08:23.447,1.47967,1.48067,1.12,1.37
2015.07.22 21:08:23.885,1.47972,1.48064,1.12,1.00
2015.07.22 21:08:24.387,1.47972,1.48067,1.12,1.67
2015.07.22 21:08:24.573,1.47972,1.48067,1.12,1.52
2015.07.22 21:08:25.121,1.47969,1.4807,1.75,1.12
2015.07.22 21:08:25.173,1.47973,1.48071,1.75,1.12
2015.07.22 21:08:25.224,1.47973,1.48076,1.75,1.12
2015.07.22 21:08:25.541,1.47977,1.48079,1.75,1.05
2015.07.22 21:08:25.970,1.47976,1.48079,1.75,1.05
2015.07.22 21:08:26.022,1.47976,1.48079,1.75,1.05
2015.07.22 21:08:26.073,1.47976,1.48077,1.75,1.00
2015.07.22 21:08:26.404,1.47979,1.48081,2.25,1.27
2015.07.22 21:08:26.817,1.47979,1.48085,2.25,1.27
2015.07.22 21:08:27.153,1.47985,1.48086,1.12,1.95
2015.07.22 21:08:28.866,1.47985,1.48084,1.12,1.60
2015.07.22 21:08:29.756,1.47983,1.48084,1.35,1.97
2015.07.22 21:08:31.183,1.47983,1.48079,1.35,1.00
2015.07.22 21:08:31.386,1.47983,1.48085,1.35,1.97
2015.07.22 21:08:31.710,1.47983,1.48085,1.35,1.97
2015.07.22 21:08:35.136,1.47983,1.48081,1.35,1.30
2015.07.22 21:08:36.361,1.47988,1.48084,1.12,1.60
2015.07.22 21:08:36.835,1.47988,1.48087,1.12,1.60
2015.07.22 21:08:37.136,1.47988,1.48081,1.12,1.35
2015.07.22 21:08:37.497,1.47983,1.48078,1.35,1.37
2015.07.22 21:08:38.041,1.47983,1.48081,1.35,1.72
2015.07.22 21:08:38.372,1.47983,1.48082,1.35,1.97
2015.07.22 21:08:38.590,1.47983,1.4808,1.35,1.00
2015.07.22 21:08:38.965,1.47983,1.48082,1.42,1.75
2015.07.22 21:08:39.473,1.47983,1.4808,1.42,1.00
2015.07.22 21:08:39.571,1.47983,1.48082,1.42,1.75
2015.07.22 21:08:39.860,1.47983,1.48084,1.42,1.42
2015.07.22 21:08:40.062,1.47983,1.48089,1.27,1.37
2015.07.22 21:08:40.164,1.47983,1.48088,1.27,1.37
2015.07.22 21:08:40.909,1.47983,1.48087,1.27,1.75
2015.07.22 21:08:41.302,1.47986,1.48086,1.75,2.25
2015.07.22 21:08:41.722,1.47986,1.4808,1.75,1.00
2015.07.22 21:08:42.091,1.47986,1.48086,1.75,2.25
2015.07.22 21:08:43.870,1.47986,1.48082,1.20,1.75
2015.07.22 21:08:44.177,1.47986,1.48081,1.85,1.87
2015.07.22 21:08:44.758,1.47993,1.48075,1.12,1.00
2015.07.22 21:08:44.810,1.47993,1.48076,1.37,1.12
2015.07.22 21:08:45.138,1.47991,1.48075,1.35,1.12
2015.07.22 21:08:45.662,1.47991,1.48072,1.35,1.12
2015.07.22 21:08:47.289,1.47993,1.48073,1.12,1.12
2015.07.22 21:08:47.799,1.47993,1.48077,1.12,1.75
2015.07.22 21:08:47.858,1.47983,1.48077,1.77,1.37
2015.07.22 21:08:48.163,1.47984,1.4808,1.99,1.52
2015.07.22 21:08:48.905,1.47994,1.4808,1.27,2.02
2015.07.22 21:08:49.802,1.47986,1.48075,1.42,1.05
2015.07.22 21:08:50.118,1.47984,1.48062,1.50,1.75
2015.07.22 21:08:50.170,1.47966,1.48063,1.42,1.75
2015.07.22 21:08:50.273,1.47966,1.48062,1.42,1.00
2015.07.22 21:08:50.324,1.47966,1.48065,1.42,1.00
2015.07.22 21:08:50.375,1.47968,1.48067,1.75,1.80
2015.07.22 21:08:50.476,1.47975,1.48071,1.87,1.05
2015.07.22 21:08:50.679,1.47982,1.48079,1.00,1.57
2015.07.22 21:08:51.690,1.47982,1.48077,1.00,1.52
2015.07.22 21:08:52.104,1.48014,1.48075,0.75,1.12
2015.07.22 21:08:52.405,1.48,1.48088,1.75,1.10
2015.07.22 21:08:52.508,1.47996,1.48087,1.12,1.00
2015.07.22 21:08:52.609,1.47988,1.48087,3.37,1.87
2015.07.22 21:08:52.914,1.47992,1.48079,1.75,1.00
2015.07.22 21:08:52.965,1.47992,1.48084,1.75,1.37
2015.07.22 21:08:53.117,1.48008,1.48084,1.37,1.75
2015.07.22 21:08:53.219,1.48013,1.48105,1.37,1.05
2015.07.22 21:08:53.422,1.48009,1.48102,1.00,1.12
2015.07.22 21:08:53.525,1.47996,1.4809,3.07,1.00
2015.07.22 21:08:53.576,1.47996,1.48092,2.32,1.50
2015.07.22 21:08:53.627,1.47999,1.48089,1.05,1.00
2015.07.22 21:08:53.959,1.47999,1.48082,1.05,1.00
2015.07.22 21:08:54.111,1.47999,1.48092,1.05,1.50
2015.07.22 21:08:54.480,1.47994,1.48091,1.12,1.37
2015.07.22 21:08:54.835,1.47992,1.48074,1.12,1.12
2015.07.22 21:08:55.139,1.47989,1.4806,1.10,1.37
2015.07.22 21:08:55.241,1.47981,1.48064,1.05,1.00
2015.07.22 21:08:55.342,1.47983,1.48083,1.05,2.25
2015.07.22 21:08:55.740,1.47985,1.48084,1.52,1.12
2015.07.22 21:08:56.110,1.47991,1.48084,1.27,1.87
2015.07.22 21:08:56.538,1.47991,1.48082,1.27,1.87
2015.07.22 21:08:56.849,1.47995,1.4808,1.05,1.75
2015.07.22 21:08:57.457,1.47991,1.48079,1.27,1.75
2015.07.22 21:08:58.431,1.47996,1.48079,1.05,1.75
2015.07.22 21:08:59.937,1.47996,1.48075,1.05,1.75
2015.07.22 21:09:01.023,1.47998,1.48077,1.05,1.37
2015.07.22 21:09:01.225,1.47998,1.48078,1.05,1.75
2015.07.22 21:09:02.036,1.47998,1.48078,1.05,1.37
2015.07.22 21:09:02.138,1.47998,1.48079,1.05,1.42
2015.07.22 21:09:02.836,1.47998,1.4808,1.42,1.67
2015.07.22 21:09:03.147,1.47999,1.48101,1.75,1.75
2015.07.22 21:09:03.450,1.48025,1.48096,1.00,1.37
2015.07.22 21:09:03.501,1.47989,1.48096,2.29,1.37
2015.07.22 21:09:03.906,1.47985,1.48096,2.22,1.37
2015.07.22 21:09:04.209,1.47994,1.48093,1.27,1.27
2015.07.22 21:09:04.311,1.47999,1.48093,1.37,1.27
2015.07.22 21:09:04.413,1.48,1.48103,1.75,1.99
2015.07.22 21:09:04.514,1.47996,1.48103,1.95,1.62
2015.07.22 21:09:04.616,1.47996,1.48103,1.95,1.62
2015.07.22 21:09:04.919,1.48021,1.48104,1.75,1.82
2015.07.22 21:09:05.617,1.48003,1.48104,1.42,1.29
2015.07.22 21:09:06.154,1.48006,1.48104,1.27,1.57
2015.07.22 21:09:06.256,1.48006,1.48104,1.27,1.69
2015.07.22 21:09:06.307,1.48006,1.48104,1.27,1.57
2015.07.22 21:09:06.608,1.48006,1.48104,1.27,1.95
2015.07.22 21:09:07.114,1.48006,1.48104,1.27,1.57
2015.07.22 21:09:07.918,1.48008,1.48102,1.20,1.78
2015.07.22 21:09:09.519,1.48008,1.48102,1.20,1.78
2015.07.22 21:09:09.962,1.48008,1.48102,1.20,1.78
2015.07.22 21:09:11.000,1.48008,1.48102,1.20,1.78
2015.07.22 21:09:11.472,1.48008,1.48102,1.20,1.78
2015.07.22 21:09:12.004,1.48009,1.48103,1.20,1.92
2015.07.22 21:09:13.882,1.48011,1.48103,1.75,1.92
2015.07.22 21:09:14.186,1.48055,1.48102,1.75,1.91
2015.07.22 21:09:14.237,1.48055,1.4814,1.75,1.12
2015.07.22 21:09:14.439,1.48066,1.48147,1.50,2.30
2015.07.22 21:09:14.490,1.48066,1.48147,1.37,2.30
2015.07.22 21:09:14.835,1.48049,1.48149,1.12,1.27
2015.07.22 21:09:14.886,1.48049,1.48153,1.12,1.52
2015.07.22 21:09:14.937,1.48049,1.48153,1.12,1.00
2015.07.22 21:09:16.104,1.48059,1.48153,1.00,1.00
2015.07.22 21:09:16.610,1.48055,1.48153,2.26,1.00
2015.07.22 21:09:16.938,1.48057,1.48153,1.45,1.50
2015.07.22 21:09:17.296,1.48068,1.48153,1.00,1.50
2015.07.22 21:09:17.601,1.48069,1.48153,1.67,1.50
2015.07.22 21:09:18.622,1.48071,1.48158,1.61,1.05
2015.07.22 21:09:18.673,1.48094,1.48162,1.00,1.00
2015.07.22 21:09:18.855,1.48094,1.48166,1.00,1.00
2015.07.22 21:09:18.913,1.48095,1.48186,1.00,1.00
2015.07.22 21:09:18.964,1.48084,1.48186,1.00,1.75
2015.07.22 21:09:19.166,1.48071,1.48183,1.37,1.00
2015.07.22 21:09:19.709,1.48069,1.48186,1.12,1.12
2015.07.22 21:09:20.050,1.48069,1.48185,1.12,1.12
2015.07.22 21:09:20.360,1.48075,1.48188,1.00,1.12
2015.07.22 21:09:21.197,1.48084,1.48188,1.00,1.12
2015.07.22 21:09:21.417,1.48084,1.4819,1.00,1.12
2015.07.22 21:09:22.023,1.48085,1.4819,1.00,1.12
2015.07.22 21:09:22.376,1.48084,1.48188,1.00,1.12
2015.07.22 21:09:22.679,1.48084,1.48186,1.00,1.87
2015.07.22 21:09:23.201,1.48085,1.48186,1.00,1.87
2015.07.22 21:09:23.808,1.48084,1.48181,1.00,1.00
2015.07.22 21:09:24.116,1.48084,1.48175,1.00,1.00
2015.07.22 21:09:24.217,1.48074,1.48175,1.20,1.00
2015.07.22 21:09:24.268,1.48084,1.48175,1.00,1.00
2015.07.22 21:09:24.571,1.48089,1.48175,1.00,1.00
2015.07.22 21:09:24.953,1.48085,1.48175,1.00,1.00
2015.07.22 21:09:25.055,1.48083,1.48175,1.00,1.00
2015.07.22 21:09:25.156,1.48085,1.48175,1.00,1.00
2015.07.22 21:09:25.495,1.4809,1.48175,1.00,1.00
2015.07.22 21:09:25.546,1.48088,1.48175,1.00,1.00
2015.07.22 21:09:25.650,1.48085,1.48175,1.00,1.00
2015.07.22 21:09:25.751,1.48088,1.48175,1.00,1.00
2015.07.22 21:09:25.852,1.48082,1.48175,1.00,1.00
2015.07.22 21:09:25.954,1.48087,1.48175,1.00,1.00
2015.07.22 21:09:26.055,1.48082,1.48175,1.00,1.00
2015.07.22 21:09:26.207,1.48083,1.48166,1.00,1.50
2015.07.22 21:09:26.359,1.4808,1.48166,1.00,1.50
2015.07.22 21:09:26.612,1.48091,1.48175,1.00,1.00
2015.07.22 21:09:27.074,1.48112,1.4818,1.00,1.30
2015.07.22 21:09:27.125,1.48096,1.4818,1.00,1.30
2015.07.22 21:09:27.227,1.48091,1.4818,1.00,1.30
2015.07.22 21:09:27.278,1.48089,1.48185,1.00,1.35
2015.07.22 21:09:27.329,1.48097,1.48185,1.00,1.35
2015.07.22 21:09:27.430,1.48094,1.4818,1.00,1.30
2015.07.22 21:09:27.481,1.48094,1.48185,1.00,1.35
2015.07.22 21:09:27.821,1.48099,1.48185,1.00,1.35
2015.07.22 21:09:28.160,1.48102,1.48188,1.12,2.03
2015.07.22 21:09:28.261,1.48088,1.48188,1.75,1.37
2015.07.22 21:09:28.799,1.48088,1.48188,1.75,1.37
2015.07.22 21:09:29.001,1.48091,1.48195,1.12,1.37
2015.07.22 21:09:30.432,1.48091,1.48188,1.12,1.12
2015.07.22 21:09:31.093,1.48094,1.4819,1.12,1.37
2015.07.22 21:09:32.271,1.48094,1.48188,1.12,1.12
2015.07.22 21:09:32.396,1.48084,1.48188,1.54,1.37
2015.07.22 21:09:33.365,1.48081,1.48188,2.22,1.12
2015.07.22 21:09:34.180,1.48079,1.48183,1.81,1.05
2015.07.22 21:09:35.283,1.48084,1.48178,1.00,1.00
2015.07.22 21:09:38.686,1.48084,1.48175,1.00,1.00
2015.07.22 21:09:40.828,1.48084,1.48162,1.00,1.00
2015.07.22 21:09:45.118,1.48068,1.48162,1.12,1.00
2015.07.22 21:09:45.169,1.48077,1.48162,1.00,1.00
2015.07.22 21:09:45.603,1.48077,1.48152,1.00,1.00
2015.07.22 21:09:45.760,1.48075,1.48152,1.00,1.00
2015.07.22 21:09:46.263,1.48069,1.48152,1.80,1.00
2015.07.22 21:09:48.465,1.48068,1.48152,2.40,1.00
2015.07.22 21:09:53.950,1.48073,1.48152,1.52,1.00
2015.07.22 21:09:58.454,1.48073,1.48152,1.00,1.00
2015.07.22 21:10:00.343,1.48073,1.48157,1.50,1.00
2015.07.22 21:10:00.393,1.48073,1.48157,1.87,1.00
2015.07.22 21:10:00.935,1.48076,1.48157,1.00,1.00
2015.07.22 21:10:01.624,1.48075,1.48157,1.00,1.00
2015.07.22 21:10:03.181,1.48074,1.48157,1.00,1.00
2015.07.22 21:10:04.952,1.48073,1.48157,1.37,1.00
2015.07.22 21:10:05.053,1.48068,1.48161,1.50,1.12
2015.07.22 21:10:05.155,1.48069,1.48165,1.00,1.87
2015.07.22 21:10:05.662,1.48069,1.48157,1.00,1.00
2015.07.22 21:10:06.173,1.48069,1.48156,1.00,1.00
2015.07.22 21:10:06.679,1.48064,1.48157,1.52,1.00
2015.07.22 21:10:14.519,1.48069,1.48156,1.00,1.12
2015.07.22 21:10:15.162,1.48069,1.48147,1.00,1.00
2015.07.22 21:10:15.544,1.48069,1.48145,1.00,1.00
2015.07.22 21:10:15.696,1.4806,1.48145,1.50,1.00
2015.07.22 21:10:15.975,1.4806,1.48118,1.00,0.75
2015.07.22 21:10:16.187,1.4806,1.48138,1.00,1.00
2015.07.22 21:10:16.339,1.48053,1.48138,1.00,1.00
2015.07.22 21:10:16.605,1.48053,1.48119,1.00,0.75
2015.07.22 21:10:17.282,1.48053,1.48117,1.00,0.75
2015.07.22 21:10:17.434,1.48043,1.48117,1.50,1.00
2015.07.22 21:10:17.485,1.48042,1.48097,1.00,1.00
2015.07.22 21:10:17.586,1.48028,1.48097,2.25,1.00
2015.07.22 21:10:17.637,1.48028,1.48097,1.50,1.00
2015.07.22 21:10:17.688,1.48011,1.48097,1.00,1.00
2015.07.22 21:10:18.208,1.47988,1.48093,1.11,2.25
2015.07.22 21:10:18.259,1.47987,1.48086,1.60,1.12
2015.07.22 21:10:18.310,1.47985,1.48081,1.60,1.00
2015.07.22 21:10:18.614,1.47985,1.48086,1.67,1.12
2015.07.22 21:10:18.665,1.47991,1.48085,1.00,1.12
2015.07.22 21:10:18.880,1.47992,1.481,1.00,1.87
2015.07.22 21:10:19.702,1.47991,1.481,2.41,1.00
2015.07.22 21:10:20.483,1.47991,1.48074,1.88,2.25
2015.07.22 21:10:20.792,1.47956,1.48074,1.37,1.75
2015.07.22 21:10:20.843,1.47956,1.48074,1.50,1.00
2015.07.22 21:10:20.894,1.47986,1.48092,1.00,1.12
2015.07.22 21:10:20.945,1.47986,1.48092,1.00,1.00
2015.07.22 21:10:21.046,1.47986,1.4808,1.00,1.00
2015.07.22 21:10:21.299,1.47982,1.4808,1.00,1.00
2015.07.22 21:10:21.501,1.47978,1.4808,1.00,1.00
2015.07.22 21:10:21.603,1.47964,1.4808,1.00,1.00
2015.07.22 21:10:22.007,1.47974,1.4808,1.00,1.00
2015.07.22 21:10:22.310,1.47984,1.4808,1.00,1.00
2015.07.22 21:10:22.817,1.47985,1.4808,1.00,1.00
2015.07.22 21:10:23.519,1.47985,1.4808,1.00,1.67
2015.07.22 21:10:23.842,1.47985,1.4808,1.00,1.37
2015.07.22 21:10:24.377,1.47986,1.4808,1.00,1.37
2015.07.22 21:10:24.743,1.47986,1.4808,1.00,2.75
2015.07.22 21:10:25.404,1.47986,1.48079,1.00,1.50
2015.07.22 21:10:25.746,1.47984,1.48079,1.00,1.50
2015.07.22 21:10:26.052,1.47988,1.48078,1.00,1.49
2015.07.22 21:10:26.573,1.47987,1.48079,1.00,1.38
2015.07.22 21:10:27.108,1.47988,1.48079,1.00,1.38
2015.07.22 21:10:27.807,1.47987,1.48079,1.00,1.63
2015.07.22 21:10:28.709,1.47983,1.48079,1.00,1.61
2015.07.22 21:10:29.383,1.47982,1.48079,1.00,1.61
2015.07.22 21:10:30.719,1.47983,1.48079,1.00,1.61
2015.07.22 21:10:30.923,1.47982,1.48077,1.00,1.57
2015.07.22 21:10:31.582,1.47983,1.48077,1.00,1.57
2015.07.22 21:10:32.730,1.47985,1.48077,1.00,1.40
2015.07.22 21:10:33.311,1.47984,1.4808,1.00,2.03
2015.07.22 21:10:33.917,1.47984,1.48076,1.00,1.79
2015.07.22 21:10:34.232,1.47978,1.48077,1.00,1.13
2015.07.22 21:10:34.636,1.47978,1.4808,1.00,1.60
2015.07.22 21:10:34.737,1.47984,1.4808,1.00,1.60
2015.07.22 21:10:34.939,1.47982,1.48081,1.00,1.93
2015.07.22 21:10:35.587,1.47982,1.4808,1.00,1.86
2015.07.22 21:10:37.248,1.47983,1.4808,1.00,1.79
2015.07.22 21:10:39.257,1.47982,1.4808,1.00,1.79
2015.07.22 21:10:40.170,1.47983,1.4808,1.00,1.79
2015.07.22 21:10:41.266,1.47982,1.4808,1.00,1.79
2015.07.22 21:10:41.789,1.47981,1.4808,1.00,1.79
2015.07.22 21:10:42.575,1.4798,1.4808,1.00,1.79
2015.07.22 21:10:43.783,1.47981,1.4808,1.00,1.79
2015.07.22 21:10:45.775,1.4798,1.4808,1.00,1.79
2015.07.22 21:10:45.876,1.47985,1.4808,1.00,1.79
2015.07.22 21:10:45.978,1.47984,1.48081,1.75,1.00
2015.07.22 21:10:46.029,1.47984,1.48081,1.75,1.00
2015.07.22 21:10:46.434,1.4798,1.48081,1.75,1.00
2015.07.22 21:10:46.817,1.47984,1.48081,1.37,1.00
2015.07.22 21:10:46.919,1.47984,1.48081,1.00,1.00
2015.07.22 21:10:46.970,1.47983,1.48081,1.05,1.00
2015.07.22 21:10:47.559,1.47983,1.48081,2.75,1.00
2015.07.22 21:10:48.187,1.47986,1.48081,2.07,1.00
2015.07.22 21:10:48.532,1.47999,1.48081,1.00,1.00
2015.07.22 21:10:49.061,1.48,1.48081,1.00,1.00
2015.07.22 21:10:49.344,1.47996,1.48084,1.37,1.00
2015.07.22 21:10:51.692,1.47998,1.48084,1.00,1.00
2015.07.22 21:10:52.406,1.47987,1.48081,2.32,1.12
2015.07.22 21:10:52.895,1.48,1.4808,1.00,1.12
2015.07.22 21:10:53.720,1.48,1.48084,1.50,1.00
2015.07.22 21:10:54.125,1.48,1.4808,1.00,1.12
2015.07.22 21:10:54.450,1.48004,1.4808,1.00,1.12
2015.07.22 21:10:54.552,1.48003,1.48084,1.00,1.00
2015.07.22 21:10:54.654,1.48006,1.48084,1.00,1.00
2015.07.22 21:10:55.120,1.48005,1.48081,1.00,1.12
2015.07.22 21:10:55.632,1.48005,1.48084,1.35,1.00
2015.07.22 21:10:56.212,1.48006,1.48084,1.00,1.00
2015.07.22 21:10:57.122,1.48005,1.48084,1.00,1.00
2015.07.22 21:10:57.692,1.48006,1.48084,1.00,1.00
2015.07.22 21:10:58.279,1.48002,1.48084,1.37,1.00
2015.07.22 21:11:00.693,1.48003,1.48084,1.00,1.00
2015.07.22 21:11:00.855,1.48003,1.48079,1.00,1.00
2015.07.22 21:11:01.007,1.47995,1.48079,1.63,1.00
2015.07.22 21:11:01.108,1.47994,1.48091,1.88,1.12
2015.07.22 21:11:01.311,1.48009,1.48091,1.00,1.12
2015.07.22 21:11:01.362,1.48009,1.48097,1.00,1.52
2015.07.22 21:11:01.413,1.47995,1.48096,1.05,1.42
2015.07.22 21:11:01.748,1.48003,1.48079,1.00,1.00
2015.07.22 21:11:01.800,1.47998,1.48079,1.42,1.00
2015.07.22 21:11:01.850,1.48002,1.48079,1.00,1.00
2015.07.22 21:11:02.003,1.48,1.48079,1.00,1.00
2015.07.22 21:11:02.416,1.48006,1.48079,1.00,1.00
2015.07.22 21:11:02.820,1.48012,1.48079,1.00,1.00
2015.07.22 21:11:03.352,1.48011,1.48079,1.00,1.00
2015.07.22 21:11:03.649,1.48007,1.48079,1.00,1.00
2015.07.22 21:11:03.751,1.4801,1.48079,1.00,1.00
2015.07.22 21:11:04.149,1.48013,1.48079,1.00,1.00
2015.07.22 21:11:05.544,1.48013,1.48079,1.00,1.45
2015.07.22 21:11:05.870,1.48013,1.48068,1.00,1.00
2015.07.22 21:11:06.022,1.4801,1.48068,1.00,1.00
2015.07.22 21:11:06.079,1.4801,1.48074,1.00,1.00
2015.07.22 21:11:06.130,1.48012,1.48074,1.00,1.00
2015.07.22 21:11:06.231,1.48007,1.48074,1.00,1.00
2015.07.22 21:11:06.798,1.48008,1.48074,1.00,1.00
2015.07.22 21:11:07.437,1.48009,1.48074,1.00,1.45
2015.07.22 21:11:08.275,1.48013,1.48074,1.00,1.45
2015.07.22 21:11:09.260,1.48013,1.48075,1.00,1.12
2015.07.22 21:11:09.311,1.48013,1.48086,1.37,1.60
2015.07.22 21:11:09.362,1.48035,1.48086,1.00,1.60
2015.07.22 21:11:09.666,1.48039,1.48086,1.00,1.00
2015.07.22 21:11:09.833,1.48031,1.48086,1.00,1.00
2015.07.22 21:11:10.429,1.48034,1.48086,1.00,1.00
2015.07.22 21:11:10.480,1.48031,1.48086,1.00,1.00
2015.07.22 21:11:10.834,1.48027,1.48086,1.00,1.00
2015.07.22 21:11:10.885,1.48016,1.48086,1.00,1.00
2015.07.22 21:11:11.138,1.48007,1.48082,1.67,1.00
2015.07.22 21:11:11.442,1.48016,1.48078,1.00,1.00
2015.07.22 21:11:11.544,1.48014,1.48078,1.00,1.00
2015.07.22 21:11:11.645,1.48008,1.48078,1.00,1.12
2015.07.22 21:11:11.746,1.48002,1.48078,1.00,1.12
2015.07.22 21:11:11.849,1.48005,1.48078,1.00,1.12
2015.07.22 21:11:12.100,1.48,1.48078,1.00,1.12
2015.07.22 21:11:12.454,1.48007,1.48078,1.00,1.12
2015.07.22 21:11:12.769,1.4801,1.48078,1.00,1.12
2015.07.22 21:11:13.931,1.48009,1.48078,1.00,1.12
2015.07.22 21:11:14.252,1.48012,1.48078,1.00,1.12
2015.07.22 21:11:14.913,1.48013,1.48078,1.00,1.12
2015.07.22 21:11:15.441,1.48012,1.48078,1.00,1.00
2015.07.22 21:11:15.760,1.4801,1.48078,1.00,1.00
2015.07.22 21:11:15.946,1.4801,1.48084,1.00,1.52
2015.07.22 21:11:16.537,1.48005,1.48084,1.00,1.52
2015.07.22 21:11:16.588,1.48003,1.48084,1.12,1.27
2015.07.22 21:11:16.863,1.48002,1.48072,1.26,1.12
2015.07.22 21:11:17.015,1.47994,1.48067,1.00,1.12
2015.07.22 21:11:17.722,1.47999,1.48067,1.00,1.12
2015.07.22 21:11:17.823,1.47994,1.48067,1.00,1.12
2015.07.22 21:11:17.986,1.47996,1.48067,1.00,1.12
2015.07.22 21:11:18.087,1.47996,1.48073,1.00,1.00
2015.07.22 21:11:18.290,1.48,1.48073,1.00,1.00
2015.07.22 21:11:18.444,1.47996,1.48073,1.00,1.00
2015.07.22 21:11:19.896,1.47996,1.48073,1.67,1.00
2015.07.22 21:11:20.558,1.47998,1.48073,1.00,1.00
2015.07.22 21:11:21.049,1.48,1.48073,1.00,1.00
2015.07.22 21:11:21.551,1.48001,1.48073,1.00,1.00
2015.07.22 21:11:22.063,1.48002,1.48073,1.00,1.00
2015.07.22 21:11:22.979,1.48001,1.48073,1.00,1.00
2015.07.22 21:11:23.304,1.48004,1.48073,1.00,1.00
2015.07.22 21:11:23.855,1.48003,1.48073,1.00,1.00
2015.07.22 21:11:24.407,1.48002,1.48073,1.00,1.00
2015.07.22 21:11:25.160,1.48,1.48073,1.20,1.00
2015.07.22 21:11:25.262,1.48002,1.48073,1.00,1.00
2015.07.22 21:11:25.887,1.48,1.48073,1.37,1.00
2015.07.22 21:11:26.213,1.48,1.48073,1.37,1.00
2015.07.22 21:11:27.923,1.48001,1.48073,1.60,1.00
2015.07.22 21:11:31.038,1.48005,1.48073,1.60,1.00
2015.07.22 21:11:34.284,1.48004,1.48074,1.60,1.75
2015.07.22 21:11:34.858,1.48005,1.48073,1.60,1.12
2015.07.22 21:11:40.508,1.48004,1.48073,1.60,1.12
2015.07.22 21:11:50.158,1.47999,1.48071,1.60,1.37
2015.07.22 21:11:50.209,1.47998,1.48071,1.45,1.37
2015.07.22 21:11:51.432,1.48003,1.48071,1.37,1.37
2015.07.22 21:11:58.881,1.48,1.48075,1.37,1.75
2015.07.22 21:11:58.932,1.48011,1.48075,1.00,1.75
2015.07.22 21:11:59.247,1.48013,1.48075,1.00,1.37
2015.07.22 21:11:59.815,1.48012,1.48075,1.00,1.37
2015.07.22 21:12:00.548,1.48011,1.48075,1.00,1.37
2015.07.22 21:12:00.858,1.48007,1.48075,1.52,1.37
2015.07.22 21:12:04.227,1.48009,1.48075,1.45,1.37
2015.07.22 21:12:07.557,1.48013,1.48078,1.60,1.37
2015.07.22 21:12:08.569,1.48014,1.4808,1.52,1.37
2015.07.22 21:12:10.636,1.48011,1.48082,1.84,1.12
2015.07.22 21:12:10.858,1.48023,1.48082,1.00,1.12
2015.07.22 21:12:14.368,1.48023,1.48083,1.00,1.50
2015.07.22 21:12:14.887,1.48024,1.48083,1.00,1.00
2015.07.22 21:12:16.089,1.48025,1.48083,1.00,1.00
2015.07.22 21:12:16.604,1.48024,1.48083,1.50,1.00
2015.07.22 21:12:17.948,1.48025,1.48083,1.00,1.00
2015.07.22 21:12:18.261,1.48024,1.48093,1.50,2.62
2015.07.22 21:12:18.514,1.48025,1.48084,1.00,1.00
2015.07.22 21:12:20.221,1.48024,1.48084,1.50,1.00
2015.07.22 21:12:20.969,1.48025,1.48084,1.00,1.00
2015.07.22 21:12:21.840,1.48024,1.48084,1.00,1.00
2015.07.22 21:12:22.391,1.48023,1.48085,1.20,1.12
2015.07.22 21:12:22.998,1.48017,1.48084,1.45,1.00
2015.07.22 21:12:29.260,1.4802,1.48086,1.45,1.12
2015.07.22 21:12:29.718,1.48019,1.48092,1.45,1.12
2015.07.22 21:12:29.937,1.48019,1.48086,1.45,1.00
2015.07.22 21:12:30.474,1.48019,1.48085,1.45,1.12
2015.07.22 21:12:30.674,1.48026,1.48091,1.00,1.00
2015.07.22 21:12:30.856,1.48026,1.48085,1.00,1.00
2015.07.22 21:12:31.511,1.48027,1.48092,1.00,1.12
2015.07.22 21:12:31.975,1.48027,1.48085,1.00,1.12
2015.07.22 21:12:32.546,1.48027,1.48086,1.00,1.00
2015.07.22 21:12:32.919,1.48027,1.48092,1.00,1.12
2015.07.22 21:12:33.021,1.48026,1.48085,1.00,1.12
2015.07.22 21:12:33.560,1.48027,1.48085,1.00,1.00
2015.07.22 21:12:34.681,1.48026,1.48085,1.00,1.00
2015.07.22 21:12:35.355,1.48027,1.48085,1.00,1.00
2015.07.22 21:12:36.385,1.48026,1.48085,1.00,1.00
2015.07.22 21:12:37.586,1.48027,1.48085,1.00,1.00
2015.07.22 21:12:39.222,1.48027,1.48083,1.00,1.00
2015.07.22 21:12:39.441,1.48021,1.48079,1.00,1.00
2015.07.22 21:12:39.493,1.48016,1.48079,1.00,1.00
2015.07.22 21:12:39.544,1.48008,1.48079,1.50,1.00
2015.07.22 21:12:39.695,1.48008,1.48087,1.50,1.00
2015.07.22 21:12:39.806,1.48019,1.4808,1.00,1.12
2015.07.22 21:12:40.192,1.48014,1.4808,1.00,1.12
2015.07.22 21:12:40.244,1.48008,1.48087,1.50,1.00
2015.07.22 21:12:40.624,1.4801,1.48087,1.00,1.00
2015.07.22 21:12:41.406,1.4801,1.48086,1.00,1.12
2015.07.22 21:12:42.447,1.4801,1.48085,1.00,1.12
2015.07.22 21:12:43.057,1.48009,1.48086,1.00,1.12
2015.07.22 21:12:43.594,1.4801,1.48085,1.00,1.12
2015.07.22 21:12:44.351,1.4801,1.48086,1.00,1.12
2015.07.22 21:12:45.418,1.48009,1.48086,1.00,1.12
2015.07.22 21:12:46.023,1.48009,1.48085,1.00,1.12
2015.07.22 21:12:46.634,1.48009,1.48084,1.50,1.00
2015.07.22 21:12:49.300,1.48008,1.48084,1.00,1.00
2015.07.22 21:12:50.454,1.48009,1.48084,1.00,1.00
2015.07.22 21:12:50.966,1.48008,1.48084,1.50,1.00
2015.07.22 21:12:52.220,1.4801,1.48084,1.00,1.00
2015.07.22 21:12:52.442,1.48008,1.48084,1.00,1.00
2015.07.22 21:12:54.421,1.48007,1.48084,1.50,1.00
2015.07.22 21:12:55.770,1.48006,1.48084,1.50,1.00
2015.07.22 21:12:56.425,1.48011,1.48084,1.00,1.00
2015.07.22 21:12:57.167,1.4801,1.48084,1.00,1.00
2015.07.22 21:12:57.472,1.48007,1.48085,1.00,1.87
2015.07.22 21:12:57.574,1.48011,1.48085,1.00,1.87
2015.07.22 21:12:57.676,1.48007,1.48085,1.00,1.87
2015.07.22 21:12:57.871,1.48009,1.48085,1.00,1.00
2015.07.22 21:12:58.074,1.48005,1.48085,1.50,1.00
2015.07.22 21:12:58.523,1.48015,1.48085,1.50,1.87
2015.07.22 21:12:58.826,1.48022,1.48085,1.50,1.12
2015.07.22 21:12:59.045,1.48022,1.4809,1.50,1.12
2015.07.22 21:12:59.557,1.48023,1.4809,1.50,1.12
2015.07.22 21:13:00.083,1.48024,1.48091,1.50,1.12
2015.07.22 21:13:00.686,1.48024,1.4809,1.50,1.12
2015.07.22 21:13:01.718,1.48025,1.48091,1.50,1.12
2015.07.22 21:13:02.437,1.48025,1.4809,1.50,1.12
2015.07.22 21:13:03.089,1.48025,1.48091,1.50,1.12
2015.07.22 21:13:05.085,1.48025,1.4809,1.50,1.12
2015.07.22 21:13:05.391,1.48025,1.48093,1.50,1.00
2015.07.22 21:13:05.544,1.48013,1.48093,1.50,1.37
2015.07.22 21:13:05.747,1.48008,1.48093,1.87,1.37
2015.07.22 21:13:05.951,1.48008,1.48084,2.62,1.00
2015.07.22 21:13:06.155,1.48007,1.48084,1.50,1.00
2015.07.22 21:13:06.258,1.48014,1.48084,1.00,1.00
2015.07.22 21:13:06.359,1.48009,1.48084,1.00,1.00
2015.07.22 21:13:06.461,1.48006,1.48084,1.50,1.00
2015.07.22 21:13:06.712,1.48006,1.48085,1.50,1.87
2015.07.22 21:13:07.213,1.48006,1.48085,1.50,1.37
2015.07.22 21:13:07.591,1.4801,1.48084,1.00,1.37
2015.07.22 21:13:08.234,1.48011,1.48084,1.00,1.37
2015.07.22 21:13:09.568,1.4801,1.48084,1.00,1.37
2015.07.22 21:13:10.139,1.48011,1.48084,1.00,1.37
2015.07.22 21:13:10.401,1.48005,1.4808,1.00,1.00
2015.07.22 21:13:10.452,1.48002,1.4808,1.00,1.00
2015.07.22 21:13:10.503,1.48005,1.4808,1.00,1.00
2015.07.22 21:13:10.945,1.48004,1.48076,1.00,1.12
2015.07.22 21:13:11.155,1.48004,1.4808,1.00,1.00
2015.07.22 21:13:11.863,1.48005,1.4808,1.00,1.00
2015.07.22 21:13:12.907,1.48004,1.4808,1.00,1.87
2015.07.22 21:13:13.684,1.48007,1.4808,1.00,1.00
2015.07.22 21:13:14.053,1.48007,1.48084,1.00,1.00
2015.07.22 21:13:14.155,1.48007,1.48081,1.00,1.12
2015.07.22 21:13:14.373,1.47984,1.48081,1.50,1.12
2015.07.22 21:13:14.627,1.47984,1.48084,1.50,1.00
2015.07.22 21:13:15.230,1.47984,1.48081,1.50,1.12
2015.07.22 21:13:15.778,1.47984,1.4808,1.50,1.12
2015.07.22 21:13:15.831,1.47984,1.48084,1.50,1.00
2015.07.22 21:13:16.176,1.47988,1.48084,1.50,1.00
2015.07.22 21:13:16.536,1.47988,1.48081,1.50,1.12
2015.07.22 21:13:17.049,1.47988,1.48084,1.50,1.00
2015.07.22 21:13:17.558,1.47988,1.48081,1.50,1.37
2015.07.22 21:13:18.048,1.47988,1.48084,1.87,1.00
2015.07.22 21:13:18.251,1.47988,1.48084,1.50,1.00
2015.07.22 21:13:18.454,1.47988,1.48078,1.50,1.00
2015.07.22 21:13:19.472,1.47985,1.48078,1.50,1.00
2015.07.22 21:13:20.345,1.47988,1.48078,1.50,1.00
2015.07.22 21:13:20.447,1.47981,1.48078,1.50,1.00
2015.07.22 21:13:20.549,1.47985,1.48078,1.50,1.00
2015.07.22 21:13:22.083,1.47984,1.48078,1.50,1.00
2015.07.22 21:13:23.273,1.47984,1.48073,1.50,1.00
2015.07.22 21:13:23.375,1.47979,1.48073,1.87,1.00
2015.07.22 21:13:26.292,1.47982,1.48073,1.50,1.00
2015.07.22 21:13:28.970,1.47984,1.48073,1.50,1.00
2015.07.22 21:13:30.175,1.47986,1.48073,1.50,1.00
2015.07.22 21:13:34.192,1.47992,1.48073,1.50,1.00
2015.07.22 21:13:34.538,1.47994,1.48073,1.00,1.00
2015.07.22 21:13:35.105,1.47994,1.48072,1.00,1.00
2015.07.22 21:13:35.542,1.47996,1.48072,1.00,1.00
2015.07.22 21:13:36.546,1.47997,1.48072,1.00,1.00
2015.07.22 21:13:37.250,1.47996,1.48072,1.00,1.00
2015.07.22 21:13:37.975,1.47997,1.48072,1.00,1.00
2015.07.22 21:13:38.957,1.47996,1.48072,1.00,1.00
2015.07.22 21:13:39.264,1.47996,1.48063,1.00,1.00
2015.07.22 21:13:39.964,1.47997,1.48063,1.00,1.00
2015.07.22 21:13:40.471,1.47996,1.48063,1.00,1.00
2015.07.22 21:13:40.573,1.47982,1.48063,3.72,1.00
2015.07.22 21:13:40.827,1.47994,1.48063,1.00,1.00
2015.07.22 21:13:41.736,1.47995,1.48063,1.00,1.00
2015.07.22 21:13:42.197,1.47982,1.48063,3.72,1.00
2015.07.22 21:13:46.505,1.47986,1.48063,2.49,1.00
2015.07.22 21:13:52.463,1.47985,1.48071,2.71,1.00
2015.07.22 21:13:53.008,1.47986,1.48071,3.03,1.00
2015.07.22 21:13:55.350,1.47983,1.48071,2.14,1.00
2015.07.22 21:13:55.530,1.48009,1.48071,1.00,1.00
2015.07.22 21:13:55.633,1.47988,1.48071,1.52,1.00
2015.07.22 21:13:56.425,1.47989,1.48078,1.52,1.00
2015.07.22 21:13:56.937,1.47989,1.48078,1.81,1.00
2015.07.22 21:13:58.169,1.48007,1.48078,1.00,1.00
2015.07.22 21:13:59.932,1.48008,1.48078,1.00,1.00
2015.07.22 21:14:00.951,1.48007,1.48078,1.00,1.00
2015.07.22 21:14:01.053,1.47992,1.48078,2.31,1.00
2015.07.22 21:14:01.556,1.47993,1.48078,1.33,1.00
2015.07.22 21:14:02.047,1.48006,1.48078,1.00,1.00
2015.07.22 21:14:02.555,1.47993,1.48079,2.58,1.00
2015.07.22 21:14:02.657,1.48012,1.48079,1.37,1.00
2015.07.22 21:14:03.018,1.48014,1.48094,1.37,1.00
2015.07.22 21:14:03.069,1.48014,1.48106,2.17,1.37
2015.07.22 21:14:03.171,1.48025,1.48105,1.00,1.37
2015.07.22 21:14:03.273,1.48009,1.48106,1.87,1.37
2015.07.22 21:14:03.325,1.48009,1.48081,1.87,1.00
2015.07.22 21:14:03.478,1.48009,1.4809,1.50,1.00
2015.07.22 21:14:03.987,1.48001,1.48105,1.67,1.37
2015.07.22 21:14:04.321,1.48001,1.48083,1.45,1.00
2015.07.22 21:14:04.626,1.48012,1.48083,1.00,1.00
2015.07.22 21:14:04.937,1.47999,1.48079,1.60,1.00
2015.07.22 21:14:05.459,1.48,1.48079,1.63,1.00
2015.07.22 21:14:05.992,1.48,1.4808,1.63,1.00
2015.07.22 21:14:09.666,1.48014,1.4808,1.00,1.00
2015.07.22 21:14:09.920,1.48018,1.48095,1.00,1.12
2015.07.22 21:14:10.196,1.4802,1.48095,1.00,1.12
2015.07.22 21:14:10.441,1.48008,1.48097,1.05,1.00
2015.07.22 21:14:10.492,1.48027,1.48097,1.00,1.00
2015.07.22 21:14:10.751,1.48022,1.48097,1.00,1.00
2015.07.22 21:14:10.803,1.4802,1.48097,1.00,1.00
2015.07.22 21:14:10.905,1.48037,1.48097,1.00,1.00
2015.07.22 21:14:12.514,1.48037,1.48105,1.00,1.12
2015.07.22 21:14:12.668,1.48044,1.48105,1.00,1.00
2015.07.22 21:14:12.820,1.48048,1.4811,1.00,1.12
2015.07.22 21:14:12.871,1.48048,1.4811,1.37,1.12
2015.07.22 21:14:12.973,1.4805,1.48121,2.17,1.00
2015.07.22 21:14:13.075,1.48078,1.48129,1.00,1.00
2015.07.22 21:14:13.315,1.48078,1.48132,1.00,1.00
2015.07.22 21:14:13.366,1.4808,1.48132,1.00,1.00
2015.07.22 21:14:13.468,1.48076,1.48132,1.00,1.00
2015.07.22 21:14:13.570,1.48078,1.48132,1.00,1.00
2015.07.22 21:14:13.672,1.48073,1.48132,1.00,1.00
2015.07.22 21:14:13.773,1.48063,1.48132,1.00,1.00
2015.07.22 21:14:14.197,1.48066,1.48132,1.00,1.00
2015.07.22 21:14:14.361,1.4806,1.48132,1.37,1.00
2015.07.22 21:14:14.538,1.48067,1.48132,1.00,1.00
2015.07.22 21:14:15.206,1.48066,1.48132,1.00,1.00
2015.07.22 21:14:16.466,1.48067,1.48132,1.00,1.00
2015.07.22 21:14:16.914,1.4808,1.48132,1.00,1.00
2015.07.22 21:14:17.430,1.48079,1.48132,1.00,1.00
2015.07.22 21:14:17.623,1.48079,1.4814,1.00,1.87
2015.07.22 21:14:17.675,1.48081,1.4814,1.00,1.87
2015.07.22 21:14:18.072,1.48079,1.4814,1.00,1.00
2015.07.22 21:14:18.174,1.48082,1.4814,1.00,1.00
2015.07.22 21:14:18.813,1.4807,1.4814,1.75,1.87
2015.07.22 21:14:19.516,1.48081,1.4814,1.00,1.87
2015.07.22 21:14:19.820,1.48081,1.4813,1.12,1.12
2015.07.22 21:14:20.199,1.4808,1.4813,2.40,1.12
2015.07.22 21:14:20.595,1.48081,1.48145,2.32,1.00
2015.07.22 21:14:21.204,1.48089,1.48145,1.55,1.00
2015.07.22 21:14:21.716,1.48092,1.48145,1.82,1.00
2015.07.22 21:14:22.683,1.48095,1.48145,1.76,1.87
2015.07.22 21:14:27.436,1.48106,1.48145,1.00,1.00
2015.07.22 21:14:28.232,1.4809,1.48145,1.17,1.00
2015.07.22 21:14:29.442,1.48092,1.48145,1.00,1.87
2015.07.22 21:14:29.983,1.48091,1.48146,1.00,1.87
2015.07.22 21:14:30.500,1.48092,1.48146,1.00,1.87
2015.07.22 21:14:31.026,1.48091,1.48145,1.00,1.12
2015.07.22 21:14:31.651,1.48091,1.48146,1.00,1.87
2015.07.22 21:14:32.555,1.48091,1.48145,1.00,1.12
2015.07.22 21:14:33.122,1.48091,1.48146,1.00,1.87
2015.07.22 21:14:33.822,1.48092,1.48146,1.00,1.87
2015.07.22 21:14:34.125,1.48089,1.48145,1.45,1.12
2015.07.22 21:14:34.227,1.48095,1.48159,1.00,1.00
2015.07.22 21:14:34.278,1.48095,1.48159,1.75,1.00
2015.07.22 21:14:34.330,1.48096,1.48166,1.50,1.00
2015.07.22 21:14:34.381,1.48096,1.48166,1.00,1.00
2015.07.22 21:14:34.432,1.48105,1.48165,1.00,1.12
2015.07.22 21:14:34.534,1.48089,1.48166,2.25,2.17
2015.07.22 21:14:34.636,1.48089,1.4815,2.25,1.00
2015.07.22 21:14:35.113,1.4812,1.48163,1.00,1.00
2015.07.22 21:14:35.457,1.48115,1.48163,1.00,1.00
2015.07.22 21:14:35.515,1.48096,1.48163,1.50,1.00
2015.07.22 21:14:35.566,1.48096,1.48163,1.00,1.00
2015.07.22 21:14:35.617,1.48089,1.48163,1.00,1.00
2015.07.22 21:14:35.921,1.48085,1.48163,1.60,1.00
2015.07.22 21:14:36.456,1.48098,1.48163,1.00,1.00
2015.07.22 21:14:37.187,1.48099,1.48163,1.00,1.00
2015.07.22 21:14:39.397,1.48108,1.48163,1.00,1.00
2015.07.22 21:14:39.651,1.48099,1.4816,1.52,1.00
2015.07.22 21:14:40.181,1.48096,1.4816,1.52,1.00
2015.07.22 21:14:41.932,1.48101,1.4816,1.50,1.00
2015.07.22 21:14:42.492,1.48102,1.4816,1.00,1.00
2015.07.22 21:14:42.993,1.48101,1.4816,1.50,1.00
2015.07.22 21:14:43.508,1.48102,1.4816,1.00,1.00
2015.07.22 21:14:43.559,1.48102,1.4816,1.60,1.00
2015.07.22 21:14:44.643,1.48109,1.4816,1.00,1.00
2015.07.22 21:14:45.648,1.48104,1.4816,1.67,1.00
2015.07.22 21:14:46.177,1.48104,1.4816,2.56,1.00
2015.07.22 21:14:46.693,1.48105,1.4816,2.48,1.00
2015.07.22 21:14:47.182,1.4811,1.4816,2.23,1.00
2015.07.22 21:14:48.167,1.48123,1.4816,1.00,1.00
2015.07.22 21:14:49.933,1.48123,1.48161,1.00,1.00
2015.07.22 21:14:53.674,1.48115,1.48161,1.12,1.00
2015.07.22 21:14:54.375,1.48115,1.48162,1.12,1.00
2015.07.22 21:14:54.477,1.48114,1.48162,1.45,1.00
2015.07.22 21:14:55.103,1.48112,1.48162,2.88,1.00
2015.07.22 21:14:56.473,1.48113,1.48162,1.92,1.00
2015.07.22 21:14:57.007,1.48103,1.48162,2.29,1.00
2015.07.22 21:14:57.554,1.48104,1.48162,1.63,1.00
2015.07.22 21:14:59.549,1.48104,1.48152,1.91,1.00
2015.07.22 21:14:59.707,1.48105,1.48152,1.00,1.00
2015.07.22 21:14:59.809,1.48106,1.4815,1.00,1.12
2015.07.22 21:15:00.515,1.48105,1.4815,1.00,1.12
2015.07.22 21:15:01.183,1.48096,1.4815,1.75,1.12
2015.07.22 21:15:01.819,1.48096,1.48151,1.63,1.12
2015.07.22 21:15:02.592,1.48096,1.4815,1.68,1.12
2015.07.22 21:15:03.602,1.48096,1.48151,1.68,1.12
2015.07.22 21:15:04.145,1.48096,1.4815,1.68,1.12
2015.07.22 21:15:04.527,1.481,1.4815,1.92,1.12
2015.07.22 21:15:04.629,1.48094,1.4815,1.70,1.12
2015.07.22 21:15:04.906,1.48091,1.4815,1.03,1.12
2015.07.22 21:15:05.333,1.4809,1.48146,1.27,1.00
2015.07.22 21:15:07.731,1.48083,1.48141,1.27,1.12
2015.07.22 21:15:09.218,1.48084,1.4814,1.05,1.12
2015.07.22 21:15:10.012,1.48083,1.48141,1.37,1.12
2015.07.22 21:15:10.215,1.4808,1.48141,1.50,1.12
2015.07.22 21:15:10.750,1.48082,1.4814,1.80,1.12
2015.07.22 21:15:12.114,1.48082,1.48141,1.80,1.12
2015.07.22 21:15:12.567,1.48082,1.48136,1.80,1.00
2015.07.22 21:15:12.770,1.48067,1.48131,1.35,1.12
2015.07.22 21:15:12.923,1.48073,1.48128,1.35,1.00
2015.07.22 21:15:13.278,1.48073,1.48135,2.10,1.87
2015.07.22 21:15:13.486,1.48073,1.48135,1.00,1.87
2015.07.22 21:15:14.032,1.48073,1.48126,1.00,1.12
2015.07.22 21:15:14.544,1.48064,1.48125,1.65,1.37
2015.07.22 21:15:15.438,1.48063,1.48125,2.11,1.87
2015.07.22 21:15:15.714,1.48073,1.48146,1.20,1.67
2015.07.22 21:15:16.294,1.48074,1.48149,1.00,1.67
2015.07.22 21:15:17.417,1.48074,1.48149,1.50,1.67
2015.07.22 21:15:17.749,1.48088,1.48148,1.00,2.00
2015.07.22 21:15:17.800,1.4809,1.48167,1.12,1.12
2015.07.22 21:15:17.851,1.48094,1.4817,1.00,1.12
2015.07.22 21:15:17.953,1.48082,1.48174,1.75,2.02
2015.07.22 21:15:18.157,1.48082,1.48164,1.75,1.10
2015.07.22 21:15:18.258,1.48082,1.48164,1.75,1.10
2015.07.22 21:15:18.648,1.48087,1.48164,1.00,1.10
2015.07.22 21:15:18.699,1.48088,1.4816,1.00,1.37
2015.07.22 21:15:18.801,1.48082,1.48161,1.50,1.75
2015.07.22 21:15:18.853,1.48094,1.48161,1.00,1.90
2015.07.22 21:15:18.955,1.48072,1.48161,1.12,1.90
2015.07.22 21:15:19.470,1.48072,1.4816,1.12,1.90
2015.07.22 21:15:19.658,1.48071,1.4816,1.87,1.90
2015.07.22 21:15:19.862,1.48071,1.4816,1.87,1.90
2015.07.22 21:15:20.376,1.48071,1.48161,1.87,1.90
2015.07.22 21:15:20.734,1.48071,1.48155,1.87,1.05
2015.07.22 21:15:21.583,1.48072,1.48155,1.35,1.05
2015.07.22 21:15:21.634,1.48089,1.4816,1.05,1.37
2015.07.22 21:15:21.685,1.481,1.48165,1.37,1.75
2015.07.22 21:15:21.940,1.48117,1.48179,1.12,1.00
2015.07.22 21:15:22.447,1.48105,1.48184,1.75,1.11
2015.07.22 21:15:22.968,1.48107,1.48184,1.75,1.18
2015.07.22 21:15:23.223,1.48102,1.48177,1.75,1.00
2015.07.22 21:15:23.325,1.48102,1.48177,1.75,1.00
2015.07.22 21:15:23.957,1.48111,1.48181,1.50,1.18
2015.07.22 21:15:24.496,1.48112,1.48182,1.37,2.79
2015.07.22 21:15:25.153,1.48106,1.48181,1.75,2.99
2015.07.22 21:15:25.585,1.4811,1.4818,1.00,1.58
2015.07.22 21:15:25.688,1.48115,1.4819,1.42,1.52
2015.07.22 21:15:25.739,1.48115,1.4819,1.42,1.37
2015.07.22 21:15:25.791,1.48134,1.48195,1.00,1.47
2015.07.22 21:15:26.084,1.4811,1.48195,2.25,1.50
2015.07.22 21:15:26.288,1.48136,1.48195,1.00,1.00
2015.07.22 21:15:26.389,1.48135,1.48204,1.00,1.78
2015.07.22 21:15:26.578,1.48135,1.48204,1.00,1.93
2015.07.22 21:15:26.833,1.48131,1.48204,1.00,1.93
2015.07.22 21:15:26.884,1.48128,1.48204,1.00,1.93
2015.07.22 21:15:26.935,1.48122,1.48202,1.00,1.67
2015.07.22 21:15:27.072,1.48122,1.48198,1.05,1.42
2015.07.22 21:15:27.382,1.48125,1.48197,1.00,1.42
2015.07.22 21:15:27.986,1.48123,1.48197,2.34,1.35
2015.07.22 21:15:28.292,1.48126,1.48198,1.00,1.95
2015.07.22 21:15:28.395,1.48118,1.48197,1.00,1.90
2015.07.22 21:15:28.447,1.48118,1.48193,1.00,1.35
2015.07.22 21:15:28.752,1.48105,1.48182,1.00,1.90
2015.07.22 21:15:29.088,1.48105,1.48179,1.00,1.82
2015.07.22 21:15:29.393,1.48108,1.4818,1.00,1.27
2015.07.22 21:15:29.597,1.48108,1.48181,1.00,1.27
2015.07.22 21:15:29.699,1.48108,1.48181,1.00,1.27
2015.07.22 21:15:30.070,1.48095,1.48173,1.00,1.35
2015.07.22 21:15:30.121,1.48096,1.48171,1.00,1.20
2015.07.22 21:15:30.223,1.48067,1.48165,1.75,1.87
2015.07.22 21:15:30.274,1.48067,1.48164,1.00,1.12
2015.07.22 21:15:30.478,1.48046,1.48137,1.75,1.37
2015.07.22 21:15:30.530,1.48046,1.4813,1.00,1.12
2015.07.22 21:15:30.733,1.48048,1.48123,1.00,1.50
2015.07.22 21:15:31.257,1.48048,1.48124,1.00,1.50
2015.07.22 21:15:31.800,1.48049,1.48124,1.00,1.50
2015.07.22 21:15:32.318,1.48049,1.48123,1.00,1.50
2015.07.22 21:15:32.571,1.48055,1.48138,1.50,2.25
2015.07.22 21:15:32.622,1.48058,1.48137,1.00,2.25
2015.07.22 21:15:32.724,1.48056,1.48139,1.00,1.12
2015.07.22 21:15:33.249,1.48055,1.48139,1.00,1.12
2015.07.22 21:15:33.401,1.48055,1.48139,1.52,1.12
2015.07.22 21:15:33.452,1.4805,1.48139,1.52,1.00
2015.07.22 21:15:33.503,1.48055,1.48139,1.00,1.00
2015.07.22 21:15:33.676,1.4805,1.48139,1.00,1.00
2015.07.22 21:15:33.829,1.48051,1.48137,1.00,1.50
2015.07.22 21:15:34.349,1.4805,1.48138,1.00,1.87
2015.07.22 21:15:34.756,1.4805,1.48133,1.00,1.50
2015.07.22 21:15:36.114,1.48055,1.48133,1.00,1.50
2015.07.22 21:15:36.583,1.48055,1.48131,1.00,1.50
2015.07.22 21:15:36.887,1.48051,1.48119,1.00,1.87
2015.07.22 21:15:37.421,1.48048,1.48124,1.00,2.25
2015.07.22 21:15:37.472,1.48048,1.48124,1.00,1.50
2015.07.22 21:15:37.523,1.48052,1.48131,1.00,1.50
2015.07.22 21:15:38.068,1.48048,1.48134,1.00,1.87
2015.07.22 21:15:38.577,1.48049,1.48138,1.00,1.75
2015.07.22 21:15:39.222,1.48048,1.48138,1.00,1.75
2015.07.22 21:15:39.274,1.48048,1.48138,1.60,1.75
2015.07.22 21:15:39.625,1.4808,1.48162,1.65,1.72
2015.07.22 21:15:39.931,1.4808,1.48161,1.65,2.02
2015.07.22 21:15:39.983,1.48071,1.48148,1.50,2.10
2015.07.22 21:15:40.136,1.48057,1.48145,1.12,2.10
2015.07.22 21:15:40.188,1.48056,1.48149,1.12,2.10
2015.07.22 21:15:40.239,1.48049,1.48148,1.00,1.60
2015.07.22 21:15:40.342,1.48029,1.48146,2.47,1.60
2015.07.22 21:15:40.721,1.48015,1.48127,1.45,1.00
2015.07.22 21:15:40.773,1.48015,1.48125,1.95,1.00
2015.07.22 21:15:41.078,1.48015,1.4812,1.45,1.00
2015.07.22 21:15:41.129,1.48015,1.48135,1.45,1.00
2015.07.22 21:15:41.231,1.4801,1.48112,1.95,1.00
2015.07.22 21:15:41.547,1.48013,1.48118,1.82,1.00
2015.07.22 21:15:42.080,1.48013,1.48118,1.97,1.00
2015.07.22 21:15:43.128,1.48013,1.48118,2.10,1.00
2015.07.22 21:15:43.179,1.48018,1.48123,1.12,1.50
2015.07.22 21:15:43.230,1.48018,1.48123,1.75,1.50
2015.07.22 21:15:43.281,1.48029,1.48129,1.00,1.00
2015.07.22 21:15:43.383,1.48029,1.48132,1.00,1.00
2015.07.22 21:15:43.434,1.48023,1.48132,1.00,1.00
2015.07.22 21:15:43.485,1.48015,1.48132,1.12,1.00
2015.07.22 21:15:44.072,1.48015,1.48133,1.87,1.00
2015.07.22 21:15:45.137,1.4802,1.48134,1.10,1.00
2015.07.22 21:15:45.442,1.48015,1.48133,1.87,1.00
2015.07.22 21:15:45.991,1.48022,1.48134,1.37,1.00
2015.07.22 21:15:46.449,1.48022,1.48117,1.37,1.00
2015.07.22 21:15:46.553,1.48032,1.48131,1.00,1.00
2015.07.22 21:15:46.604,1.48032,1.48135,1.00,1.00
2015.07.22 21:15:46.655,1.48022,1.48122,1.45,1.00
2015.07.22 21:15:47.160,1.48024,1.48102,1.05,1.00
2015.07.22 21:15:47.262,1.48021,1.48111,1.05,1.00
2015.07.22 21:15:47.544,1.4802,1.48102,1.05,1.00
2015.07.22 21:15:47.945,1.4802,1.48107,1.05,1.00
2015.07.22 21:15:47.997,1.4802,1.48118,1.05,1.75
2015.07.22 21:15:48.099,1.4802,1.48117,1.05,1.37
2015.07.22 21:15:48.150,1.48016,1.48122,1.00,1.20
2015.07.22 21:15:48.201,1.48016,1.48123,1.00,1.50
2015.07.22 21:15:48.252,1.48015,1.48123,1.00,1.12
2015.07.22 21:15:48.354,1.48017,1.48132,1.00,1.00
2015.07.22 21:15:48.456,1.48012,1.48118,1.00,1.00
2015.07.22 21:15:48.558,1.48012,1.48123,1.37,1.12
2015.07.22 21:15:48.771,1.48013,1.4811,1.05,1.00
2015.07.22 21:15:49.101,1.48014,1.48105,1.05,1.00
2015.07.22 21:15:49.436,1.48015,1.48104,1.27,1.00
2015.07.22 21:15:49.778,1.47993,1.48075,1.00,1.37
2015.07.22 21:15:49.983,1.47999,1.48091,1.37,1.12
2015.07.22 21:15:50.086,1.48001,1.48103,1.37,1.37
2015.07.22 21:15:50.188,1.47995,1.48098,2.62,1.37
2015.07.22 21:15:50.608,1.47991,1.4807,1.50,1.00
2015.07.22 21:15:50.663,1.47991,1.48077,1.50,1.72
2015.07.22 21:15:51.406,1.47997,1.48076,1.00,1.12
2015.07.22 21:15:51.661,1.47992,1.48076,1.65,1.12
2015.07.22 21:15:52.260,1.47992,1.48076,1.50,1.12
2015.07.22 21:15:53.158,1.47995,1.48074,1.00,1.75
2015.07.22 21:15:54.265,1.47992,1.48074,1.57,1.37
2015.07.22 21:15:54.367,1.47992,1.48067,1.57,1.00
2015.07.22 21:15:54.772,1.47989,1.48077,1.60,1.00
2015.07.22 21:15:55.668,1.47986,1.48071,2.47,1.00
2015.07.22 21:15:55.991,1.47987,1.48071,1.05,1.00
2015.07.22 21:15:56.484,1.47995,1.48078,1.37,1.00
2015.07.22 21:15:56.681,1.48,1.48082,1.20,1.00
2015.07.22 21:15:57.227,1.47996,1.48081,1.87,1.00
2015.07.22 21:15:57.337,1.47996,1.48081,1.87,1.37
2015.07.22 21:15:57.770,1.48002,1.48079,1.35,1.37
2015.07.22 21:15:58.240,1.47999,1.48076,1.60,1.50
2015.07.22 21:15:58.291,1.47993,1.48076,2.19,2.25
2015.07.22 21:15:58.497,1.47993,1.48072,2.19,1.37
2015.07.22 21:15:58.799,1.47993,1.48072,2.19,1.37
2015.07.22 21:15:59.126,1.47996,1.48076,1.45,2.25
2015.07.22 21:15:59.177,1.47996,1.48076,1.52,2.02
2015.07.22 21:16:00.679,1.47992,1.48076,1.27,1.27
2015.07.22 21:16:01.990,1.48002,1.48071,1.00,1.00
2015.07.22 21:16:02.340,1.48013,1.48085,1.00,1.37
2015.07.22 21:16:02.400,1.48014,1.48101,1.15,1.37
2015.07.22 21:16:02.452,1.48014,1.48104,1.75,1.00
2015.07.22 21:16:02.605,1.48024,1.48104,1.00,1.00
2015.07.22 21:16:02.808,1.48022,1.48116,1.00,1.95
2015.07.22 21:16:03.012,1.48025,1.48117,1.00,1.00
2015.07.22 21:16:03.215,1.48021,1.48117,2.17,1.00
2015.07.22 21:16:03.418,1.48022,1.48107,1.42,1.00
2015.07.22 21:16:03.722,1.48022,1.48103,1.42,1.00
2015.07.22 21:16:04.027,1.48022,1.481,1.87,1.00
2015.07.22 21:16:04.417,1.48028,1.48099,1.05,1.00
2015.07.22 21:16:04.469,1.48029,1.48105,1.67,1.00
2015.07.22 21:16:04.521,1.48029,1.48107,1.60,1.00
2015.07.22 21:16:05.041,1.48028,1.48108,3.28,1.00
2015.07.22 21:16:05.194,1.48032,1.48111,2.40,1.37
2015.07.22 21:16:05.245,1.48044,1.48111,1.00,1.75
2015.07.22 21:16:05.549,1.48033,1.48091,1.89,1.00
2015.07.22 21:16:05.832,1.48034,1.48107,1.24,1.35
2015.07.22 21:16:06.349,1.48033,1.48104,1.67,1.97
2015.07.22 21:16:06.850,1.48034,1.48101,1.66,1.00
2015.07.22 21:16:07.002,1.48034,1.48099,1.66,1.00
2015.07.22 21:16:07.581,1.48033,1.48099,1.73,1.00
2015.07.22 21:16:08.100,1.48034,1.48099,1.61,1.00
2015.07.22 21:16:08.202,1.48032,1.481,1.21,1.00
2015.07.22 21:16:08.405,1.48031,1.48102,1.69,1.00
2015.07.22 21:16:08.507,1.48033,1.48117,1.35,1.37
2015.07.22 21:16:08.558,1.48038,1.48121,1.35,1.37
2015.07.22 21:16:08.779,1.48048,1.4813,1.00,1.50
2015.07.22 21:16:08.931,1.48038,1.4813,1.35,1.37
2015.07.22 21:16:09.253,1.48038,1.4813,1.35,1.37
2015.07.22 21:16:09.801,1.48038,1.48126,1.35,1.37
2015.07.22 21:16:10.210,1.48045,1.48126,1.62,1.37
2015.07.22 21:16:10.556,1.48046,1.48119,1.41,1.00
2015.07.22 21:16:11.148,1.48046,1.4812,1.41,1.00
2015.07.22 21:16:11.487,1.48052,1.4812,1.14,1.00
2015.07.22 21:16:12.049,1.48055,1.48119,1.55,1.00
2015.07.22 21:16:12.253,1.48052,1.48119,1.64,1.00
2015.07.22 21:16:12.355,1.48051,1.48116,1.54,1.00
2015.07.22 21:16:12.678,1.4805,1.48122,1.05,1.50
2015.07.22 21:16:13.113,1.48053,1.48123,1.75,1.75
2015.07.22 21:16:13.669,1.48054,1.48123,1.66,1.75
2015.07.22 21:16:14.488,1.48054,1.48123,1.66,1.75
2015.07.22 21:16:14.991,1.48054,1.48123,1.66,1.75
2015.07.22 21:16:15.320,1.48067,1.48123,1.00,1.75
2015.07.22 21:16:15.566,1.4805,1.48116,1.56,1.37
2015.07.22 21:16:15.668,1.48042,1.48111,1.60,1.00
2015.07.22 21:16:15.822,1.48038,1.48115,1.56,1.12
2015.07.22 21:16:15.873,1.48038,1.48115,1.56,1.87
2015.07.22 21:16:16.581,1.48037,1.48112,1.71,1.37
2015.07.22 21:16:16.636,1.48037,1.48112,1.71,1.00
2015.07.22 21:16:17.553,1.48038,1.48112,1.63,1.60
2015.07.22 21:16:18.529,1.48038,1.48109,1.63,1.00
2015.07.22 21:16:19.048,1.48038,1.48111,1.63,1.60
2015.07.22 21:16:19.570,1.48037,1.48112,1.24,2.10
2015.07.22 21:16:20.818,1.48038,1.48112,1.91,2.10
2015.07.22 21:16:21.583,1.48038,1.48107,1.91,1.00
2015.07.22 21:16:21.957,1.48038,1.48109,1.91,1.00
2015.07.22 21:16:22.608,1.48038,1.4811,1.91,1.00
2015.07.22 21:16:23.162,1.48038,1.48111,1.91,1.35
2015.07.22 21:16:25.007,1.48048,1.48111,1.35,1.35
2015.07.22 21:16:25.059,1.48046,1.48115,1.75,1.00
2015.07.22 21:16:25.676,1.48047,1.48115,1.75,1.00
2015.07.22 21:16:25.977,1.48058,1.48116,2.55,1.00
2015.07.22 21:16:26.483,1.48058,1.48115,2.55,1.50
2015.07.22 21:16:27.047,1.48074,1.48116,1.00,1.00
2015.07.22 21:16:27.421,1.48074,1.48114,1.00,1.00
2015.07.22 21:16:27.759,1.48077,1.48114,1.00,1.00
2015.07.22 21:16:28.680,1.4808,1.48114,1.00,1.00
2015.07.22 21:16:30.199,1.4808,1.48113,1.00,1.00
2015.07.22 21:16:30.741,1.48079,1.48113,1.00,1.00
2015.07.22 21:16:31.298,1.48079,1.48114,1.00,1.50
2015.07.22 21:16:31.804,1.4808,1.48114,1.00,1.50
2015.07.22 21:16:33.300,1.4808,1.48122,1.00,1.00
2015.07.22 21:16:33.526,1.48082,1.48122,1.00,1.00
2015.07.22 21:16:33.845,1.48084,1.48122,1.00,1.00
2015.07.22 21:16:33.998,1.48084,1.48128,1.00,1.15
2015.07.22 21:16:35.675,1.48087,1.48127,1.00,1.15
2015.07.22 21:16:36.412,1.48085,1.48127,1.00,1.15
2015.07.22 21:16:36.935,1.48084,1.48127,1.00,1.15
2015.07.22 21:16:37.785,1.48085,1.48117,1.00,1.00
2015.07.22 21:16:37.938,1.48071,1.48117,1.00,1.00
2015.07.22 21:16:38.209,1.48071,1.48114,1.00,1.00
2015.07.22 21:16:38.542,1.48071,1.48113,1.00,1.37
2015.07.22 21:16:38.862,1.4807,1.48113,1.00,1.00
2015.07.22 21:16:39.246,1.48071,1.48111,1.00,1.00
2015.07.22 21:16:39.348,1.48071,1.48114,1.00,1.00
2015.07.22 21:16:40.540,1.48071,1.48112,1.00,1.00
2015.07.22 21:16:41.446,1.48071,1.48111,1.00,1.00
2015.07.22 21:16:42.175,1.48071,1.48112,1.00,1.00
2015.07.22 21:16:42.876,1.48071,1.48111,1.00,1.00
2015.07.22 21:16:43.370,1.48071,1.48109,1.00,1.00
2015.07.22 21:16:43.426,1.48069,1.48109,1.00,1.00
2015.07.22 21:16:44.636,1.4807,1.48108,1.00,1.00
2015.07.22 21:16:45.187,1.4807,1.48107,1.00,1.00
2015.07.22 21:16:46.772,1.48069,1.4811,1.00,1.00
2015.07.22 21:16:46.925,1.4807,1.48113,1.00,1.00
2015.07.22 21:16:47.746,1.48073,1.48115,1.00,1.00
2015.07.22 21:16:48.463,1.48073,1.48118,1.00,1.00
2015.07.22 21:16:48.565,1.48073,1.48116,1.00,1.00
2015.07.22 21:16:49.229,1.48073,1.48117,1.00,1.00
2015.07.22 21:16:49.545,1.48072,1.48105,1.00,1.37
2015.07.22 21:16:49.698,1.48072,1.48119,1.00,1.50
2015.07.22 21:16:50.206,1.48072,1.48116,1.00,1.00
2015.07.22 21:16:50.308,1.48072,1.48119,1.00,1.50
2015.07.22 21:16:53.667,1.48073,1.48115,1.00,1.00
2015.07.22 21:16:53.988,1.48073,1.48113,1.00,1.00
2015.07.22 21:16:54.531,1.48072,1.48112,1.00,1.00
2015.07.22 21:16:55.171,1.48072,1.48113,1.00,1.00
2015.07.22 21:16:55.830,1.48072,1.48112,1.00,1.00
2015.07.22 21:16:56.491,1.48072,1.48113,1.00,1.00
2015.07.22 21:16:57.226,1.48072,1.48111,1.00,1.00
2015.07.22 21:16:58.168,1.48073,1.48111,1.00,1.00
2015.07.22 21:16:58.219,1.48073,1.48116,1.00,1.00
2015.07.22 21:16:58.270,1.48075,1.48124,1.00,1.00
2015.07.22 21:16:58.322,1.48075,1.48122,1.00,1.05
2015.07.22 21:16:58.424,1.48076,1.48125,1.00,1.50
2015.07.22 21:16:58.475,1.48073,1.48122,1.00,1.00
2015.07.22 21:16:58.902,1.48073,1.48105,1.00,1.00
2015.07.22 21:16:59.004,1.48073,1.48109,1.00,1.00
2015.07.22 21:16:59.055,1.48073,1.48113,1.00,1.00
2015.07.22 21:16:59.157,1.48072,1.48116,1.00,1.00
2015.07.22 21:16:59.209,1.48072,1.48113,1.00,1.00
2015.07.22 21:16:59.898,1.48072,1.48114,1.00,1.00
2015.07.22 21:17:00.442,1.48073,1.48114,1.00,1.00
2015.07.22 21:17:01.065,1.48073,1.48113,1.00,1.00
2015.07.22 21:17:01.437,1.48072,1.4812,1.00,1.00
2015.07.22 21:17:01.488,1.48072,1.48123,1.00,1.50
2015.07.22 21:17:02.072,1.48072,1.48123,1.00,1.17
2015.07.22 21:17:02.697,1.48075,1.48122,1.00,1.10
2015.07.22 21:17:02.906,1.48072,1.48123,1.00,1.17
2015.07.22 21:17:05.065,1.48076,1.48122,1.00,1.10
2015.07.22 21:17:06.668,1.48079,1.48125,1.00,1.18
2015.07.22 21:17:08.182,1.48082,1.48122,1.00,1.10
2015.07.22 21:17:08.704,1.48071,1.48122,1.00,1.10
2015.07.22 21:17:14.088,1.48074,1.48123,1.00,1.17
2015.07.22 21:17:16.334,1.48075,1.48125,1.00,1.15
2015.07.22 21:17:16.842,1.48067,1.48121,1.00,1.00
2015.07.22 21:17:17.908,1.48067,1.48122,1.00,1.00
2015.07.22 21:17:18.340,1.48067,1.48119,1.00,1.00
2015.07.22 21:17:18.843,1.48067,1.48118,1.00,1.00
2015.07.22 21:17:19.187,1.48067,1.48118,1.60,1.00
2015.07.22 21:17:19.691,1.48069,1.48117,1.35,1.00
2015.07.22 21:17:20.494,1.48069,1.48117,1.60,1.00
2015.07.22 21:17:20.995,1.4807,1.48118,1.35,1.00
2015.07.22 21:17:21.908,1.48071,1.48118,1.00,1.00
2015.07.22 21:17:21.960,1.48071,1.48123,1.00,1.00
2015.07.22 21:17:22.012,1.48072,1.48128,1.00,1.00
2015.07.22 21:17:22.063,1.48072,1.4813,1.00,1.00
2015.07.22 21:17:22.114,1.48072,1.48144,1.00,1.65
2015.07.22 21:17:22.324,1.48072,1.48151,1.50,1.37
2015.07.22 21:17:22.376,1.48072,1.48154,1.87,1.00
2015.07.22 21:17:22.427,1.48076,1.4816,1.65,1.00
2015.07.22 21:17:22.851,1.48076,1.4816,1.27,1.00
2015.07.22 21:17:22.953,1.48082,1.4816,1.50,1.00
2015.07.22 21:17:23.263,1.48085,1.4816,1.00,1.50
2015.07.22 21:17:23.643,1.48084,1.48145,1.00,1.00
2015.07.22 21:17:23.973,1.48089,1.48143,1.20,1.00
2015.07.22 21:17:24.279,1.4809,1.48148,1.00,1.00
2015.07.22 21:17:24.330,1.4809,1.4816,1.00,1.00
2015.07.22 21:17:25.456,1.48093,1.4816,1.00,2.25
2015.07.22 21:17:27.517,1.4809,1.48156,1.00,1.00
2015.07.22 21:17:28.540,1.4809,1.48153,1.00,1.00
2015.07.22 21:17:30.471,1.48092,1.4815,1.00,1.00
2015.07.22 21:17:34.655,1.48081,1.4815,1.00,1.00
2015.07.22 21:17:35.672,1.48081,1.48145,1.00,1.00
2015.07.22 21:17:37.637,1.4808,1.48143,1.00,1.00
2015.07.22 21:17:38.367,1.48069,1.48143,1.00,1.00
2015.07.22 21:17:38.418,1.48061,1.48126,2.62,1.00
2015.07.22 21:17:38.470,1.48059,1.48126,1.87,1.00
2015.07.22 21:17:38.521,1.48059,1.48114,1.87,1.00
2015.07.22 21:17:38.623,1.48059,1.48122,1.00,1.00
2015.07.22 21:17:38.674,1.48059,1.48137,1.00,1.00
2015.07.22 21:17:38.726,1.48059,1.48141,1.00,1.80
2015.07.22 21:17:39.031,1.48059,1.48133,1.00,1.00
2015.07.22 21:17:39.362,1.48059,1.48127,1.00,1.00
2015.07.22 21:17:39.666,1.48051,1.48125,1.00,1.00
2015.07.22 21:17:39.870,1.48051,1.48123,1.00,1.00
2015.07.22 21:17:40.175,1.48055,1.48123,1.00,1.00
2015.07.22 21:17:40.404,1.48051,1.48123,1.00,1.00
2015.07.22 21:17:40.974,1.48051,1.48123,1.37,1.00
2015.07.22 21:17:41.828,1.48053,1.48123,1.00,1.00
2015.07.22 21:17:41.879,1.48053,1.48115,1.00,1.00
2015.07.22 21:17:42.608,1.48052,1.48115,1.12,1.00
2015.07.22 21:17:43.534,1.48053,1.48115,1.00,1.00
2015.07.22 21:17:44.162,1.48052,1.48115,1.00,1.00
2015.07.22 21:17:44.628,1.4805,1.48115,1.00,1.00
2015.07.22 21:17:45.030,1.4805,1.48115,1.37,1.00
2015.07.22 21:17:45.632,1.4805,1.48115,1.12,1.00
2015.07.22 21:17:50.665,1.48051,1.48111,1.00,1.00
2015.07.22 21:17:59.136,1.48052,1.48109,1.00,1.00
2015.07.22 21:18:00.677,1.48052,1.4811,1.00,1.00
2015.07.22 21:18:01.503,1.48054,1.4811,1.00,1.00
2015.07.22 21:18:10.590,1.48054,1.48109,1.00,1.00
2015.07.22 21:18:10.991,1.48054,1.48113,1.00,1.00
2015.07.22 21:18:17.039,1.48052,1.48114,1.00,1.00
2015.07.22 21:18:17.201,1.48052,1.48117,1.00,1.00
2015.07.22 21:18:20.224,1.48051,1.48118,1.00,1.00
2015.07.22 21:18:20.377,1.48051,1.48116,1.00,1.00
2015.07.22 21:18:21.177,1.48051,1.48115,1.00,1.00
2015.07.22 21:18:21.482,1.48051,1.48109,1.00,1.00
2015.07.22 21:18:22.201,1.48051,1.48108,1.00,1.00
2015.07.22 21:18:22.780,1.48052,1.48108,1.00,1.00
2015.07.22 21:18:23.836,1.48052,1.48107,1.00,1.00
2015.07.22 21:18:25.461,1.48052,1.48104,1.00,1.00
2015.07.22 21:18:27.070,1.48054,1.48108,1.00,1.00
2015.07.22 21:18:27.223,1.48054,1.48122,1.00,1.00
2015.07.22 21:18:28.083,1.48057,1.48122,1.00,1.50
2015.07.22 21:18:28.516,1.48057,1.48119,1.00,1.00
2015.07.22 21:18:29.029,1.48059,1.4812,1.00,1.00
2015.07.22 21:18:31.248,1.48059,1.48121,1.00,1.00
2015.07.22 21:18:31.759,1.48059,1.4812,1.00,1.00
2015.07.22 21:18:32.165,1.48045,1.48122,1.50,1.00
2015.07.22 21:18:32.267,1.48038,1.48106,1.00,1.00
2015.07.22 21:18:32.369,1.48028,1.48105,1.50,1.00
2015.07.22 21:18:32.471,1.48028,1.48095,1.50,1.00
2015.07.22 21:18:32.898,1.48028,1.48088,1.50,1.00
2015.07.22 21:18:33.000,1.48028,1.48107,1.50,1.00
2015.07.22 21:18:33.152,1.48028,1.48102,1.50,1.00
2015.07.22 21:18:33.672,1.48028,1.48098,1.50,1.00
2015.07.22 21:18:34.356,1.48028,1.48092,1.50,1.00
2015.07.22 21:18:34.458,1.48017,1.48092,2.25,1.00
2015.07.22 21:18:34.763,1.48003,1.48066,1.50,1.00
2015.07.22 21:18:34.814,1.48001,1.48066,1.50,1.00
2015.07.22 21:18:34.865,1.48001,1.48071,1.50,1.00
2015.07.22 21:18:34.917,1.48001,1.48087,1.50,1.00
2015.07.22 21:18:35.183,1.48001,1.48085,1.50,1.37
2015.07.22 21:18:35.488,1.48001,1.48064,1.50,1.05
2015.07.22 21:18:35.640,1.48001,1.48072,1.50,1.50
2015.07.22 21:18:35.844,1.48001,1.4807,1.50,1.00
2015.07.22 21:18:36.699,1.48001,1.4807,1.50,1.75
2015.07.22 21:18:39.295,1.48001,1.48071,1.50,1.75
2015.07.22 21:18:39.347,1.48001,1.48071,1.50,1.00
2015.07.22 21:18:40.174,1.47997,1.48071,1.00,1.00
2015.07.22 21:18:41.170,1.47998,1.48077,1.00,1.00
2015.07.22 21:18:42.634,1.47998,1.4808,1.00,1.00
2015.07.22 21:18:42.786,1.47998,1.4807,1.00,1.00
2015.07.22 21:18:43.107,1.47998,1.4807,1.00,3.75
2015.07.22 21:18:43.310,1.47997,1.48071,1.00,1.00
2015.07.22 21:18:43.463,1.47998,1.48073,1.00,1.00
2015.07.22 21:18:43.514,1.47998,1.48082,1.00,1.87
2015.07.22 21:18:44.025,1.47998,1.48085,1.00,1.00
2015.07.22 21:18:45.101,1.47995,1.48083,1.00,1.00
2015.07.22 21:18:45.693,1.47995,1.48083,1.00,1.75
2015.07.22 21:18:45.998,1.47976,1.48012,1.37,1.05
2015.07.22 21:18:46.049,1.47937,1.48012,1.87,1.05
2015.07.22 21:18:46.101,1.47929,1.48002,1.12,1.00
2015.07.22 21:18:46.152,1.47927,1.48002,1.12,1.00
2015.07.22 21:18:46.204,1.47928,1.48009,1.85,1.00
2015.07.22 21:18:46.306,1.47928,1.48006,1.20,1.00
2015.07.22 21:18:46.408,1.47927,1.48016,1.12,1.05
2015.07.22 21:18:46.791,1.47948,1.48018,1.00,1.05
2015.07.22 21:18:47.102,1.4795,1.48016,1.00,1.05
2015.07.22 21:18:47.204,1.47938,1.48019,1.00,1.00
2015.07.22 21:18:47.307,1.4796,1.48029,1.00,1.12
2015.07.22 21:18:47.417,1.47954,1.48029,1.00,1.12
2015.07.22 21:18:47.519,1.47931,1.48029,1.87,1.00
2015.07.22 21:18:47.824,1.47931,1.48015,1.37,1.00
2015.07.22 21:18:48.027,1.47931,1.4803,1.37,1.00
2015.07.22 21:18:48.230,1.47946,1.4803,1.00,1.00
2015.07.22 21:18:48.524,1.47931,1.4803,1.37,1.00
2015.07.22 21:18:48.676,1.47941,1.48029,1.00,1.00
2015.07.22 21:18:49.711,1.47948,1.48029,1.00,1.00
2015.07.22 21:18:50.725,1.47953,1.48029,1.00,1.00
2015.07.22 21:18:51.679,1.47955,1.4803,1.00,1.00
2015.07.22 21:18:53.599,1.47958,1.4803,1.00,1.00
2015.07.22 21:18:56.113,1.47954,1.48013,1.12,1.05
2015.07.22 21:18:56.368,1.48009,1.4808,1.00,1.50
2015.07.22 21:18:56.419,1.48013,1.4808,1.00,1.50
2015.07.22 21:18:56.471,1.48013,1.48091,1.00,1.00
2015.07.22 21:18:56.522,1.48022,1.4809,1.00,1.00
2015.07.22 21:18:56.784,1.48015,1.4809,1.00,1.00
2015.07.22 21:18:56.840,1.48002,1.48089,1.37,1.00
2015.07.22 21:18:57.305,1.48004,1.48089,1.12,1.00
2015.07.22 21:18:57.407,1.48012,1.48094,1.00,1.00
2015.07.22 21:18:57.612,1.48011,1.48096,1.12,1.00
2015.07.22 21:18:57.713,1.48004,1.48096,2.17,1.00
2015.07.22 21:18:57.916,1.48006,1.48096,1.80,1.00
2015.07.22 21:18:58.596,1.48005,1.48095,2.55,1.00
2015.07.22 21:18:59.124,1.48006,1.48095,1.80,1.00
2015.07.22 21:18:59.749,1.48009,1.48094,1.37,1.00
2015.07.22 21:19:00.054,1.48009,1.48085,1.37,1.00
2015.07.22 21:19:00.693,1.48021,1.48088,1.00,1.00
2015.07.22 21:19:01.127,1.48024,1.48087,1.00,1.00
2015.07.22 21:19:01.428,1.48024,1.48084,1.00,1.00
2015.07.22 21:19:02.524,1.48028,1.48084,1.00,1.00
2015.07.22 21:19:02.835,1.4803,1.48083,1.00,1.00
2015.07.22 21:19:03.391,1.4803,1.48084,1.00,1.00
2015.07.22 21:19:03.544,1.4803,1.48087,1.00,1.00
2015.07.22 21:19:03.945,1.48033,1.48086,1.00,1.00
2015.07.22 21:19:04.723,1.48033,1.48087,1.00,1.00
2015.07.22 21:19:05.050,1.48037,1.48087,1.00,1.00
2015.07.22 21:19:05.384,1.48037,1.48084,1.00,1.00
2015.07.22 21:19:05.942,1.48037,1.48085,1.00,1.00
2015.07.22 21:19:06.572,1.4804,1.48085,1.00,1.00
2015.07.22 21:19:07.091,1.4804,1.48084,1.00,1.00
2015.07.22 21:19:07.613,1.4804,1.48085,1.00,1.00
2015.07.22 21:19:08.255,1.4804,1.48084,1.00,1.00
2015.07.22 21:19:09.344,1.48043,1.48085,1.00,1.00
2015.07.22 21:19:10.135,1.48043,1.48084,1.00,1.00
2015.07.22 21:19:10.637,1.48043,1.48085,1.00,1.00
2015.07.22 21:19:11.187,1.48043,1.48084,1.00,1.00
2015.07.22 21:19:11.238,1.48043,1.48087,1.00,1.00
2015.07.22 21:19:11.860,1.48043,1.48084,1.00,1.00
2015.07.22 21:19:13.892,1.48043,1.48085,1.50,1.00
2015.07.22 21:19:13.943,1.4805,1.48089,1.00,1.00
2015.07.22 21:19:13.994,1.4805,1.481,1.00,1.00
2015.07.22 21:19:14.045,1.48051,1.4812,1.00,1.00
2015.07.22 21:19:14.249,1.48036,1.4812,1.00,1.00
2015.07.22 21:19:14.300,1.48036,1.48118,1.00,1.00
2015.07.22 21:19:14.605,1.48035,1.48099,1.00,1.00
2015.07.22 21:19:14.909,1.48034,1.48096,1.00,1.00
2015.07.22 21:19:15.163,1.48034,1.48098,1.00,1.00
2015.07.22 21:19:15.349,1.48034,1.48098,1.00,1.37
2015.07.22 21:19:15.451,1.48032,1.48101,1.00,1.37
2015.07.22 21:19:15.710,1.48032,1.48105,1.00,1.37
2015.07.22 21:19:16.218,1.48033,1.48107,1.00,1.00
2015.07.22 21:19:16.694,1.48033,1.48107,1.00,1.37
2015.07.22 21:19:16.796,1.48033,1.48107,1.00,1.00
2015.07.22 21:19:16.847,1.48033,1.48107,1.00,1.37
2015.07.22 21:19:16.949,1.4803,1.48105,1.00,1.00
2015.07.22 21:19:17.000,1.48019,1.481,1.00,1.00
2015.07.22 21:19:17.271,1.48019,1.48093,1.00,1.00
2015.07.22 21:19:17.373,1.48019,1.48098,1.00,1.00
2015.07.22 21:19:17.627,1.48019,1.48101,1.00,1.00
2015.07.22 21:19:17.729,1.48019,1.48101,1.00,1.87
2015.07.22 21:19:18.084,1.48019,1.48094,1.00,1.00
2015.07.22 21:19:18.186,1.48019,1.48098,1.00,1.00
2015.07.22 21:19:18.237,1.48019,1.48101,1.00,1.37
2015.07.22 21:19:18.288,1.48019,1.48095,1.00,1.00
2015.07.22 21:19:18.606,1.48019,1.48092,1.00,1.00
2015.07.22 21:19:19.027,1.4802,1.48094,1.00,1.00
2015.07.22 21:19:19.273,1.4802,1.48086,1.37,1.00
2015.07.22 21:19:19.688,1.4802,1.48086,1.12,1.00
2015.07.22 21:19:19.740,1.4802,1.48086,1.50,1.00
2015.07.22 21:19:20.189,1.48022,1.4809,1.12,1.00
2015.07.22 21:19:20.240,1.48022,1.48092,1.12,1.00
2015.07.22 21:19:20.291,1.48022,1.48093,1.12,1.00
2015.07.22 21:19:20.494,1.48022,1.48093,1.12,1.00
2015.07.22 21:19:20.867,1.48022,1.48093,1.12,1.00
2015.07.22 21:19:21.471,1.48025,1.48096,1.00,1.00
2015.07.22 21:19:22.990,1.48025,1.48096,1.37,1.00
2015.07.22 21:19:23.303,1.48035,1.48094,1.00,1.00
2015.07.22 21:19:24.837,1.48033,1.48097,2.77,1.00
2015.07.22 21:19:25.093,1.48036,1.48101,1.75,1.00
2015.07.22 21:19:25.144,1.48046,1.48101,1.00,1.00
2015.07.22 21:19:25.195,1.48046,1.48111,1.00,1.50
2015.07.22 21:19:25.247,1.48046,1.48105,1.00,1.00
2015.07.22 21:19:25.502,1.48046,1.48107,1.00,1.00
2015.07.22 21:19:25.752,1.48046,1.4811,1.00,1.00
2015.07.22 21:19:25.803,1.48046,1.48108,1.00,1.00
2015.07.22 21:19:26.159,1.48047,1.48102,1.00,1.00
2015.07.22 21:19:27.156,1.48046,1.48099,1.00,1.00
2015.07.22 21:19:28.183,1.48047,1.48095,1.00,1.00
2015.07.22 21:19:30.147,1.48046,1.48094,1.00,1.00
2015.07.22 21:19:40.203,1.48047,1.48092,1.00,1.00
2015.07.22 21:19:49.109,1.48019,1.48092,1.75,1.00
2015.07.22 21:19:49.161,1.48019,1.48092,1.00,1.37
2015.07.22 21:19:49.314,1.48018,1.48078,1.00,1.00
2015.07.22 21:19:49.582,1.48018,1.48088,1.00,1.42
2015.07.22 21:19:49.633,1.48018,1.48088,1.00,1.80
2015.07.22 21:19:49.960,1.48018,1.48082,1.00,1.00
2015.07.22 21:19:50.490,1.48019,1.48079,1.00,1.00
2015.07.22 21:19:51.017,1.48019,1.48078,1.00,1.00
2015.07.22 21:19:51.354,1.48019,1.48076,1.00,1.00
2015.07.22 21:19:51.705,1.4802,1.48075,1.00,1.67
2015.07.22 21:19:52.022,1.48005,1.48071,1.00,1.00
2015.07.22 21:19:52.073,1.48005,1.48057,1.00,1.00
2015.07.22 21:19:52.489,1.48005,1.48054,1.00,1.00
2015.07.22 21:19:52.592,1.48005,1.48072,1.00,1.52
2015.07.22 21:19:52.694,1.48005,1.48067,1.00,1.00
2015.07.22 21:19:53.042,1.48005,1.4806,1.00,1.00
2015.07.22 21:19:53.093,1.48007,1.48063,1.00,1.87
2015.07.22 21:19:53.247,1.48007,1.48059,1.00,1.00
2015.07.22 21:19:53.594,1.48008,1.48057,1.00,1.00
2015.07.22 21:19:54.189,1.48008,1.48058,1.00,1.00
2015.07.22 21:19:54.786,1.48009,1.48055,1.00,1.00
2015.07.22 21:19:55.820,1.48009,1.48053,1.00,1.00
2015.07.22 21:19:56.447,1.4801,1.48058,1.00,1.00
2015.07.22 21:19:56.507,1.4801,1.48063,1.00,1.00
2015.07.22 21:19:56.609,1.4801,1.48067,1.00,1.00
2015.07.22 21:19:57.211,1.48012,1.48069,1.00,1.00
2015.07.22 21:19:57.607,1.48016,1.48068,1.00,1.00
2015.07.22 21:19:58.911,1.48019,1.48069,1.00,1.00
2015.07.22 21:20:01.122,1.48021,1.48072,1.00,1.00
2015.07.22 21:20:02.928,1.48023,1.48069,1.00,1.00
2015.07.22 21:20:05.912,1.48026,1.48068,1.00,1.00
2015.07.22 21:20:11.663,1.47995,1.48068,1.66,1.00
2015.07.22 21:20:12.025,1.47996,1.48063,1.00,1.00
2015.07.22 21:20:12.598,1.47996,1.4806,1.00,1.00
2015.07.22 21:20:13.155,1.47996,1.48055,1.00,1.00
2015.07.22 21:20:13.359,1.47995,1.48069,1.12,1.60
2015.07.22 21:20:13.410,1.47995,1.48069,1.50,1.60
2015.07.22 21:20:13.461,1.48004,1.48066,1.12,1.05
2015.07.22 21:20:13.666,1.48004,1.48069,1.12,1.05
2015.07.22 21:20:14.709,1.48005,1.48069,1.50,1.05
2015.07.22 21:20:14.864,1.4801,1.48069,1.12,1.05
2015.07.22 21:20:15.366,1.4802,1.48069,1.12,1.05
2015.07.22 21:20:15.418,1.4802,1.48072,1.12,1.05
2015.07.22 21:20:15.622,1.4802,1.48068,1.12,1.05
2015.07.22 21:20:15.927,1.48024,1.48068,1.20,1.05
2015.07.22 21:20:16.539,1.48023,1.48067,1.20,1.05
2015.07.22 21:20:16.841,1.48025,1.48067,2.17,1.05
2015.07.22 21:20:17.573,1.4803,1.48066,1.27,1.00
2015.07.22 21:20:18.074,1.48035,1.48067,1.20,1.05
2015.07.22 21:20:18.874,1.48043,1.48067,1.00,1.05
2015.07.22 21:20:19.837,1.48048,1.48067,1.00,1.05
2015.07.22 21:20:21.450,1.48048,1.48069,1.00,1.05
2015.07.22 21:20:21.840,1.4805,1.48069,1.00,1.05
2015.07.22 21:20:24.387,1.48023,1.48069,1.44,1.05
2015.07.22 21:20:24.590,1.47996,1.48069,3.13,1.05
2015.07.22 21:20:24.642,1.47999,1.48075,1.00,1.00
2015.07.22 21:20:25.190,1.48007,1.48077,1.00,1.42
2015.07.22 21:20:25.241,1.47995,1.48077,1.50,1.42
2015.07.22 21:20:26.194,1.47995,1.48065,1.00,1.12
2015.07.22 21:20:27.156,1.47996,1.48056,1.00,1.00
2015.07.22 21:20:28.649,1.47989,1.48058,2.25,1.00
2015.07.22 21:20:38.411,1.48001,1.48062,1.00,1.50
2015.07.22 21:20:39.471,1.48005,1.48061,1.00,1.00
2015.07.22 21:20:40.480,1.48005,1.48059,1.00,1.00
2015.07.22 21:20:42.472,1.48005,1.48056,1.00,1.00
2015.07.22 21:20:43.423,1.48026,1.4807,1.00,1.05
2015.07.22 21:20:43.767,1.48013,1.48074,1.90,1.05
2015.07.22 21:20:43.869,1.48014,1.48074,1.20,1.05
2015.07.22 21:20:44.021,1.48023,1.48074,1.00,1.05
2015.07.22 21:20:44.123,1.48014,1.48074,1.65,1.05
2015.07.22 21:20:44.224,1.48014,1.48074,1.65,1.05
2015.07.22 21:20:44.326,1.48014,1.48074,1.95,1.05
2015.07.22 21:20:44.479,1.48034,1.48072,1.00,1.05
2015.07.22 21:20:45.512,1.48043,1.48072,1.00,1.05
2015.07.22 21:20:46.138,1.48043,1.48075,1.00,1.05
2015.07.22 21:20:46.476,1.48046,1.48075,1.00,1.05
2015.07.22 21:20:47.324,1.48046,1.48073,1.00,1.05
2015.07.22 21:20:48.734,1.48046,1.48075,1.00,1.05
2015.07.22 21:20:48.887,1.48046,1.48072,1.00,1.05
2015.07.22 21:20:50.411,1.48046,1.48075,1.00,1.05
2015.07.22 21:20:52.258,1.48046,1.48072,1.00,1.05
2015.07.22 21:20:54.129,1.48049,1.48072,1.00,1.05
2015.07.22 21:20:56.102,1.48052,1.48072,1.00,1.05
2015.07.22 21:20:56.922,1.48047,1.48072,1.00,1.05
2015.07.22 21:20:58.650,1.48047,1.48075,1.00,1.05
2015.07.22 21:20:58.854,1.48047,1.48073,1.00,1.05
2015.07.22 21:20:59.359,1.48046,1.48073,1.00,1.05
2015.07.22 21:21:00.934,1.48045,1.48073,1.00,1.05
2015.07.22 21:21:02.933,1.48046,1.48073,1.00,1.05
2015.07.22 21:21:03.947,1.48046,1.48071,1.00,1.00
2015.07.22 21:21:04.355,1.48046,1.48073,1.00,1.05
2015.07.22 21:21:08.838,1.48043,1.48073,1.00,1.05
2015.07.22 21:21:08.889,1.48043,1.4808,1.00,1.00
2015.07.22 21:21:08.993,1.48044,1.48086,1.00,1.12
2015.07.22 21:21:09.044,1.48046,1.48086,1.00,1.00
2015.07.22 21:21:09.095,1.48046,1.48092,1.00,1.00
2015.07.22 21:21:09.197,1.48046,1.48095,1.00,1.00
2015.07.22 21:21:09.249,1.48042,1.48095,1.00,1.00
2015.07.22 21:21:09.300,1.48042,1.48102,1.00,1.00
2015.07.22 21:21:09.351,1.48042,1.48105,1.00,1.05
2015.07.22 21:21:09.556,1.48042,1.48107,1.00,1.05
2015.07.22 21:21:10.213,1.48042,1.48108,1.00,1.05
2015.07.22 21:21:10.365,1.48038,1.48109,1.80,1.05
2015.07.22 21:21:10.911,1.48037,1.48109,2.47,1.05
2015.07.22 21:21:11.321,1.48049,1.48109,2.62,1.05
2015.07.22 21:21:12.140,1.4805,1.48109,1.75,1.05
2015.07.22 21:21:12.445,1.4805,1.48101,2.17,1.05
2015.07.22 21:21:12.770,1.4805,1.48099,2.17,1.05
2015.07.22 21:21:13.073,1.4806,1.48102,1.00,1.05
