2015.06.21 23:00:00.356,1.46226,1.46257,1.00,1.75
2015.06.21 23:00:00.907,1.46225,1.46258,1.00,1.75
2015.06.21 23:00:05.586,1.46225,1.46259,1.00,1.50
2015.06.21 23:00:05.638,1.46228,1.46259,1.00,1.50
2015.06.21 23:00:06.153,1.46228,1.46259,1.00,1.87
2015.06.21 23:00:06.484,1.46226,1.46259,1.00,1.87
2015.06.21 23:00:08.152,1.46225,1.46257,1.00,1.75
2015.06.21 23:00:10.445,1.46226,1.46257,1.00,1.75
2015.06.21 23:00:12.248,1.46222,1.46254,1.00,1.75
2015.06.21 23:00:14.655,1.46229,1.46253,1.00,1.75
2015.06.21 23:00:14.960,1.4623,1.46267,1.37,1.37
2015.06.21 23:00:15.264,1.46237,1.46268,1.00,1.12
2015.06.21 23:00:15.416,1.46237,1.4627,1.00,1.37
2015.06.21 23:00:15.670,1.46239,1.46275,1.00,1.87
2015.06.21 23:00:22.148,1.46242,1.46275,1.00,1.75
2015.06.21 23:00:22.301,1.46242,1.46274,1.00,1.00
2015.06.21 23:00:22.597,1.46252,1.46274,1.00,1.00
2015.06.21 23:00:22.649,1.46252,1.46287,1.00,1.50
2015.06.21 23:00:22.752,1.46252,1.46289,1.00,1.00
2015.06.21 23:00:22.854,1.46252,1.46293,1.00,1.75
2015.06.21 23:00:23.198,1.46261,1.46296,1.00,1.50
2015.06.21 23:00:23.502,1.46264,1.46296,1.00,1.50
2015.06.21 23:00:24.009,1.46264,1.46295,1.00,1.75
2015.06.21 23:00:24.831,1.46266,1.46301,1.37,1.37
2015.06.21 23:00:24.882,1.46274,1.46302,1.00,1.37
2015.06.21 23:00:24.933,1.46274,1.46304,1.12,1.37
2015.06.21 23:00:25.136,1.46274,1.46309,1.37,1.37
2015.06.21 23:00:25.289,1.46281,1.46314,1.00,1.75
2015.06.21 23:00:27.724,1.46281,1.46314,1.00,2.25
2015.06.21 23:00:27.826,1.46279,1.46314,1.00,2.25
2015.06.21 23:00:28.131,1.46275,1.46312,1.37,1.12
2015.06.21 23:00:28.437,1.46285,1.46316,1.00,1.75
2015.06.21 23:00:28.760,1.4629,1.46321,1.37,1.00
2015.06.21 23:00:28.811,1.46296,1.46328,1.00,1.75
2015.06.21 23:00:29.117,1.46299,1.46333,1.37,1.75
2015.06.21 23:00:29.843,1.46296,1.46333,1.37,1.75
2015.06.21 23:00:29.894,1.46296,1.46333,1.00,2.25
2015.06.21 23:00:29.948,1.46296,1.46332,1.00,1.75
2015.06.21 23:00:30.804,1.46293,1.46331,1.37,1.75
2015.06.21 23:00:36.738,1.46296,1.46332,1.75,2.62
2015.06.21 23:00:36.993,1.46309,1.4634,1.00,1.00
2015.06.21 23:00:37.044,1.46313,1.4634,1.00,1.00
2015.06.21 23:00:37.348,1.46313,1.4635,1.75,1.75
2015.06.21 23:00:37.399,1.46313,1.4635,1.37,1.75
2015.06.21 23:00:37.846,1.46311,1.46347,1.37,1.00
2015.06.21 23:00:37.949,1.46312,1.46345,1.37,1.00
2015.06.21 23:00:38.051,1.46311,1.46347,1.87,1.00
2015.06.21 23:00:38.561,1.46313,1.46348,1.37,1.12
2015.06.21 23:00:38.749,1.4631,1.46341,1.37,1.12
2015.06.21 23:00:38.800,1.4631,1.46341,1.00,1.12
2015.06.21 23:00:39.421,1.46306,1.46342,1.00,2.25
2015.06.21 23:00:39.473,1.46306,1.46342,1.37,2.62
2015.06.21 23:00:41.790,1.46306,1.46341,1.37,1.75
2015.06.21 23:00:43.345,1.46303,1.46339,3.00,1.75
2015.06.21 23:00:43.818,1.46303,1.46334,1.50,1.75
2015.06.21 23:00:44.021,1.463,1.46331,1.50,1.37
2015.06.21 23:00:44.072,1.46299,1.46324,1.37,1.75
2015.06.21 23:00:44.124,1.46296,1.46323,1.00,1.75
2015.06.21 23:00:44.175,1.46295,1.46323,1.12,1.75
2015.06.21 23:00:44.227,1.46285,1.46324,2.25,2.25
2015.06.21 23:00:44.381,1.46285,1.46323,1.50,1.87
2015.06.21 23:00:44.987,1.46285,1.46321,1.87,1.37
2015.06.21 23:00:45.403,1.46282,1.46313,1.00,1.37
2015.06.21 23:00:45.555,1.46276,1.46313,1.00,1.87
2015.06.21 23:00:45.669,1.46278,1.46312,1.00,1.50
2015.06.21 23:00:46.178,1.46276,1.46312,1.50,1.12
2015.06.21 23:00:46.483,1.46272,1.46304,1.00,3.37
2015.06.21 23:00:46.539,1.46265,1.46304,1.00,1.87
2015.06.21 23:00:46.590,1.46265,1.46304,1.00,1.87
2015.06.21 23:00:46.642,1.46265,1.46292,1.00,1.00
2015.06.21 23:00:47.017,1.46254,1.46292,1.00,1.00
2015.06.21 23:00:47.069,1.46251,1.46292,1.00,1.37
2015.06.21 23:00:47.120,1.46251,1.46289,1.00,1.00
2015.06.21 23:00:47.630,1.46249,1.46289,1.37,2.25
2015.06.21 23:00:47.935,1.46249,1.46284,1.37,1.75
2015.06.21 23:00:48.679,1.46248,1.46283,1.50,1.75
2015.06.21 23:00:49.332,1.46248,1.46284,1.87,1.75
2015.06.21 23:00:50.619,1.46248,1.46276,1.12,1.00
2015.06.21 23:00:50.824,1.46238,1.46276,1.00,3.00
2015.06.21 23:00:51.995,1.46238,1.46275,1.37,1.87
2015.06.21 23:00:53.799,1.46247,1.46276,1.50,1.37
2015.06.21 23:00:53.901,1.46244,1.46282,1.87,1.50
2015.06.21 23:00:54.003,1.46244,1.46282,1.37,1.00
2015.06.21 23:00:54.054,1.46251,1.46284,1.00,1.12
2015.06.21 23:00:54.206,1.46255,1.46291,3.00,1.00
2015.06.21 23:00:54.257,1.46256,1.46297,1.37,1.37
2015.06.21 23:00:54.308,1.46261,1.463,1.00,1.75
2015.06.21 23:00:54.696,1.46271,1.46298,1.00,1.75
2015.06.21 23:00:54.750,1.46255,1.46298,1.12,2.25
2015.06.21 23:00:55.259,1.46254,1.46293,1.00,1.12
2015.06.21 23:00:55.880,1.46255,1.46295,1.00,1.12
2015.06.21 23:00:55.931,1.46255,1.46295,1.00,1.87
2015.06.21 23:00:57.215,1.46255,1.46293,1.00,1.75
2015.06.21 23:00:57.723,1.46254,1.46291,1.00,1.50
2015.06.21 23:00:58.117,1.46254,1.46294,1.50,1.87
2015.06.21 23:00:58.629,1.46255,1.46294,1.00,1.37
2015.06.21 23:00:58.934,1.46256,1.46294,1.00,1.00
2015.06.21 23:00:59.036,1.46256,1.46294,1.00,1.37
2015.06.21 23:00:59.418,1.46254,1.46294,1.00,1.37
2015.06.21 23:00:59.623,1.46254,1.46293,1.00,1.75
2015.06.21 23:01:00.122,1.46254,1.46293,1.00,1.37
2015.06.21 23:01:00.224,1.46254,1.46292,1.37,1.75
2015.06.21 23:01:00.854,1.46257,1.46292,1.12,1.75
2015.06.21 23:01:01.624,1.46257,1.46293,1.00,3.00
2015.06.21 23:01:02.032,1.46262,1.46292,1.00,2.25
2015.06.21 23:01:02.134,1.46264,1.46295,1.12,1.00
2015.06.21 23:01:02.236,1.46266,1.46301,1.12,1.87
2015.06.21 23:01:02.601,1.46269,1.46305,1.00,1.75
2015.06.21 23:01:02.804,1.46276,1.46303,1.00,1.37
2015.06.21 23:01:02.907,1.46276,1.46306,1.12,2.25
2015.06.21 23:01:03.469,1.46276,1.46307,1.50,1.12
2015.06.21 23:01:03.572,1.46272,1.46305,1.00,3.00
2015.06.21 23:01:03.674,1.46267,1.46299,1.37,1.12
2015.06.21 23:01:03.725,1.46267,1.46294,1.00,1.50
2015.06.21 23:01:03.776,1.46267,1.46294,1.00,1.75
2015.06.21 23:01:04.100,1.46258,1.46295,1.37,1.37
2015.06.21 23:01:04.754,1.46255,1.46294,1.37,2.25
2015.06.21 23:01:04.906,1.46255,1.46294,1.00,2.25
2015.06.21 23:01:04.958,1.46255,1.46294,1.37,2.25
2015.06.21 23:01:05.691,1.46257,1.46295,1.00,3.00
2015.06.21 23:01:06.402,1.46254,1.46293,2.62,1.75
2015.06.21 23:01:12.977,1.46254,1.46295,3.75,2.25
2015.06.21 23:01:16.636,1.4626,1.46295,1.12,2.25
2015.06.21 23:01:16.687,1.4626,1.46295,1.50,1.87
2015.06.21 23:01:16.789,1.46268,1.46295,1.00,1.37
2015.06.21 23:01:18.265,1.46268,1.46299,1.00,1.87
2015.06.21 23:01:18.636,1.46271,1.46299,1.00,1.87
2015.06.21 23:01:19.621,1.46271,1.46301,1.37,1.75
2015.06.21 23:01:19.672,1.46269,1.463,2.25,1.37
2015.06.21 23:01:20.037,1.46276,1.46303,1.00,1.12
2015.06.21 23:01:20.088,1.4627,1.46303,1.50,1.12
2015.06.21 23:01:20.190,1.4627,1.46304,2.62,1.87
2015.06.21 23:01:20.495,1.46282,1.46303,1.00,1.12
2015.06.21 23:01:20.647,1.46279,1.46303,1.00,1.12
2015.06.21 23:01:21.058,1.46276,1.46303,1.00,1.37
2015.06.21 23:01:21.363,1.46276,1.46302,1.00,1.12
2015.06.21 23:01:21.414,1.46268,1.46302,1.00,1.12
2015.06.21 23:01:21.465,1.46263,1.46301,1.37,1.75
2015.06.21 23:01:22.206,1.46265,1.46298,1.00,1.37
2015.06.21 23:01:25.698,1.46266,1.46298,1.00,1.37
2015.06.21 23:01:28.302,1.46265,1.46298,1.00,1.37
2015.06.21 23:01:28.405,1.46269,1.463,1.00,1.37
2015.06.21 23:01:28.711,1.46288,1.46317,1.50,1.12
2015.06.21 23:01:28.864,1.46292,1.46329,1.00,1.37
2015.06.21 23:01:29.067,1.46292,1.46329,1.37,1.00
2015.06.21 23:01:29.426,1.463,1.46329,1.00,1.00
2015.06.21 23:01:29.781,1.463,1.46326,1.00,1.00
2015.06.21 23:01:30.127,1.46294,1.46326,1.00,1.87
2015.06.21 23:01:30.431,1.46291,1.46321,1.00,1.37
2015.06.21 23:01:32.009,1.46291,1.46319,1.00,1.75
2015.06.21 23:01:33.575,1.4629,1.46319,1.00,1.75
2015.06.21 23:01:35.609,1.4629,1.46319,1.00,1.37
2015.06.21 23:01:39.525,1.4629,1.46324,2.25,1.37
2015.06.21 23:01:39.627,1.46292,1.46328,1.00,3.00
2015.06.21 23:01:39.678,1.46293,1.46332,1.00,1.75
2015.06.21 23:01:39.781,1.46302,1.46333,1.00,1.87
2015.06.21 23:01:40.274,1.46308,1.46342,1.00,1.37
2015.06.21 23:01:40.427,1.46308,1.46346,1.87,1.75
2015.06.21 23:01:40.587,1.46316,1.46346,1.00,1.75
2015.06.21 23:01:41.332,1.4631,1.46345,3.00,1.75
2015.06.21 23:01:41.383,1.4631,1.46342,1.37,1.75
2015.06.21 23:01:41.434,1.46308,1.46342,1.00,1.75
2015.06.21 23:01:42.046,1.46309,1.46341,1.00,1.75
2015.06.21 23:01:42.098,1.46307,1.46341,1.00,1.75
2015.06.21 23:01:42.554,1.46307,1.46338,1.00,1.12
2015.06.21 23:01:42.996,1.46303,1.46338,1.12,1.12
2015.06.21 23:01:44.604,1.46303,1.46339,1.37,1.87
2015.06.21 23:01:47.186,1.46303,1.46338,1.12,1.12
2015.06.21 23:01:49.778,1.46303,1.46337,1.87,1.12
2015.06.21 23:01:51.570,1.46305,1.46337,1.00,1.12
2015.06.21 23:01:52.274,1.46305,1.4634,1.37,1.87
2015.06.21 23:01:52.397,1.46305,1.4634,1.00,1.50
2015.06.21 23:01:53.096,1.46305,1.46336,1.37,1.00
2015.06.21 23:01:54.400,1.46305,1.4634,1.37,1.12
2015.06.21 23:01:56.883,1.46305,1.46337,1.00,1.37
2015.06.21 23:01:56.985,1.46305,1.46336,1.00,1.12
2015.06.21 23:01:57.087,1.46303,1.46331,1.00,1.37
2015.06.21 23:01:57.138,1.46298,1.46331,1.00,1.37
2015.06.21 23:01:57.190,1.46295,1.46331,1.87,1.00
2015.06.21 23:01:57.342,1.46295,1.4633,1.50,1.37
2015.06.21 23:01:57.647,1.46294,1.46321,1.00,1.00
2015.06.21 23:01:57.932,1.4629,1.46321,1.87,1.00
2015.06.21 23:01:58.135,1.4629,1.46321,1.12,1.37
2015.06.21 23:01:58.640,1.4629,1.46312,1.00,1.00
2015.06.21 23:01:58.949,1.46275,1.46313,1.87,1.87
2015.06.21 23:01:59.102,1.46274,1.46313,1.87,2.25
2015.06.21 23:01:59.635,1.46273,1.46309,2.25,1.50
2015.06.21 23:02:00.210,1.46273,1.46308,2.25,1.37
2015.06.21 23:02:01.805,1.46275,1.46308,1.37,1.37
2015.06.21 23:02:03.073,1.46273,1.46309,2.25,2.25
2015.06.21 23:02:05.731,1.46273,1.46309,2.25,1.87
2015.06.21 23:02:06.280,1.46273,1.46309,2.25,1.87
2015.06.21 23:02:06.839,1.46273,1.46309,2.25,1.87
2015.06.21 23:02:07.816,1.46273,1.46309,2.25,1.87
2015.06.21 23:02:08.465,1.46273,1.46309,1.87,2.25
2015.06.21 23:02:09.009,1.46273,1.46306,1.87,1.37
2015.06.21 23:02:11.773,1.46273,1.46307,2.40,1.37
2015.06.21 23:02:12.384,1.46276,1.46307,1.47,1.37
2015.06.21 23:02:12.485,1.46276,1.46309,1.47,1.37
2015.06.21 23:02:12.587,1.46276,1.46314,1.47,1.00
2015.06.21 23:02:12.638,1.46288,1.46315,1.00,1.12
2015.06.21 23:02:12.892,1.46293,1.46322,1.00,1.37
2015.06.21 23:02:12.994,1.46293,1.46323,1.00,1.37
2015.06.21 23:02:13.095,1.46293,1.46323,1.00,1.37
2015.06.21 23:02:13.146,1.46299,1.46326,1.00,1.37
2015.06.21 23:02:13.198,1.46299,1.46326,1.00,1.00
2015.06.21 23:02:13.249,1.46299,1.46328,1.00,1.12
2015.06.21 23:02:13.350,1.46305,1.46332,1.00,1.37
2015.06.21 23:02:14.276,1.46305,1.46332,1.00,1.75
2015.06.21 23:02:14.654,1.46305,1.46332,1.12,1.12
2015.06.21 23:02:14.807,1.46305,1.46334,1.00,1.00
2015.06.21 23:02:14.858,1.46307,1.46337,1.00,1.37
2015.06.21 23:02:14.959,1.46308,1.4634,1.00,1.00
2015.06.21 23:02:15.061,1.46308,1.46341,1.00,1.75
2015.06.21 23:02:15.365,1.4631,1.46346,1.00,1.50
2015.06.21 23:02:15.568,1.46315,1.46344,1.00,1.37
2015.06.21 23:02:15.619,1.46315,1.46344,1.00,1.00
2015.06.21 23:02:15.670,1.46313,1.46344,1.00,1.00
2015.06.21 23:02:16.056,1.4631,1.46345,1.00,1.20
2015.06.21 23:02:16.108,1.46317,1.46345,1.00,1.00
2015.06.21 23:02:16.614,1.46317,1.46346,1.00,1.00
2015.06.21 23:02:17.070,1.46317,1.46346,1.00,1.12
2015.06.21 23:02:17.122,1.46314,1.46346,1.00,1.12
2015.06.21 23:02:17.325,1.46311,1.46336,1.00,1.00
2015.06.21 23:02:17.377,1.46304,1.46336,1.20,1.00
2015.06.21 23:02:17.428,1.46303,1.46335,1.10,1.00
2015.06.21 23:02:17.580,1.46303,1.46335,1.00,1.37
2015.06.21 23:02:17.632,1.46299,1.46334,1.15,1.87
2015.06.21 23:02:20.095,1.46296,1.46333,1.50,1.37
2015.06.21 23:02:20.518,1.46297,1.46325,1.00,1.50
2015.06.21 23:02:20.831,1.46294,1.46326,1.00,1.75
2015.06.21 23:02:20.882,1.46294,1.46325,1.00,1.12
2015.06.21 23:02:21.650,1.46294,1.46325,1.00,1.12
2015.06.21 23:02:23.670,1.46291,1.46325,1.00,1.12
2015.06.21 23:02:25.928,1.46291,1.46324,1.00,1.75
2015.06.21 23:02:30.301,1.46291,1.46321,1.00,1.00
2015.06.21 23:02:31.040,1.4629,1.46324,1.00,1.37
2015.06.21 23:02:36.929,1.4629,1.46321,1.00,1.50
2015.06.21 23:02:40.552,1.4629,1.46321,1.00,1.50
2015.06.21 23:02:40.654,1.4629,1.46321,1.00,1.87
2015.06.21 23:02:43.702,1.46288,1.46321,1.00,1.87
2015.06.21 23:02:45.371,1.46288,1.46319,1.00,1.12
2015.06.21 23:02:45.979,1.46288,1.46319,1.00,1.37
2015.06.21 23:02:46.809,1.46287,1.46319,1.20,1.87
2015.06.21 23:02:47.377,1.46287,1.46318,1.00,1.37
2015.06.21 23:02:47.534,1.46287,1.46323,1.50,1.37
2015.06.21 23:02:47.832,1.46288,1.46323,1.00,1.37
2015.06.21 23:02:48.350,1.4629,1.46326,1.00,1.75
2015.06.21 23:02:48.664,1.46292,1.46327,1.00,1.37
2015.06.21 23:02:49.214,1.46294,1.4633,1.12,1.50
2015.06.21 23:02:49.266,1.46294,1.4633,1.00,1.37
2015.06.21 23:02:49.469,1.46293,1.46332,1.50,1.75
2015.06.21 23:02:49.773,1.46296,1.46334,1.37,2.25
2015.06.21 23:02:50.331,1.46297,1.46334,1.12,1.37
2015.06.21 23:02:52.268,1.46299,1.46335,1.00,2.62
2015.06.21 23:02:54.165,1.46295,1.46335,2.77,1.50
2015.06.21 23:02:54.469,1.46297,1.46335,1.10,1.75
2015.06.21 23:02:54.940,1.46298,1.46334,1.00,1.00
2015.06.21 23:02:55.774,1.46296,1.46333,1.07,1.00
2015.06.21 23:02:55.828,1.46295,1.46333,1.27,1.37
2015.06.21 23:02:56.045,1.46295,1.46333,1.27,1.00
2015.06.21 23:02:57.436,1.46294,1.4633,1.27,1.00
2015.06.21 23:02:57.589,1.46293,1.46329,1.00,1.37
2015.06.21 23:02:57.742,1.46293,1.46324,1.00,1.00
2015.06.21 23:02:58.073,1.46285,1.46322,1.15,1.00
2015.06.21 23:02:58.336,1.46285,1.4632,1.15,1.00
2015.06.21 23:02:58.917,1.46287,1.46321,1.10,1.00
2015.06.21 23:02:58.968,1.46287,1.46324,1.10,1.37
2015.06.21 23:02:59.489,1.46288,1.46324,1.00,1.37
2015.06.21 23:03:00.214,1.46288,1.46324,1.12,1.50
2015.06.21 23:03:07.922,1.46288,1.46325,1.00,3.37
2015.06.21 23:03:07.973,1.46288,1.46325,1.00,3.37
2015.06.21 23:03:08.076,1.46288,1.46325,1.00,3.37
2015.06.21 23:03:08.179,1.46288,1.46325,1.00,3.37
2015.06.21 23:03:09.364,1.46288,1.46324,1.00,1.75
2015.06.21 23:03:10.002,1.46288,1.46324,1.00,1.50
2015.06.21 23:03:10.104,1.46288,1.46323,1.00,1.75
2015.06.21 23:03:10.206,1.46288,1.46325,1.00,1.87
2015.06.21 23:03:10.590,1.46288,1.46325,1.00,2.62
2015.06.21 23:03:12.784,1.46287,1.46322,1.10,1.75
2015.06.21 23:03:13.088,1.46275,1.46311,2.62,1.00
2015.06.21 23:03:13.291,1.46282,1.46315,1.00,1.75
2015.06.21 23:03:13.595,1.46282,1.46315,1.10,1.87
2015.06.21 23:03:13.697,1.46282,1.46315,1.10,1.37
2015.06.21 23:03:15.090,1.46277,1.46312,2.70,1.75
2015.06.21 23:03:15.394,1.46277,1.46309,1.12,1.87
2015.06.21 23:03:15.698,1.46276,1.46309,1.57,2.62
2015.06.21 23:03:15.749,1.46276,1.46309,1.00,2.62
2015.06.21 23:03:15.901,1.46276,1.46308,1.00,1.75
2015.06.21 23:03:16.054,1.46271,1.46304,1.20,1.75
2015.06.21 23:03:16.847,1.46272,1.46304,1.00,1.75
2015.06.21 23:03:17.370,1.46271,1.46304,1.10,1.75
2015.06.21 23:03:17.980,1.46272,1.46304,1.00,1.50
2015.06.21 23:03:20.039,1.46271,1.46304,1.10,1.50
2015.06.21 23:03:20.090,1.46271,1.46304,1.10,1.75
2015.06.21 23:03:22.477,1.46269,1.46304,1.00,2.25
2015.06.21 23:03:23.746,1.46266,1.46301,1.00,1.37
2015.06.21 23:03:29.499,1.46268,1.46301,1.00,1.37
2015.06.21 23:03:30.719,1.46266,1.46301,1.00,1.37
2015.06.21 23:03:36.341,1.46266,1.46302,1.37,1.37
2015.06.21 23:03:36.443,1.46271,1.46304,1.00,1.37
2015.06.21 23:03:37.106,1.46279,1.46304,1.00,1.00
2015.06.21 23:03:37.157,1.46279,1.46314,1.00,1.00
2015.06.21 23:03:37.259,1.46285,1.46321,1.00,2.02
2015.06.21 23:03:37.361,1.46285,1.46322,1.00,2.32
2015.06.21 23:03:37.416,1.46285,1.46322,1.00,1.87
2015.06.21 23:03:37.518,1.46287,1.46325,1.50,2.70
2015.06.21 23:03:37.569,1.46287,1.46325,1.87,1.20
2015.06.21 23:03:37.772,1.46291,1.46323,1.07,1.75
2015.06.21 23:03:37.824,1.4629,1.46322,1.00,1.75
2015.06.21 23:03:37.875,1.4629,1.46322,1.00,1.75
2015.06.21 23:03:38.078,1.46287,1.46321,1.00,1.75
2015.06.21 23:03:38.426,1.46278,1.46316,2.77,1.37
2015.06.21 23:03:38.477,1.46279,1.46316,1.20,1.50
2015.06.21 23:03:38.883,1.46278,1.46313,1.00,1.00
2015.06.21 23:03:39.036,1.46276,1.46313,1.10,1.00
2015.06.21 23:03:39.423,1.46276,1.4631,1.10,1.00
2015.06.21 23:03:39.729,1.46274,1.46309,2.02,1.75
2015.06.21 23:03:39.932,1.46274,1.46306,1.00,1.75
2015.06.21 23:03:40.331,1.46272,1.46306,1.00,1.87
2015.06.21 23:03:41.122,1.4627,1.46304,1.10,1.37
2015.06.21 23:03:41.173,1.4627,1.46304,1.10,2.25
2015.06.21 23:03:41.478,1.46262,1.46298,1.55,1.37
2015.06.21 23:03:41.529,1.46266,1.463,1.00,1.75
2015.06.21 23:03:41.580,1.46267,1.463,1.00,1.00
2015.06.21 23:03:41.631,1.46271,1.46301,1.00,1.12
2015.06.21 23:03:41.683,1.46271,1.46306,1.00,1.10
2015.06.21 23:03:42.284,1.46268,1.46307,1.10,1.00
2015.06.21 23:03:42.640,1.46266,1.46303,1.17,1.00
2015.06.21 23:03:44.851,1.46266,1.46303,1.55,1.50
2015.06.21 23:03:45.157,1.46263,1.463,1.52,1.50
2015.06.21 23:03:45.526,1.46262,1.46298,1.50,1.37
2015.06.21 23:03:46.182,1.4626,1.46298,2.40,1.37
2015.06.21 23:03:47.950,1.46266,1.46298,1.37,1.37
2015.06.21 23:03:49.311,1.46269,1.46305,1.12,1.87
2015.06.21 23:03:49.362,1.46274,1.46305,1.00,1.12
2015.06.21 23:03:49.413,1.46274,1.4631,1.00,1.52
2015.06.21 23:03:49.695,1.4628,1.46311,1.00,1.12
2015.06.21 23:03:49.862,1.46273,1.46308,1.00,1.75
2015.06.21 23:03:50.115,1.46271,1.46308,1.27,1.37
2015.06.21 23:03:50.167,1.4628,1.4631,1.00,1.50
2015.06.21 23:03:50.218,1.4628,1.46312,1.00,1.55
2015.06.21 23:03:50.421,1.46281,1.46314,1.00,1.37
2015.06.21 23:03:50.574,1.46272,1.46309,1.57,1.00
2015.06.21 23:03:50.625,1.46272,1.46309,1.00,1.37
2015.06.21 23:03:50.931,1.4627,1.46309,1.00,1.37
2015.06.21 23:03:51.741,1.46266,1.46306,1.65,1.00
2015.06.21 23:03:52.081,1.46266,1.46305,2.02,1.12
2015.06.21 23:03:52.934,1.46268,1.46304,1.17,1.75
2015.06.21 23:03:53.086,1.46268,1.46304,1.27,1.50
2015.06.21 23:03:53.593,1.46266,1.46305,2.02,1.12
2015.06.21 23:03:53.695,1.46271,1.46305,1.37,1.12
2015.06.21 23:04:01.827,1.46272,1.46308,1.37,2.25
2015.06.21 23:04:02.331,1.46274,1.46308,1.00,1.75
2015.06.21 23:04:04.836,1.46274,1.46308,1.00,2.25
2015.06.21 23:04:05.450,1.46274,1.46308,1.37,1.75
2015.06.21 23:04:05.653,1.46271,1.46307,1.00,1.87
2015.06.21 23:04:06.083,1.46271,1.46307,1.37,1.87
2015.06.21 23:04:10.119,1.46272,1.46308,1.37,2.25
2015.06.21 23:04:11.747,1.46272,1.46308,1.87,2.25
2015.06.21 23:04:12.018,1.46274,1.46309,1.12,1.50
2015.06.21 23:04:12.120,1.46277,1.46311,1.37,1.85
2015.06.21 23:04:12.222,1.46274,1.46309,1.20,1.87
2015.06.21 23:04:12.273,1.46274,1.46309,1.50,1.87
2015.06.21 23:04:12.324,1.46274,1.46312,2.25,1.75
2015.06.21 23:04:12.375,1.46282,1.46312,1.00,1.75
2015.06.21 23:04:12.427,1.46282,1.46312,1.00,1.75
2015.06.21 23:04:12.742,1.4628,1.46312,1.00,1.75
2015.06.21 23:04:12.945,1.46274,1.46312,1.57,1.75
2015.06.21 23:04:13.148,1.46273,1.46309,1.95,1.00
2015.06.21 23:04:13.301,1.46273,1.46309,1.47,1.37
2015.06.21 23:04:13.824,1.46272,1.46308,1.20,1.37
2015.06.21 23:04:14.611,1.46286,1.46317,1.00,1.00
2015.06.21 23:04:14.662,1.46288,1.46325,1.00,1.82
2015.06.21 23:04:15.076,1.46289,1.46327,1.37,1.20
2015.06.21 23:04:15.381,1.46289,1.46322,1.12,1.12
2015.06.21 23:04:15.686,1.46285,1.46318,1.37,1.12
2015.06.21 23:04:15.839,1.46284,1.46316,1.00,1.12
2015.06.21 23:04:16.418,1.46281,1.46316,1.00,1.12
2015.06.21 23:04:25.884,1.46281,1.46318,1.50,1.87
2015.06.21 23:04:26.188,1.46282,1.46318,1.50,1.12
2015.06.21 23:04:28.974,1.46284,1.46319,1.57,1.75
2015.06.21 23:04:29.179,1.46284,1.46318,1.57,1.37
2015.06.21 23:04:29.783,1.46284,1.46319,1.57,2.62
2015.06.21 23:04:30.294,1.46282,1.46318,1.50,1.87
2015.06.21 23:04:31.007,1.46282,1.46318,1.50,1.87
2015.06.21 23:04:32.730,1.46282,1.46318,1.12,1.87
2015.06.21 23:04:33.267,1.46281,1.46317,1.87,1.12
2015.06.21 23:04:37.077,1.46281,1.46316,1.87,1.12
2015.06.21 23:04:37.331,1.46281,1.46316,1.87,1.37
2015.06.21 23:04:37.828,1.46281,1.46316,1.50,1.12
2015.06.21 23:04:41.033,1.46282,1.46317,1.57,1.87
2015.06.21 23:04:41.236,1.46283,1.46321,1.65,1.87
2015.06.21 23:04:41.757,1.46284,1.46323,1.27,1.87
2015.06.21 23:04:44.114,1.46289,1.46323,1.37,1.37
2015.06.21 23:04:44.216,1.46291,1.46328,1.00,1.12
2015.06.21 23:04:44.368,1.46291,1.46328,1.15,1.37
2015.06.21 23:04:47.351,1.46291,1.46329,1.15,1.37
2015.06.21 23:04:50.321,1.46291,1.46329,1.15,1.75
2015.06.21 23:04:50.627,1.46291,1.46321,1.15,1.50
2015.06.21 23:04:50.881,1.46281,1.46317,3.37,1.75
2015.06.21 23:04:54.390,1.46279,1.46313,1.12,1.37
2015.06.21 23:04:54.441,1.46277,1.46313,2.62,1.75
2015.06.21 23:04:54.746,1.46277,1.46308,1.20,1.37
2015.06.21 23:04:55.294,1.46273,1.46309,1.52,1.37
2015.06.21 23:04:55.701,1.46273,1.46311,1.27,1.87
2015.06.21 23:04:56.443,1.46273,1.46311,1.52,2.25
2015.06.21 23:04:56.545,1.46276,1.46311,1.27,1.37
2015.06.21 23:04:56.646,1.46277,1.46313,1.37,1.37
2015.06.21 23:04:56.951,1.4628,1.46316,1.07,1.75
2015.06.21 23:04:57.606,1.46276,1.46312,1.45,1.37
2015.06.21 23:04:57.710,1.46276,1.46312,1.15,1.12
2015.06.21 23:04:58.247,1.46274,1.46311,1.52,1.12
2015.06.21 23:04:58.969,1.46274,1.46313,1.52,1.87
2015.06.21 23:04:59.638,1.46274,1.46309,1.15,1.00
2015.06.21 23:05:00.333,1.46274,1.46313,1.15,1.75
2015.06.21 23:05:00.865,1.46275,1.46313,1.07,1.75
2015.06.21 23:05:00.916,1.46275,1.46313,1.00,1.75
2015.06.21 23:05:10.798,1.46274,1.46311,1.87,1.37
2015.06.21 23:05:11.307,1.46275,1.46311,1.00,1.37
2015.06.21 23:05:18.903,1.46275,1.46311,1.37,1.37
2015.06.21 23:05:19.493,1.46275,1.46313,2.02,1.75
2015.06.21 23:05:25.019,1.46277,1.46313,1.10,1.87
2015.06.21 23:05:26.769,1.46278,1.46313,1.50,1.87
2015.06.21 23:05:26.820,1.46278,1.46311,1.50,1.00
2015.06.21 23:05:26.922,1.46278,1.46313,1.50,1.87
2015.06.21 23:05:27.227,1.46276,1.46311,1.65,1.37
2015.06.21 23:05:28.742,1.46276,1.46312,2.02,1.75
2015.06.21 23:05:31.884,1.46278,1.46313,1.50,1.12
2015.06.21 23:05:31.935,1.46278,1.46313,1.75,1.37
2015.06.21 23:05:32.140,1.4628,1.46316,1.47,1.50
2015.06.21 23:05:32.191,1.46283,1.46318,1.37,1.50
2015.06.21 23:05:32.496,1.46284,1.4632,1.37,1.12
2015.06.21 23:05:34.310,1.46284,1.46322,1.87,2.62
2015.06.21 23:05:34.361,1.46287,1.46322,1.00,1.37
2015.06.21 23:05:34.867,1.46287,1.46323,1.37,1.12
2015.06.21 23:05:35.379,1.46287,1.46322,1.12,1.37
2015.06.21 23:05:37.120,1.46287,1.46323,1.37,1.12
2015.06.21 23:05:37.425,1.46288,1.46325,1.87,1.37
2015.06.21 23:05:37.527,1.46296,1.46329,1.00,2.25
2015.06.21 23:05:37.628,1.46296,1.46329,1.00,1.87
2015.06.21 23:05:37.680,1.463,1.46334,1.00,3.15
2015.06.21 23:05:37.731,1.463,1.46334,1.00,1.52
2015.06.21 23:05:37.935,1.46301,1.46334,1.10,1.12
2015.06.21 23:05:38.476,1.463,1.46334,1.12,1.12
2015.06.21 23:05:38.629,1.46298,1.46334,1.00,1.12
2015.06.21 23:05:39.175,1.46298,1.46333,1.00,1.12
2015.06.21 23:05:45.477,1.46295,1.46332,1.27,1.75
2015.06.21 23:05:45.528,1.46295,1.4633,1.27,1.37
2015.06.21 23:05:45.934,1.46294,1.46327,1.15,1.12
2015.06.21 23:05:45.985,1.46294,1.46327,1.00,1.12
2015.06.21 23:05:46.599,1.46292,1.46326,1.07,1.12
2015.06.21 23:05:47.914,1.46292,1.46327,1.07,1.12
2015.06.21 23:05:48.462,1.46292,1.46327,1.50,1.12
2015.06.21 23:05:48.973,1.46292,1.46325,1.00,1.12
2015.06.21 23:05:51.705,1.46293,1.46325,1.00,1.12
2015.06.21 23:05:52.241,1.46294,1.46325,1.00,1.12
2015.06.21 23:05:52.568,1.46296,1.46325,1.00,1.12
2015.06.21 23:05:52.822,1.46292,1.46329,1.00,1.75
2015.06.21 23:05:52.925,1.46294,1.46327,1.00,1.75
2015.06.21 23:05:54.966,1.46297,1.46328,1.00,1.75
2015.06.21 23:05:58.907,1.463,1.46328,1.00,1.75
2015.06.21 23:06:01.434,1.463,1.46328,1.00,1.00
2015.06.21 23:06:01.944,1.46299,1.46329,1.00,1.27
2015.06.21 23:06:01.995,1.46295,1.46329,1.00,1.27
2015.06.21 23:06:02.664,1.46297,1.46329,1.00,1.15
2015.06.21 23:06:02.905,1.46295,1.46331,1.00,1.57
2015.06.21 23:06:03.119,1.46297,1.46331,1.00,1.57
2015.06.21 23:06:03.777,1.46297,1.46331,1.00,1.27
2015.06.21 23:06:03.828,1.46297,1.46331,1.00,1.27
2015.06.21 23:06:05.744,1.46294,1.46331,1.50,1.27
2015.06.21 23:06:06.760,1.46294,1.46331,1.50,1.55
2015.06.21 23:06:07.438,1.46294,1.46331,1.50,1.55
2015.06.21 23:06:07.540,1.46296,1.46331,1.00,1.17
2015.06.21 23:06:08.232,1.46297,1.46331,1.00,1.00
2015.06.21 23:06:08.747,1.46298,1.46331,1.00,1.00
2015.06.21 23:06:11.207,1.46296,1.46331,1.00,1.00
2015.06.21 23:06:13.255,1.46297,1.46331,1.00,1.00
2015.06.21 23:06:15.216,1.46297,1.46331,1.00,1.07
2015.06.21 23:06:22.842,1.46293,1.46332,2.25,1.27
2015.06.21 23:06:27.643,1.46292,1.46329,1.12,1.00
2015.06.21 23:06:35.290,1.46292,1.46329,1.37,1.37
2015.06.21 23:06:37.997,1.46292,1.46329,1.00,1.37
2015.06.21 23:06:38.300,1.46292,1.46329,1.12,1.37
2015.06.21 23:06:38.706,1.4629,1.46328,3.00,2.25
2015.06.21 23:06:41.586,1.46291,1.46328,1.00,1.50
2015.06.21 23:06:43.150,1.46291,1.46328,1.37,1.37
2015.06.21 23:06:43.656,1.46292,1.46325,1.37,1.12
2015.06.21 23:06:44.609,1.46292,1.46325,1.00,1.12
2015.06.21 23:06:46.153,1.46293,1.46325,1.00,1.12
2015.06.21 23:06:46.808,1.46294,1.46328,1.00,1.37
2015.06.21 23:06:51.373,1.46294,1.46329,1.00,1.57
2015.06.21 23:06:51.525,1.46292,1.46327,1.87,1.37
2015.06.21 23:06:56.031,1.46294,1.46327,1.00,1.37
2015.06.21 23:06:56.082,1.46294,1.46327,1.00,1.00
2015.06.21 23:06:56.133,1.46294,1.46331,1.37,1.52
2015.06.21 23:06:56.438,1.463,1.46333,1.00,1.75
2015.06.21 23:06:58.386,1.46302,1.46335,1.00,1.75
2015.06.21 23:06:58.640,1.46303,1.46338,1.37,1.37
2015.06.21 23:06:58.691,1.46303,1.46338,1.37,1.00
2015.06.21 23:06:58.742,1.46307,1.46341,1.87,1.15
2015.06.21 23:06:58.794,1.46308,1.46342,1.00,1.12
2015.06.21 23:06:59.337,1.46309,1.46344,1.00,1.55
2015.06.21 23:06:59.876,1.4631,1.46341,1.00,1.00
2015.06.21 23:07:00.600,1.4631,1.46342,1.00,1.12
2015.06.21 23:07:09.069,1.4631,1.46343,1.00,1.75
2015.06.21 23:07:09.171,1.46307,1.46338,1.00,1.75
2015.06.21 23:07:09.374,1.46302,1.46338,1.37,1.75
2015.06.21 23:07:09.425,1.46302,1.46337,1.37,1.50
2015.06.21 23:07:11.777,1.46302,1.46335,1.87,1.37
2015.06.21 23:07:19.602,1.46301,1.46336,1.00,1.95
2015.06.21 23:07:23.006,1.463,1.46335,1.00,2.02
2015.06.21 23:07:23.058,1.46294,1.46328,1.37,1.37
2015.06.21 23:07:23.261,1.46293,1.46328,1.00,1.37
2015.06.21 23:07:23.767,1.46293,1.46324,1.00,1.00
2015.06.21 23:07:23.891,1.46293,1.46324,1.00,1.37
2015.06.21 23:07:24.144,1.46286,1.4632,1.12,1.12
2015.06.21 23:07:25.159,1.46284,1.46319,1.07,1.00
2015.06.21 23:07:25.721,1.46286,1.46319,1.00,1.00
2015.06.21 23:07:27.447,1.46285,1.46319,1.57,1.00
2015.06.21 23:07:28.893,1.46286,1.46319,1.50,1.00
2015.06.21 23:07:29.698,1.46286,1.46317,1.00,1.00
2015.06.21 23:07:30.452,1.46285,1.46317,1.10,1.00
2015.06.21 23:07:31.764,1.46286,1.46317,1.00,1.00
2015.06.21 23:07:47.225,1.46283,1.46317,1.37,1.00
2015.06.21 23:07:48.385,1.46281,1.46317,2.77,1.37
2015.06.21 23:07:48.931,1.46282,1.46317,1.37,1.37
2015.06.21 23:08:00.426,1.46283,1.46317,1.37,1.00
2015.06.21 23:08:00.628,1.46292,1.46317,1.00,1.00
2015.06.21 23:08:01.223,1.46292,1.4632,1.00,1.50
2015.06.21 23:08:03.753,1.46292,1.46317,1.00,1.00
2015.06.21 23:08:03.855,1.4629,1.46317,1.00,1.00
2015.06.21 23:08:05.675,1.46288,1.46317,1.00,1.00
2015.06.21 23:08:13.425,1.46289,1.46317,1.00,1.00
2015.06.21 23:08:15.861,1.46289,1.46318,1.00,1.00
2015.06.21 23:08:16.322,1.4629,1.46321,1.00,1.12
2015.06.21 23:08:16.424,1.46291,1.46325,1.87,1.95
2015.06.21 23:08:16.526,1.46296,1.46331,1.00,1.65
2015.06.21 23:08:16.577,1.46298,1.46331,1.00,1.00
2015.06.21 23:08:16.629,1.46296,1.46326,1.00,1.37
2015.06.21 23:08:16.934,1.46289,1.46323,1.12,1.75
2015.06.21 23:08:17.442,1.46288,1.46321,1.00,1.75
2015.06.21 23:08:19.565,1.46285,1.46319,1.27,1.37
2015.06.21 23:08:19.768,1.46285,1.46318,1.00,1.50
2015.06.21 23:08:20.425,1.46284,1.46316,1.50,1.12
2015.06.21 23:08:20.752,1.46286,1.46316,1.00,1.12
2015.06.21 23:08:21.168,1.46284,1.46316,1.00,1.12
2015.06.21 23:08:21.692,1.46283,1.46316,2.70,1.12
2015.06.21 23:08:22.244,1.46284,1.46316,1.00,1.12
2015.06.21 23:08:22.857,1.46283,1.46316,2.70,1.12
2015.06.21 23:08:23.139,1.46284,1.46316,1.37,1.00
2015.06.21 23:08:23.190,1.46284,1.46318,1.37,1.12
2015.06.21 23:08:24.595,1.46288,1.46318,1.00,1.00
2015.06.21 23:08:25.169,1.46287,1.46318,1.00,1.00
2015.06.21 23:08:25.579,1.46287,1.4632,1.00,1.12
2015.06.21 23:08:26.087,1.46288,1.4632,1.00,1.12
2015.06.21 23:08:28.894,1.46286,1.4632,1.12,1.12
2015.06.21 23:08:29.075,1.46288,1.4632,1.00,1.12
2015.06.21 23:08:29.676,1.46287,1.4632,1.00,1.12
2015.06.21 23:08:30.292,1.46288,1.46321,1.00,1.37
2015.06.21 23:08:30.616,1.46293,1.46321,1.00,1.37
2015.06.21 23:08:31.304,1.46295,1.46321,1.00,1.37
2015.06.21 23:08:32.668,1.46296,1.46323,1.00,1.37
2015.06.21 23:08:35.214,1.46298,1.46323,1.00,1.37
2015.06.21 23:08:35.418,1.46296,1.46323,1.50,1.37
2015.06.21 23:08:36.365,1.46297,1.46323,1.00,1.37
2015.06.21 23:08:36.923,1.46298,1.46323,1.00,1.37
2015.06.21 23:08:37.445,1.46298,1.46323,1.00,1.37
2015.06.21 23:08:37.496,1.46298,1.46323,1.00,1.12
2015.06.21 23:08:37.699,1.46305,1.46323,1.00,1.37
2015.06.21 23:08:38.145,1.46305,1.46329,1.00,1.37
2015.06.21 23:08:38.201,1.46304,1.46333,1.00,1.17
2015.06.21 23:08:38.252,1.46308,1.46333,1.00,1.00
2015.06.21 23:08:38.354,1.46308,1.46335,1.00,1.12
2015.06.21 23:08:38.557,1.46307,1.46337,1.00,1.00
2015.06.21 23:08:38.609,1.4631,1.46337,1.00,1.00
2015.06.21 23:08:38.913,1.46308,1.46339,1.00,1.47
2015.06.21 23:08:38.964,1.46308,1.46339,1.00,1.10
2015.06.21 23:08:39.015,1.46312,1.46339,1.00,1.10
2015.06.21 23:08:39.319,1.46312,1.46337,1.00,1.37
2015.06.21 23:08:39.849,1.4631,1.46337,1.00,1.37
2015.06.21 23:08:40.365,1.46307,1.46336,1.00,1.37
2015.06.21 23:08:40.416,1.46307,1.46336,1.00,1.50
2015.06.21 23:08:43.904,1.46307,1.46336,1.00,1.50
2015.06.21 23:08:44.513,1.46307,1.46338,1.00,1.37
2015.06.21 23:08:45.402,1.46305,1.46338,1.00,1.37
2015.06.21 23:08:47.048,1.46307,1.46338,1.00,1.37
2015.06.21 23:08:47.449,1.46302,1.46338,1.00,1.37
2015.06.21 23:08:50.455,1.46302,1.46335,1.00,1.00
2015.06.21 23:08:51.286,1.46302,1.46334,1.00,1.00
2015.06.21 23:08:51.337,1.463,1.46334,1.00,1.00
2015.06.21 23:08:54.294,1.463,1.46334,1.00,1.37
2015.06.21 23:08:54.725,1.46299,1.46333,1.00,1.37
2015.06.21 23:09:02.846,1.46299,1.46333,1.00,1.37
2015.06.21 23:09:03.111,1.46301,1.46333,1.00,1.00
2015.06.21 23:09:03.417,1.46304,1.46333,1.00,1.00
2015.06.21 23:09:03.468,1.46304,1.46336,1.00,1.50
2015.06.21 23:09:03.824,1.46303,1.46338,1.00,1.12
2015.06.21 23:09:04.529,1.46305,1.46338,1.12,1.00
2015.06.21 23:09:04.841,1.46304,1.46332,1.00,1.00
2015.06.21 23:09:04.892,1.46296,1.46332,1.87,1.00
2015.06.21 23:09:04.943,1.46296,1.46332,1.00,1.37
2015.06.21 23:09:04.994,1.46292,1.46324,1.65,1.00
2015.06.21 23:09:05.096,1.46291,1.46324,1.00,1.00
2015.06.21 23:09:05.623,1.46288,1.46324,1.50,1.12
2015.06.21 23:09:06.313,1.46288,1.46324,1.87,1.50
2015.06.21 23:09:06.465,1.46288,1.46324,1.87,1.50
2015.06.21 23:09:06.769,1.46288,1.46317,1.00,1.37
2015.06.21 23:09:07.073,1.46288,1.46317,1.00,1.37
2015.06.21 23:09:25.021,1.46286,1.46318,1.00,2.25
2015.06.21 23:09:26.245,1.46285,1.46318,1.00,3.00
2015.06.21 23:09:30.068,1.46282,1.46316,2.25,1.37
2015.06.21 23:09:31.072,1.46282,1.46316,1.87,1.37
2015.06.21 23:09:31.145,1.46285,1.46316,1.00,1.37
2015.06.21 23:09:32.776,1.46285,1.46317,1.37,1.50
2015.06.21 23:09:33.081,1.46298,1.46318,1.00,1.87
2015.06.21 23:09:33.382,1.46298,1.46321,1.00,1.00
2015.06.21 23:09:33.433,1.4629,1.46321,1.12,1.00
2015.06.21 23:09:33.959,1.46289,1.46321,1.12,1.12
2015.06.21 23:09:34.579,1.46289,1.46321,2.25,1.50
2015.06.21 23:09:35.314,1.46289,1.46321,1.87,1.12
2015.06.21 23:09:35.366,1.46289,1.46312,1.00,1.87
2015.06.21 23:09:35.417,1.46281,1.4631,1.57,1.75
2015.06.21 23:09:35.570,1.46277,1.4631,1.12,1.75
2015.06.21 23:09:35.621,1.46275,1.46305,1.27,1.37
2015.06.21 23:09:35.723,1.46272,1.46305,1.50,2.25
2015.06.21 23:09:37.203,1.46269,1.46301,1.00,1.75
2015.06.21 23:09:37.811,1.46266,1.46301,1.37,2.25
2015.06.21 23:09:37.913,1.46264,1.46296,1.52,1.00
2015.06.21 23:09:45.431,1.46264,1.46297,1.37,1.00
2015.06.21 23:09:45.482,1.46264,1.463,1.87,1.37
2015.06.21 23:09:45.635,1.46264,1.46302,3.75,1.37
2015.06.21 23:09:46.849,1.46266,1.46299,1.37,1.00
2015.06.21 23:09:47.526,1.46265,1.46302,1.37,1.37
2015.06.21 23:09:49.132,1.46265,1.46298,1.37,1.00
2015.06.21 23:09:49.183,1.46265,1.463,1.87,1.12
2015.06.21 23:09:51.957,1.46264,1.46297,1.87,1.37
2015.06.21 23:09:52.262,1.46264,1.4629,1.00,1.00
2015.06.21 23:09:52.313,1.4626,1.4629,1.00,1.00
2015.06.21 23:09:52.365,1.46263,1.4629,1.00,1.00
2015.06.21 23:09:52.619,1.46263,1.46297,1.87,1.12
2015.06.21 23:09:52.824,1.46264,1.46297,1.00,1.00
2015.06.21 23:09:53.256,1.4627,1.46303,1.00,1.37
2015.06.21 23:09:53.368,1.46268,1.46303,1.00,1.37
2015.06.21 23:09:53.896,1.46268,1.46303,1.37,1.50
2015.06.21 23:09:56.365,1.46268,1.46303,1.37,1.50
2015.06.21 23:09:56.619,1.46266,1.463,1.00,1.12
2015.06.21 23:09:57.250,1.46264,1.463,2.62,1.12
2015.06.21 23:09:58.121,1.46264,1.463,1.87,1.37
2015.06.21 23:09:59.062,1.46265,1.463,1.37,1.00
2015.06.21 23:10:00.896,1.46264,1.463,3.00,2.25
2015.06.21 23:10:00.947,1.46265,1.463,1.37,2.25
2015.06.21 23:10:01.352,1.46264,1.463,1.75,2.25
2015.06.21 23:10:01.525,1.46264,1.463,1.00,1.87
2015.06.21 23:10:03.371,1.46264,1.463,1.37,2.25
2015.06.21 23:10:04.881,1.46264,1.463,1.37,1.50
2015.06.21 23:10:06.878,1.46266,1.463,1.37,1.50
2015.06.21 23:10:07.133,1.46276,1.463,1.00,1.00
2015.06.21 23:10:07.439,1.46278,1.46303,1.00,1.37
2015.06.21 23:10:07.625,1.46278,1.46303,1.00,1.00
2015.06.21 23:10:14.724,1.46274,1.46303,1.00,1.00
2015.06.21 23:10:14.827,1.46278,1.46303,1.00,1.00
2015.06.21 23:10:14.928,1.46279,1.4631,1.00,1.37
2015.06.21 23:10:15.030,1.46279,1.46311,1.00,1.12
2015.06.21 23:10:15.082,1.46274,1.46311,1.00,1.12
2015.06.21 23:10:15.133,1.46269,1.46309,1.90,1.50
2015.06.21 23:10:15.488,1.46274,1.46309,1.37,1.00
2015.06.21 23:10:16.046,1.46275,1.46312,1.37,1.87
2015.06.21 23:10:16.560,1.46273,1.46312,2.25,1.87
2015.06.21 23:10:17.688,1.46274,1.4631,1.37,1.12
2015.06.21 23:10:18.296,1.46273,1.4631,1.87,1.50
2015.06.21 23:10:20.346,1.46274,1.46311,1.37,1.87
2015.06.21 23:10:20.630,1.46273,1.46311,1.37,2.25
2015.06.21 23:10:21.706,1.46271,1.46306,1.47,1.87
2015.06.21 23:10:22.916,1.46272,1.46306,1.37,1.87
2015.06.21 23:10:25.636,1.46273,1.46306,1.37,1.75
2015.06.21 23:10:27.203,1.46275,1.46309,1.37,1.75
2015.06.21 23:10:28.089,1.46275,1.4631,1.37,1.50
2015.06.21 23:10:28.141,1.46283,1.46311,1.00,1.00
2015.06.21 23:10:28.819,1.46283,1.46316,1.00,1.75
2015.06.21 23:10:29.420,1.46283,1.46317,1.00,1.75
2015.06.21 23:10:29.522,1.46283,1.46317,1.37,1.87
2015.06.21 23:10:33.090,1.46283,1.46317,1.37,2.25
2015.06.21 23:10:33.424,1.46283,1.46317,1.37,2.62
2015.06.21 23:10:33.941,1.46283,1.46316,1.12,1.87
2015.06.21 23:10:35.725,1.46283,1.46316,1.00,1.75
2015.06.21 23:10:41.306,1.46283,1.46315,1.00,1.50
2015.06.21 23:10:41.857,1.46283,1.46316,1.12,2.25
2015.06.21 23:10:42.204,1.46283,1.46316,1.37,2.25
2015.06.21 23:10:48.825,1.46284,1.46317,1.37,1.50
2015.06.21 23:10:48.927,1.46286,1.46317,1.37,1.12
2015.06.21 23:10:49.130,1.4629,1.46317,1.37,1.50
2015.06.21 23:10:52.016,1.46291,1.4632,1.37,1.37
2015.06.21 23:10:52.168,1.46295,1.46324,1.00,1.75
2015.06.21 23:10:52.372,1.46293,1.46324,1.87,1.37
2015.06.21 23:10:52.423,1.46295,1.46324,1.00,1.00
2015.06.21 23:10:52.474,1.46295,1.46327,1.50,1.12
2015.06.21 23:10:52.576,1.463,1.46327,1.00,1.12
2015.06.21 23:10:54.797,1.463,1.46329,1.00,1.37
2015.06.21 23:10:55.232,1.46299,1.46329,1.12,1.75
2015.06.21 23:11:00.405,1.46301,1.46329,1.00,1.37
2015.06.21 23:11:00.710,1.463,1.46331,1.37,1.50
2015.06.21 23:11:03.826,1.463,1.46331,1.37,1.75
2015.06.21 23:11:04.079,1.46303,1.46331,1.37,1.37
2015.06.21 23:11:04.658,1.46303,1.46331,1.12,1.37
2015.06.21 23:11:04.709,1.46304,1.46331,1.87,1.50
2015.06.21 23:11:05.036,1.46306,1.46338,1.37,2.25
2015.06.21 23:11:05.138,1.46306,1.46335,1.37,1.00
2015.06.21 23:11:05.342,1.46306,1.46338,1.87,1.75
2015.06.21 23:11:05.444,1.46305,1.46338,2.62,2.25
2015.06.21 23:11:05.647,1.46305,1.46338,1.87,2.25
2015.06.21 23:11:06.345,1.46305,1.46338,2.25,2.25
2015.06.21 23:11:06.834,1.46309,1.46338,1.37,1.75
2015.06.21 23:11:07.423,1.4631,1.46338,1.12,1.37
2015.06.21 23:11:11.842,1.46307,1.46339,1.37,2.25
2015.06.21 23:11:11.893,1.46307,1.46336,1.37,2.25
2015.06.21 23:11:12.148,1.46299,1.4633,1.37,1.50
2015.06.21 23:11:12.351,1.46297,1.4633,1.50,1.37
2015.06.21 23:11:12.402,1.46296,1.46328,2.32,1.37
2015.06.21 23:11:12.707,1.46296,1.46318,1.00,1.00
2015.06.21 23:11:12.809,1.46287,1.46318,2.40,1.00
2015.06.21 23:11:13.220,1.46284,1.46312,1.00,1.00
2015.06.21 23:11:13.823,1.46282,1.46312,1.15,1.00
2015.06.21 23:11:14.768,1.46281,1.46312,2.02,1.12
2015.06.21 23:11:17.623,1.46281,1.46308,1.52,1.00
2015.06.21 23:11:17.675,1.46281,1.46308,1.15,1.00
2015.06.21 23:11:18.191,1.46281,1.46308,1.37,1.37
2015.06.21 23:11:18.677,1.46276,1.46308,1.37,1.37
2015.06.21 23:11:19.099,1.46276,1.46308,1.37,1.87
2015.06.21 23:11:19.443,1.46276,1.46308,2.25,1.75
2015.06.21 23:11:19.897,1.46276,1.46306,1.87,1.00
2015.06.21 23:11:20.593,1.46276,1.46308,1.37,1.37
2015.06.21 23:11:20.803,1.46279,1.46308,1.37,1.37
2015.06.21 23:11:20.854,1.46279,1.46308,1.37,1.12
2015.06.21 23:11:21.364,1.46281,1.4631,1.12,1.50
2015.06.21 23:11:21.623,1.4628,1.46313,1.37,3.00
2015.06.21 23:11:21.882,1.46282,1.4631,1.00,1.00
2015.06.21 23:11:24.394,1.4628,1.46313,1.87,1.50
2015.06.21 23:11:24.496,1.46284,1.46314,1.00,1.00
2015.06.21 23:11:24.833,1.46287,1.46319,1.00,2.25
2015.06.21 23:11:25.499,1.46287,1.46314,1.00,1.00
2015.06.21 23:11:25.954,1.46283,1.46314,1.00,1.37
2015.06.21 23:11:26.891,1.46281,1.46312,1.00,1.00
2015.06.21 23:11:26.942,1.4628,1.46311,1.37,1.00
2015.06.21 23:11:26.994,1.4628,1.46311,1.00,1.12
2015.06.21 23:11:27.198,1.4628,1.46309,1.00,1.00
2015.06.21 23:11:27.503,1.46284,1.46312,1.00,1.50
2015.06.21 23:11:27.810,1.46292,1.46319,1.00,1.50
2015.06.21 23:11:28.457,1.4629,1.46319,1.00,1.50
2015.06.21 23:11:30.163,1.4629,1.46319,1.37,1.50
2015.06.21 23:11:30.665,1.46306,1.46331,1.00,1.00
2015.06.21 23:11:30.717,1.46306,1.46333,1.00,1.00
2015.06.21 23:11:31.124,1.46303,1.46334,1.00,1.12
2015.06.21 23:11:31.328,1.46303,1.46332,1.00,1.00
2015.06.21 23:11:31.860,1.46303,1.46331,1.00,1.50
2015.06.21 23:11:33.615,1.4631,1.46334,1.37,1.00
2015.06.21 23:11:33.666,1.4631,1.46338,1.00,1.00
2015.06.21 23:11:33.718,1.46313,1.4634,1.00,1.00
2015.06.21 23:11:33.820,1.46313,1.46343,1.00,1.00
2015.06.21 23:11:33.974,1.46315,1.46343,1.00,1.00
2015.06.21 23:11:34.076,1.46313,1.46343,1.00,1.00
2015.06.21 23:11:34.127,1.46313,1.46345,1.00,1.00
2015.06.21 23:11:34.229,1.4631,1.46344,1.10,1.50
2015.06.21 23:11:34.331,1.46309,1.46342,2.02,1.00
2015.06.21 23:11:35.310,1.46311,1.46343,1.37,1.50
2015.06.21 23:11:35.616,1.46311,1.46341,1.37,1.00
2015.06.21 23:11:36.434,1.46311,1.46341,1.75,1.00
2015.06.21 23:11:36.957,1.46314,1.46342,1.37,1.00
2015.06.21 23:11:37.428,1.46313,1.46342,1.37,1.50
2015.06.21 23:11:37.531,1.4631,1.46342,1.37,1.00
2015.06.21 23:11:37.583,1.46315,1.46342,1.00,1.50
2015.06.21 23:11:37.789,1.4631,1.46339,1.12,1.12
2015.06.21 23:11:37.943,1.46307,1.46336,1.37,1.00
2015.06.21 23:11:39.024,1.46307,1.46338,1.37,2.25
2015.06.21 23:11:39.126,1.46305,1.46337,1.00,1.12
2015.06.21 23:11:39.228,1.46305,1.46332,1.00,1.00
2015.06.21 23:11:39.534,1.46307,1.46334,1.37,1.00
2015.06.21 23:11:39.636,1.46309,1.46337,1.12,1.00
2015.06.21 23:11:39.738,1.46308,1.4634,1.37,1.00
2015.06.21 23:11:39.789,1.46313,1.4634,1.00,1.00
2015.06.21 23:11:39.942,1.46314,1.46343,1.00,1.00
2015.06.21 23:11:40.443,1.46314,1.4634,1.00,1.00
2015.06.21 23:11:40.759,1.46314,1.46337,1.00,1.50
2015.06.21 23:11:42.416,1.46314,1.46337,2.25,1.00
2015.06.21 23:11:42.468,1.46313,1.46341,1.75,1.00
2015.06.21 23:11:42.570,1.4632,1.46345,1.00,1.00
2015.06.21 23:11:42.622,1.4632,1.46343,1.00,1.00
2015.06.21 23:11:43.172,1.46318,1.46342,1.37,1.00
2015.06.21 23:11:43.872,1.46315,1.46342,1.37,1.00
2015.06.21 23:11:44.306,1.46309,1.46342,1.37,1.12
2015.06.21 23:11:44.358,1.46309,1.46338,1.37,1.00
2015.06.21 23:11:44.512,1.46309,1.46337,1.37,1.50
2015.06.21 23:11:44.817,1.46309,1.46338,1.37,1.00
2015.06.21 23:11:45.674,1.4632,1.46341,1.37,1.00
2015.06.21 23:11:45.777,1.46318,1.46349,1.37,1.50
2015.06.21 23:11:45.982,1.46321,1.46351,1.00,1.50
2015.06.21 23:11:46.288,1.46318,1.46349,1.37,1.00
2015.06.21 23:11:46.593,1.46318,1.46346,1.00,1.00
2015.06.21 23:11:47.731,1.46316,1.46346,1.00,1.00
2015.06.21 23:11:47.884,1.46316,1.46344,1.00,1.00
2015.06.21 23:11:48.189,1.46314,1.46341,1.00,1.50
2015.06.21 23:11:48.494,1.46316,1.46342,1.50,1.00
2015.06.21 23:11:48.822,1.46319,1.4635,1.00,1.00
2015.06.21 23:11:48.874,1.46319,1.46346,1.00,1.50
2015.06.21 23:11:49.180,1.46318,1.46344,1.00,1.00
2015.06.21 23:11:49.695,1.4632,1.46344,1.00,1.00
2015.06.21 23:11:49.746,1.4632,1.46346,1.37,1.00
2015.06.21 23:11:49.848,1.46318,1.4635,1.37,1.50
2015.06.21 23:11:50.349,1.46322,1.46349,1.00,1.00
2015.06.21 23:11:51.438,1.46322,1.46349,1.37,1.00
2015.06.21 23:11:51.744,1.46325,1.46347,1.00,1.00
2015.06.21 23:11:54.688,1.46325,1.46348,1.00,1.00
2015.06.21 23:11:54.739,1.4632,1.4635,2.02,1.00
2015.06.21 23:11:54.791,1.4632,1.46348,1.20,1.00
2015.06.21 23:11:54.843,1.46316,1.46348,1.37,1.00
2015.06.21 23:11:55.046,1.46316,1.46346,1.00,1.00
2015.06.21 23:11:55.352,1.46319,1.46347,1.00,1.00
2015.06.21 23:11:55.659,1.46317,1.46347,1.00,1.00
2015.06.21 23:11:56.011,1.46316,1.46342,1.00,1.00
2015.06.21 23:11:56.326,1.46316,1.4634,1.00,1.00
2015.06.21 23:11:56.529,1.4631,1.4634,1.00,1.00
2015.06.21 23:11:57.648,1.46317,1.4635,1.37,1.37
2015.06.21 23:11:57.954,1.46318,1.46347,1.37,1.50
2015.06.21 23:11:58.241,1.46314,1.46343,1.00,1.00
2015.06.21 23:11:58.292,1.46306,1.46341,2.32,1.50
2015.06.21 23:11:58.344,1.46306,1.46341,1.87,1.50
2015.06.21 23:11:58.396,1.46305,1.46339,1.37,1.50
2015.06.21 23:11:59.033,1.46305,1.46338,1.00,2.25
2015.06.21 23:11:59.338,1.46301,1.46335,1.00,1.37
2015.06.21 23:11:59.389,1.46298,1.46333,1.12,1.37
2015.06.21 23:11:59.564,1.46298,1.46333,1.50,1.37
2015.06.21 23:11:59.838,1.46298,1.46333,1.50,1.37
2015.06.21 23:12:00.086,1.46298,1.46333,1.37,1.37
2015.06.21 23:12:00.697,1.463,1.46334,1.87,1.00
2015.06.21 23:12:00.755,1.46304,1.46335,1.37,1.50
2015.06.21 23:12:01.092,1.46304,1.46335,1.37,1.50
2015.06.21 23:12:01.194,1.46304,1.46337,1.37,1.50
2015.06.21 23:12:01.347,1.46304,1.46337,1.00,1.50
2015.06.21 23:12:01.448,1.46304,1.46337,1.37,1.50
2015.06.21 23:12:01.816,1.46304,1.46335,1.37,1.00
2015.06.21 23:12:02.280,1.46303,1.46335,1.37,1.50
2015.06.21 23:12:02.466,1.46304,1.46335,1.37,1.50
2015.06.21 23:12:02.785,1.463,1.46334,1.37,2.62
2015.06.21 23:12:03.090,1.46299,1.46334,1.87,3.00
2015.06.21 23:12:03.192,1.46301,1.46334,1.37,2.62
2015.06.21 23:12:03.345,1.46308,1.46334,1.00,2.62
2015.06.21 23:12:03.548,1.46306,1.46334,1.00,2.62
2015.06.21 23:12:04.163,1.46306,1.46327,1.00,2.25
2015.06.21 23:12:04.215,1.46294,1.46323,1.00,1.00
2015.06.21 23:12:04.317,1.46288,1.46321,4.27,1.00
2015.06.21 23:12:04.369,1.46288,1.46321,2.02,1.00
2015.06.21 23:12:05.023,1.46288,1.4632,1.37,1.00
2015.06.21 23:12:05.737,1.4629,1.46319,1.00,1.00
2015.06.21 23:12:06.334,1.46289,1.46319,1.00,1.00
2015.06.21 23:12:07.875,1.46292,1.46319,1.00,1.00
2015.06.21 23:12:22.025,1.46293,1.46319,1.00,1.00
2015.06.21 23:12:24.264,1.46293,1.4632,1.00,1.00
2015.06.21 23:12:24.784,1.46292,1.4632,1.00,1.00
2015.06.21 23:12:28.088,1.46289,1.4632,1.00,1.37
2015.06.21 23:12:28.241,1.46289,1.46317,1.00,1.00
2015.06.21 23:12:33.590,1.46291,1.46317,1.00,1.00
2015.06.21 23:12:39.249,1.46291,1.46318,1.00,1.12
2015.06.21 23:12:42.236,1.46291,1.4632,1.00,1.50
2015.06.21 23:12:42.786,1.46291,1.4632,1.00,1.87
2015.06.21 23:12:50.261,1.46291,1.46318,1.00,1.50
2015.06.21 23:12:53.230,1.46291,1.46317,1.00,1.00
2015.06.21 23:12:53.890,1.46291,1.46316,1.00,1.00
2015.06.21 23:12:58.436,1.46291,1.46316,1.00,1.37
2015.06.21 23:12:58.741,1.46291,1.46316,1.00,1.00
2015.06.21 23:13:00.852,1.46294,1.46316,1.00,1.00
2015.06.21 23:13:02.162,1.46294,1.46316,1.00,1.37
2015.06.21 23:13:03.242,1.46294,1.46316,1.00,1.12
2015.06.21 23:13:04.086,1.46294,1.46315,1.00,1.12
2015.06.21 23:13:04.392,1.46286,1.46308,1.00,1.12
2015.06.21 23:13:04.444,1.46286,1.46304,1.00,1.00
2015.06.21 23:13:04.495,1.46281,1.46303,1.00,1.00
2015.06.21 23:13:07.800,1.46281,1.46307,1.00,1.00
2015.06.21 23:13:09.882,1.46283,1.46307,1.00,1.00
2015.06.21 23:13:21.054,1.46283,1.46302,1.00,1.00
2015.06.21 23:13:21.105,1.4628,1.46302,1.00,1.00
2015.06.21 23:13:21.156,1.4628,1.46296,1.00,1.00
2015.06.21 23:13:21.207,1.46274,1.46296,1.17,1.00
2015.06.21 23:13:21.360,1.46271,1.46296,1.00,1.50
2015.06.21 23:13:21.462,1.4627,1.46294,1.00,1.00
2015.06.21 23:13:21.563,1.46266,1.46293,1.00,1.00
2015.06.21 23:13:22.088,1.46266,1.46294,1.00,1.00
2015.06.21 23:13:22.146,1.46266,1.46296,1.00,1.00
2015.06.21 23:13:22.451,1.46264,1.46296,1.00,1.00
2015.06.21 23:13:22.553,1.46271,1.46295,1.00,1.00
2015.06.21 23:13:23.060,1.46271,1.46296,1.00,1.00
2015.06.21 23:13:24.102,1.46275,1.46296,1.00,1.00
2015.06.21 23:13:24.611,1.46275,1.46295,1.00,1.00
2015.06.21 23:13:25.119,1.46275,1.46296,1.00,1.00
2015.06.21 23:13:25.629,1.46276,1.46296,1.00,1.50
2015.06.21 23:13:29.671,1.46272,1.46296,1.00,1.50
2015.06.21 23:13:32.522,1.46272,1.46298,1.00,1.00
2015.06.21 23:13:32.624,1.46273,1.46306,1.00,3.82
2015.06.21 23:13:32.827,1.46273,1.46306,1.37,1.37
2015.06.21 23:13:33.323,1.46284,1.46313,1.00,1.00
2015.06.21 23:13:33.653,1.46289,1.46315,1.00,1.00
2015.06.21 23:13:33.856,1.46287,1.46315,1.00,1.00
2015.06.21 23:13:34.623,1.4628,1.46315,1.10,1.50
2015.06.21 23:13:36.602,1.46281,1.46315,1.00,1.00
2015.06.21 23:13:36.654,1.46282,1.46313,1.00,1.00
2015.06.21 23:13:36.857,1.46284,1.46317,1.00,1.00
2015.06.21 23:13:37.671,1.46284,1.46318,1.00,1.12
2015.06.21 23:13:37.824,1.46291,1.46318,1.00,1.12
2015.06.21 23:13:40.152,1.46292,1.46321,1.00,1.87
2015.06.21 23:13:40.771,1.46292,1.46319,1.00,1.12
2015.06.21 23:13:45.083,1.46287,1.4632,1.00,1.87
2015.06.21 23:13:45.387,1.46287,1.46315,1.00,1.00
2015.06.21 23:13:45.716,1.46287,1.46318,1.00,1.37
2015.06.21 23:13:45.768,1.46284,1.46317,1.00,1.12
2015.06.21 23:13:47.370,1.46284,1.46316,1.00,1.00
2015.06.21 23:13:49.358,1.46284,1.46317,1.00,1.00
2015.06.21 23:13:50.018,1.46284,1.46316,1.00,1.00
2015.06.21 23:13:50.581,1.46282,1.46315,1.95,1.00
2015.06.21 23:13:51.266,1.46284,1.46315,1.12,1.87
2015.06.21 23:13:51.723,1.46284,1.46319,2.70,3.00
2015.06.21 23:13:53.198,1.46284,1.46318,3.07,1.00
2015.06.21 23:13:53.352,1.46284,1.46316,1.95,1.00
2015.06.21 23:13:54.040,1.46285,1.4632,2.02,2.25
2015.06.21 23:13:58.248,1.46289,1.46323,1.00,1.00
2015.06.21 23:13:58.300,1.46292,1.46323,1.00,1.00
2015.06.21 23:13:58.807,1.46292,1.46324,1.00,1.00
2015.06.21 23:14:05.780,1.46292,1.46326,1.00,1.50
2015.06.21 23:14:08.323,1.46291,1.46326,2.62,1.50
2015.06.21 23:14:10.272,1.46292,1.46325,1.00,1.00
2015.06.21 23:14:12.265,1.46293,1.46325,1.00,1.00
2015.06.21 23:14:12.322,1.46295,1.46325,1.00,1.00
2015.06.21 23:14:12.627,1.46308,1.46333,1.00,1.37
2015.06.21 23:14:12.678,1.46308,1.46333,1.00,1.00
2015.06.21 23:14:13.308,1.46312,1.46343,1.00,1.87
2015.06.21 23:14:13.359,1.46314,1.46343,1.00,1.00
2015.06.21 23:14:13.562,1.46314,1.46346,1.00,2.25
2015.06.21 23:14:15.107,1.46314,1.46345,1.00,1.00
2015.06.21 23:14:15.462,1.46316,1.46345,1.00,1.00
2015.06.21 23:14:16.160,1.46316,1.46343,1.00,1.00
2015.06.21 23:14:16.547,1.46316,1.46336,1.00,1.00
2015.06.21 23:14:16.598,1.46313,1.46336,1.00,1.00
2015.06.21 23:14:16.801,1.46313,1.46336,1.37,1.00
2015.06.21 23:14:16.904,1.46315,1.46343,1.37,1.00
2015.06.21 23:14:16.956,1.46318,1.46346,1.12,1.00
2015.06.21 23:14:17.007,1.46319,1.46352,1.00,1.50
2015.06.21 23:14:17.514,1.46316,1.4635,1.12,1.50
2015.06.21 23:14:18.022,1.46316,1.46349,1.12,1.00
2015.06.21 23:14:20.072,1.46316,1.46348,1.00,1.00
2015.06.21 23:14:21.658,1.46316,1.46349,1.00,1.00
2015.06.21 23:14:22.209,1.46316,1.46348,1.37,1.00
2015.06.21 23:14:22.744,1.46316,1.46348,1.12,1.00
2015.06.21 23:14:24.078,1.46316,1.46349,1.12,1.00
2015.06.21 23:14:24.433,1.46316,1.46349,1.37,1.00
2015.06.21 23:14:24.738,1.46316,1.46348,1.00,1.00
2015.06.21 23:14:25.355,1.46316,1.46348,1.37,1.00
2015.06.21 23:14:25.407,1.46316,1.46348,1.00,1.00
2015.06.21 23:14:26.376,1.46316,1.4635,1.00,2.25
2015.06.21 23:14:30.333,1.46316,1.46348,1.12,1.00
2015.06.21 23:14:30.627,1.46314,1.46349,1.00,1.50
2015.06.21 23:14:30.881,1.46315,1.46344,1.00,1.00
2015.06.21 23:14:30.933,1.4631,1.46344,1.37,1.50
2015.06.21 23:14:31.468,1.46312,1.46345,1.37,1.50
2015.06.21 23:14:32.047,1.46311,1.46344,1.37,1.00
2015.06.21 23:14:33.724,1.46311,1.46344,1.00,1.00
2015.06.21 23:14:35.130,1.46312,1.46347,2.62,1.50
2015.06.21 23:14:35.946,1.46314,1.46346,1.37,1.00
2015.06.21 23:14:37.867,1.46316,1.46346,1.00,1.00
2015.06.21 23:14:38.188,1.46314,1.46343,1.00,1.37
2015.06.21 23:14:46.777,1.46314,1.46342,1.00,1.37
2015.06.21 23:14:47.891,1.46315,1.46342,1.00,1.00
2015.06.21 23:14:48.876,1.46313,1.46342,1.00,1.00
2015.06.21 23:14:48.979,1.46314,1.46349,1.37,3.00
2015.06.21 23:14:49.081,1.46314,1.46349,1.37,2.02
2015.06.21 23:14:49.132,1.46321,1.46349,1.00,1.65
2015.06.21 23:14:49.663,1.46321,1.46349,1.00,1.00
2015.06.21 23:14:54.057,1.46314,1.46343,2.25,1.37
2015.06.21 23:14:54.337,1.4631,1.46339,1.00,1.37
2015.06.21 23:14:54.388,1.4631,1.46341,1.00,1.00
2015.06.21 23:14:54.439,1.46316,1.46343,1.00,1.00
2015.06.21 23:14:54.491,1.46316,1.46346,1.00,1.00
2015.06.21 23:14:54.593,1.46318,1.46346,1.00,1.00
2015.06.21 23:14:54.695,1.46318,1.46349,1.00,1.95
2015.06.21 23:14:54.847,1.46316,1.46349,1.00,1.57
2015.06.21 23:14:57.789,1.46316,1.46349,1.00,1.47
2015.06.21 23:15:00.875,1.46317,1.4635,1.00,1.65
2015.06.21 23:15:01.079,1.46317,1.4635,1.50,1.65
2015.06.21 23:15:01.282,1.46319,1.46349,1.00,1.10
2015.06.21 23:15:01.659,1.46321,1.4635,1.00,1.37
2015.06.21 23:15:04.072,1.46318,1.46341,1.00,1.00
2015.06.21 23:15:04.123,1.46314,1.46341,1.00,1.00
2015.06.21 23:15:04.175,1.46315,1.46341,1.00,2.25
2015.06.21 23:15:04.277,1.46305,1.46335,1.20,1.37
2015.06.21 23:15:04.380,1.46304,1.46335,1.00,1.50
2015.06.21 23:15:04.870,1.46302,1.46333,1.00,1.75
2015.06.21 23:15:05.378,1.46303,1.46333,1.00,3.00
2015.06.21 23:15:06.956,1.46302,1.46333,1.00,2.25
2015.06.21 23:15:07.578,1.46305,1.46333,1.00,2.25
2015.06.21 23:15:12.602,1.46305,1.46335,1.00,1.87
2015.06.21 23:15:12.653,1.46301,1.46335,1.12,1.50
2015.06.21 23:15:12.856,1.46309,1.46337,1.00,2.62
2015.06.21 23:15:13.272,1.46307,1.46337,1.00,1.50
2015.06.21 23:15:13.648,1.4631,1.46337,1.00,1.50
2015.06.21 23:15:15.911,1.46306,1.46337,1.00,1.00
2015.06.21 23:15:26.658,1.46306,1.46337,1.00,1.47
2015.06.21 23:15:26.964,1.46304,1.46333,1.00,1.00
2015.06.21 23:15:27.620,1.46301,1.4633,1.00,1.00
2015.06.21 23:15:28.385,1.46304,1.4633,1.00,1.50
2015.06.21 23:15:29.605,1.46304,1.46327,1.00,1.00
2015.06.21 23:15:29.814,1.463,1.46327,1.00,1.00
2015.06.21 23:15:30.119,1.46299,1.46327,1.00,1.37
2015.06.21 23:15:33.235,1.463,1.46331,1.00,1.85
2015.06.21 23:15:42.926,1.463,1.46331,1.00,1.85
2015.06.21 23:16:10.873,1.463,1.46331,1.00,3.45
2015.06.21 23:16:11.213,1.46302,1.46331,1.00,3.45
2015.06.21 23:16:19.006,1.46301,1.46331,1.00,3.37
2015.06.21 23:16:20.103,1.46301,1.46331,1.00,3.00
2015.06.21 23:16:22.620,1.46302,1.46326,1.00,1.00
2015.06.21 23:16:26.041,1.46302,1.46327,1.00,1.75
2015.06.21 23:16:27.221,1.46302,1.46326,1.00,1.00
2015.06.21 23:16:28.825,1.46301,1.46326,1.00,1.00
2015.06.21 23:16:30.395,1.46301,1.46328,1.00,1.87
2015.06.21 23:16:33.090,1.46295,1.46323,1.12,1.00
2015.06.21 23:16:33.193,1.46294,1.46321,1.00,1.00
2015.06.21 23:16:33.296,1.46291,1.46321,1.00,1.12
2015.06.21 23:16:33.348,1.46291,1.46321,1.00,1.37
2015.06.21 23:16:33.653,1.4629,1.46318,1.00,2.62
2015.06.21 23:16:34.314,1.4629,1.46317,1.00,1.12
2015.06.21 23:16:34.726,1.4629,1.46317,1.00,1.50
2015.06.21 23:16:35.272,1.4629,1.46317,1.00,1.37
2015.06.21 23:16:35.729,1.4629,1.46317,1.00,1.37
2015.06.21 23:16:35.831,1.4629,1.46317,1.00,1.37
2015.06.21 23:16:36.084,1.46283,1.46314,1.87,1.37
2015.06.21 23:16:36.135,1.4628,1.46314,1.00,1.00
2015.06.21 23:16:36.237,1.46277,1.46312,1.95,1.87
2015.06.21 23:16:36.541,1.46275,1.46308,1.65,1.37
2015.06.21 23:16:36.846,1.46274,1.46305,1.00,1.37
2015.06.21 23:16:37.362,1.46276,1.46306,1.50,1.37
2015.06.21 23:16:37.710,1.46276,1.46297,1.00,1.00
2015.06.21 23:16:37.812,1.4627,1.46297,1.07,1.50
2015.06.21 23:16:37.864,1.4627,1.46297,1.00,1.50
2015.06.21 23:16:37.915,1.46262,1.46297,1.65,1.50
2015.06.21 23:16:38.017,1.46262,1.46293,1.07,1.00
2015.06.21 23:16:38.068,1.46258,1.46293,1.65,1.00
2015.06.21 23:16:38.170,1.46258,1.46293,1.50,1.00
2015.06.21 23:16:38.643,1.46261,1.46294,1.00,1.37
2015.06.21 23:16:40.247,1.46258,1.4629,1.00,1.12
2015.06.21 23:16:40.450,1.46257,1.4629,1.00,1.37
2015.06.21 23:16:40.755,1.46255,1.46277,1.00,1.00
2015.06.21 23:16:40.857,1.46255,1.4628,1.00,1.00
2015.06.21 23:16:40.908,1.46242,1.4628,2.02,1.00
2015.06.21 23:16:40.959,1.46242,1.46282,2.02,2.25
2015.06.21 23:16:42.943,1.46241,1.46278,1.65,2.25
2015.06.21 23:16:43.045,1.46241,1.46278,1.50,3.00
2015.06.21 23:16:43.249,1.46237,1.46274,1.87,1.37
2015.06.21 23:16:44.079,1.46237,1.46274,1.50,1.37
2015.06.21 23:16:45.514,1.46238,1.46276,1.00,2.25
2015.06.21 23:16:47.680,1.46238,1.46276,1.00,1.50
2015.06.21 23:16:47.832,1.4624,1.46277,1.00,3.07
2015.06.21 23:16:48.669,1.4624,1.46276,1.50,1.75
2015.06.21 23:16:49.024,1.4624,1.46268,1.00,1.00
2015.06.21 23:16:49.329,1.4624,1.46268,1.00,1.37
2015.06.21 23:16:49.482,1.4624,1.4627,1.00,1.57
2015.06.21 23:16:50.006,1.4624,1.4627,1.00,1.27
2015.06.21 23:16:50.677,1.46241,1.46275,1.87,1.45
2015.06.21 23:16:50.982,1.46241,1.46277,1.00,2.40
2015.06.21 23:17:01.312,1.46241,1.46277,1.00,1.75
2015.06.21 23:17:02.547,1.46243,1.46277,1.00,2.25
2015.06.21 23:17:03.968,1.46243,1.46277,1.00,2.25
2015.06.21 23:17:10.083,1.46243,1.46278,1.00,3.00
2015.06.21 23:17:10.639,1.46242,1.46278,1.00,2.25
2015.06.21 23:17:11.829,1.46238,1.46273,1.37,1.37
2015.06.21 23:17:11.882,1.46235,1.46273,1.37,1.75
2015.06.21 23:17:12.186,1.46239,1.46273,1.00,1.75
2015.06.21 23:17:13.906,1.46239,1.46273,1.00,2.25
2015.06.21 23:17:14.211,1.46237,1.46271,1.00,1.82
2015.06.21 23:17:14.579,1.4624,1.46269,1.00,1.75
2015.06.21 23:17:14.631,1.4624,1.46269,1.00,1.37
2015.06.21 23:17:14.834,1.4624,1.46267,1.00,1.37
2015.06.21 23:17:15.535,1.4624,1.46267,1.00,1.12
2015.06.21 23:17:15.739,1.4624,1.46271,1.00,1.47
2015.06.21 23:17:15.841,1.4624,1.46271,1.00,1.47
2015.06.21 23:17:19.592,1.4624,1.46264,1.00,1.00
2015.06.21 23:17:19.745,1.46233,1.46262,1.00,1.00
2015.06.21 23:17:19.796,1.46233,1.46266,1.00,1.37
2015.06.21 23:17:20.098,1.46238,1.46266,1.00,1.12
2015.06.21 23:17:20.149,1.46236,1.46271,1.00,1.57
2015.06.21 23:17:20.302,1.46239,1.46271,1.00,1.20
2015.06.21 23:17:20.608,1.46238,1.46272,1.00,2.40
2015.06.21 23:17:21.510,1.46236,1.46272,1.00,2.40
2015.06.21 23:17:22.537,1.46236,1.46271,1.00,1.57
2015.06.21 23:17:22.841,1.46237,1.46271,1.00,2.32
2015.06.21 23:17:23.968,1.46238,1.46272,1.00,1.65
2015.06.21 23:17:25.939,1.46237,1.46272,1.00,1.65
2015.06.21 23:17:25.990,1.46235,1.46271,1.00,1.95
2015.06.21 23:17:26.042,1.46235,1.46271,1.00,2.32
2015.06.21 23:17:26.348,1.46233,1.46263,1.00,1.37
2015.06.21 23:17:26.450,1.46233,1.46265,1.00,1.65
2015.06.21 23:17:26.654,1.46236,1.46269,1.00,1.20
2015.06.21 23:17:26.705,1.46236,1.4627,1.00,1.20
2015.06.21 23:17:26.807,1.46237,1.4627,1.00,1.52
2015.06.21 23:17:30.084,1.46237,1.46272,1.50,1.65
2015.06.21 23:17:30.647,1.46237,1.46272,1.87,1.65
2015.06.21 23:17:32.054,1.46237,1.46272,2.25,1.65
2015.06.21 23:17:34.192,1.46237,1.46272,2.62,1.65
2015.06.21 23:17:36.060,1.46237,1.46272,2.25,1.65
2015.06.21 23:17:38.187,1.46237,1.46272,1.50,1.65
2015.06.21 23:17:39.297,1.46238,1.46273,1.00,1.95
2015.06.21 23:17:39.656,1.4624,1.46275,1.12,2.02
2015.06.21 23:17:39.962,1.46243,1.46275,1.12,1.57
2015.06.21 23:17:40.267,1.46248,1.46275,1.00,1.57
2015.06.21 23:17:40.543,1.46245,1.46275,1.00,1.95
2015.06.21 23:17:43.000,1.46245,1.46274,1.00,1.37
2015.06.21 23:17:43.255,1.46243,1.46273,1.00,1.37
2015.06.21 23:17:47.080,1.46243,1.46273,1.00,1.37
2015.06.21 23:17:48.319,1.46238,1.46273,1.12,1.87
2015.06.21 23:17:48.891,1.46235,1.46267,1.37,1.00
2015.06.21 23:17:48.943,1.46235,1.46267,1.00,1.00
2015.06.21 23:17:50.037,1.46235,1.46267,1.00,1.37
2015.06.21 23:17:51.027,1.46232,1.46253,1.00,1.75
2015.06.21 23:17:51.078,1.46221,1.46253,3.00,1.75
2015.06.21 23:17:51.130,1.46219,1.46248,2.32,1.37
2015.06.21 23:17:51.182,1.4622,1.46248,1.00,1.50
2015.06.21 23:17:51.284,1.46218,1.46249,1.00,1.75
2015.06.21 23:17:51.645,1.46215,1.46249,1.00,2.25
2015.06.21 23:17:51.696,1.46215,1.46249,1.00,2.25
2015.06.21 23:17:52.210,1.46213,1.46246,1.00,1.37
2015.06.21 23:17:52.720,1.46214,1.46246,1.00,1.87
2015.06.21 23:17:53.243,1.46212,1.46246,1.00,1.87
2015.06.21 23:17:53.294,1.46212,1.46246,1.00,1.87
2015.06.21 23:17:56.117,1.46214,1.46246,1.00,1.87
2015.06.21 23:17:56.657,1.46215,1.46246,1.00,1.87
2015.06.21 23:18:00.511,1.46215,1.46247,1.00,1.87
2015.06.21 23:18:01.430,1.46215,1.46246,1.00,1.75
2015.06.21 23:18:01.964,1.46214,1.46246,1.50,1.75
2015.06.21 23:18:02.421,1.46214,1.46246,1.50,1.75
2015.06.21 23:18:04.678,1.46214,1.46246,1.50,1.75
2015.06.21 23:18:05.508,1.46216,1.46247,1.00,1.87
2015.06.21 23:18:06.596,1.46218,1.46247,1.00,1.75
2015.06.21 23:18:10.436,1.46219,1.46246,1.00,1.50
2015.06.21 23:18:10.539,1.46216,1.46246,1.00,1.50
2015.06.21 23:18:12.216,1.46218,1.46246,1.00,1.50
2015.06.21 23:18:12.542,1.46215,1.46246,1.00,1.50
2015.06.21 23:18:16.927,1.46215,1.46247,1.00,1.75
2015.06.21 23:18:17.740,1.46215,1.46247,1.00,1.75
2015.06.21 23:18:18.977,1.46215,1.46247,1.00,1.75
2015.06.21 23:18:20.316,1.46218,1.46247,1.00,1.75
2015.06.21 23:18:32.334,1.46218,1.46248,1.00,1.75
2015.06.21 23:18:48.165,1.46218,1.46248,1.00,1.50
2015.06.21 23:18:50.690,1.46218,1.46251,1.00,2.25
2015.06.21 23:18:52.352,1.46223,1.46251,1.00,1.75
2015.06.21 23:18:52.606,1.46223,1.46253,1.00,1.75
2015.06.21 23:19:02.749,1.46217,1.46248,1.00,1.12
2015.06.21 23:19:02.902,1.46215,1.4625,1.37,1.50
2015.06.21 23:19:03.223,1.46224,1.4625,1.00,1.37
2015.06.21 23:19:03.275,1.46224,1.46256,1.00,1.12
2015.06.21 23:19:03.327,1.46227,1.46257,1.00,1.75
2015.06.21 23:19:03.996,1.46227,1.46257,1.00,1.75
2015.06.21 23:19:04.789,1.46227,1.46257,1.00,1.75
2015.06.21 23:19:05.724,1.46227,1.46257,1.00,1.75
2015.06.21 23:19:05.923,1.46227,1.46257,1.00,1.75
2015.06.21 23:19:06.130,1.46227,1.46257,1.00,1.75
2015.06.21 23:19:06.232,1.46227,1.46257,1.00,1.75
2015.06.21 23:19:06.333,1.46223,1.46257,1.00,1.75
2015.06.21 23:19:06.435,1.46224,1.46254,1.00,1.75
2015.06.21 23:19:06.486,1.46222,1.46254,1.00,1.75
2015.06.21 23:19:11.814,1.46222,1.4625,1.00,1.75
2015.06.21 23:19:11.865,1.46216,1.4625,1.00,3.00
2015.06.21 23:19:11.916,1.46216,1.46249,1.00,1.12
2015.06.21 23:19:12.120,1.46216,1.46249,1.87,1.75
2015.06.21 23:19:12.375,1.46219,1.4625,1.00,2.25
2015.06.21 23:19:12.578,1.46217,1.4625,1.12,1.75
2015.06.21 23:19:13.287,1.46217,1.4625,1.12,1.75
2015.06.21 23:19:13.907,1.46218,1.4625,1.00,1.75
2015.06.21 23:19:14.419,1.46217,1.4625,1.87,1.75
2015.06.21 23:19:15.020,1.46219,1.4625,1.00,2.25
2015.06.21 23:19:16.164,1.46217,1.4625,1.87,2.25
2015.06.21 23:19:17.328,1.46217,1.4625,1.87,1.75
2015.06.21 23:19:17.430,1.46221,1.4625,1.00,1.50
2015.06.21 23:19:17.692,1.46218,1.4625,1.12,1.75
2015.06.21 23:19:17.743,1.4622,1.46251,1.00,1.75
2015.06.21 23:19:23.871,1.46216,1.46248,1.00,1.75
2015.06.21 23:19:24.859,1.46217,1.46249,1.00,1.12
2015.06.21 23:19:34.063,1.46217,1.46245,1.00,1.37
2015.06.21 23:19:34.800,1.46217,1.46243,1.00,1.75
2015.06.21 23:19:35.054,1.46209,1.46239,1.00,1.75
2015.06.21 23:19:36.879,1.46209,1.46239,1.00,1.75
2015.06.21 23:19:39.340,1.46208,1.46239,1.00,1.75
2015.06.21 23:19:39.392,1.46208,1.46239,1.50,1.75
2015.06.21 23:19:39.495,1.46212,1.46239,1.00,1.37
2015.06.21 23:19:39.800,1.46209,1.46239,1.00,2.25
2015.06.21 23:19:40.143,1.46209,1.46239,1.00,2.25
2015.06.21 23:19:42.828,1.46209,1.46239,1.37,3.00
2015.06.21 23:20:01.042,1.46209,1.46236,1.00,1.75
2015.06.21 23:20:03.731,1.46209,1.46234,1.00,1.75
2015.06.21 23:20:05.173,1.46209,1.46231,1.00,1.75
2015.06.21 23:20:05.443,1.46209,1.46234,1.00,1.37
2015.06.21 23:20:13.255,1.4621,1.46237,1.00,3.00
2015.06.21 23:20:13.756,1.46209,1.46237,1.00,2.25
2015.06.21 23:20:13.858,1.46207,1.46237,1.00,3.75
2015.06.21 23:20:19.170,1.46207,1.46237,1.00,3.75
2015.06.21 23:20:22.687,1.46207,1.46237,1.00,3.75
2015.06.21 23:20:40.491,1.46207,1.46238,1.00,1.37
2015.06.21 23:20:43.214,1.46212,1.46238,1.00,1.37
2015.06.21 23:20:49.305,1.46212,1.4623,1.00,1.00
2015.06.21 23:20:49.406,1.46202,1.4623,1.00,1.12
2015.06.21 23:20:49.513,1.46202,1.4623,1.00,1.50
2015.06.21 23:20:49.615,1.46199,1.4623,1.00,1.37
2015.06.21 23:20:49.716,1.46202,1.4623,1.00,1.00
2015.06.21 23:20:50.021,1.46205,1.46235,2.25,1.47
2015.06.21 23:20:50.325,1.46207,1.46236,1.00,1.92
2015.06.21 23:20:53.307,1.46205,1.46231,2.25,1.37
2015.06.21 23:20:53.460,1.462,1.46231,1.00,2.25
2015.06.21 23:20:53.562,1.46198,1.46231,1.00,2.25
2015.06.21 23:20:53.664,1.46198,1.46231,2.25,1.12
2015.06.21 23:20:53.715,1.46201,1.46232,1.00,1.50
2015.06.21 23:20:54.020,1.46206,1.46235,1.00,1.12
2015.06.21 23:20:55.885,1.46207,1.46235,1.00,1.12
2015.06.21 23:20:58.016,1.46207,1.4623,1.00,1.00
2015.06.21 23:20:58.525,1.46205,1.4623,1.50,1.00
2015.06.21 23:21:00.412,1.46205,1.46229,1.00,1.00
2015.06.21 23:21:00.663,1.46203,1.46229,1.50,1.00
2015.06.21 23:21:00.926,1.46203,1.46232,1.50,1.00
2015.06.21 23:21:01.598,1.46206,1.46232,1.00,1.00
2015.06.21 23:21:06.441,1.46207,1.46235,1.00,1.37
2015.06.21 23:21:06.544,1.46211,1.46235,1.00,1.00
2015.06.21 23:21:06.850,1.46218,1.46248,1.00,1.00
2015.06.21 23:21:06.952,1.46221,1.46247,1.00,1.00
2015.06.21 23:21:07.324,1.46225,1.46251,1.00,1.00
2015.06.21 23:21:07.846,1.46226,1.46251,1.50,1.00
2015.06.21 23:21:08.551,1.46226,1.46252,1.50,1.00
2015.06.21 23:21:09.218,1.46229,1.46252,1.00,1.00
2015.06.21 23:21:10.245,1.46229,1.46249,1.00,1.00
2015.06.21 23:21:10.448,1.46229,1.46251,1.00,1.00
2015.06.21 23:21:10.662,1.46229,1.46248,1.00,1.00
2015.06.21 23:21:11.225,1.46225,1.46249,1.00,1.00
2015.06.21 23:21:11.277,1.46225,1.46246,1.00,1.00
2015.06.21 23:21:11.328,1.46221,1.46246,1.00,1.00
2015.06.21 23:21:11.841,1.4622,1.46245,1.00,1.00
2015.06.21 23:21:12.159,1.4622,1.46247,1.00,1.00
2015.06.21 23:21:13.034,1.4622,1.46248,1.00,1.00
2015.06.21 23:21:13.149,1.4622,1.46246,1.00,1.00
2015.06.21 23:21:14.253,1.4622,1.46246,1.00,1.37
2015.06.21 23:21:16.206,1.4622,1.46246,1.00,1.00
2015.06.21 23:21:16.257,1.46216,1.46246,1.00,1.00
2015.06.21 23:21:17.229,1.46215,1.46246,1.00,1.00
2015.06.21 23:21:17.667,1.46213,1.46246,1.95,1.37
2015.06.21 23:21:20.076,1.46213,1.46244,2.62,1.37
2015.06.21 23:21:20.568,1.46213,1.46244,2.62,1.37
2015.06.21 23:21:20.873,1.46221,1.46247,1.00,1.00
2015.06.21 23:21:21.077,1.46218,1.46247,1.00,1.37
2015.06.21 23:21:21.179,1.46218,1.46247,1.00,1.87
2015.06.21 23:21:21.571,1.46218,1.46246,1.00,1.12
2015.06.21 23:21:21.624,1.46215,1.46242,1.00,1.37
2015.06.21 23:21:21.726,1.46215,1.46243,1.12,1.12
2015.06.21 23:21:24.117,1.46215,1.46244,1.12,1.75
2015.06.21 23:21:24.878,1.46213,1.46242,2.25,1.37
2015.06.21 23:21:33.896,1.4621,1.46243,1.87,2.25
2015.06.21 23:21:34.049,1.46209,1.46239,1.00,1.50
2015.06.21 23:21:34.253,1.46209,1.4624,1.00,1.37
2015.06.21 23:21:34.355,1.46214,1.46239,1.00,1.37
2015.06.21 23:21:34.771,1.46212,1.46239,1.00,1.37
2015.06.21 23:21:34.824,1.4621,1.46239,1.00,1.37
2015.06.21 23:21:34.875,1.46212,1.46239,1.00,1.37
2015.06.21 23:21:35.382,1.46217,1.46244,1.00,1.37
2015.06.21 23:21:37.455,1.46218,1.46245,1.37,1.37
2015.06.21 23:21:37.963,1.46218,1.46247,1.37,1.37
2015.06.21 23:21:38.298,1.46218,1.46247,1.37,1.00
2015.06.21 23:21:38.350,1.46218,1.46247,1.37,1.00
2015.06.21 23:21:38.451,1.4622,1.4625,1.12,1.00
2015.06.21 23:21:38.655,1.46224,1.46253,1.00,1.12
2015.06.21 23:21:39.012,1.46226,1.46253,1.00,1.12
2015.06.21 23:21:41.642,1.46226,1.46251,1.00,1.00
2015.06.21 23:21:41.846,1.46226,1.46254,1.00,1.37
2015.06.21 23:21:42.359,1.46226,1.46254,1.00,1.12
2015.06.21 23:21:42.565,1.46222,1.46254,1.00,1.12
2015.06.21 23:21:43.325,1.46221,1.46254,1.12,1.12
2015.06.21 23:21:43.822,1.46225,1.46255,1.00,2.62
2015.06.21 23:21:44.930,1.46225,1.46255,1.50,1.87
2015.06.21 23:21:45.490,1.46225,1.46255,1.00,1.50
2015.06.21 23:21:45.794,1.46223,1.46252,1.87,1.75
2015.06.21 23:21:46.127,1.46223,1.46252,1.87,1.75
2015.06.21 23:21:47.349,1.46223,1.46247,1.87,1.37
2015.06.21 23:21:47.736,1.4622,1.46249,1.12,1.75
2015.06.21 23:21:47.948,1.46222,1.46253,1.37,1.00
2015.06.21 23:21:48.153,1.46227,1.46253,1.00,1.37
2015.06.21 23:21:48.205,1.46225,1.46253,1.00,1.37
2015.06.21 23:21:48.307,1.46222,1.46253,1.50,1.37
2015.06.21 23:21:48.409,1.46224,1.46253,1.00,1.37
2015.06.21 23:21:48.460,1.4622,1.46253,3.00,1.37
2015.06.21 23:21:48.563,1.4622,1.46253,2.25,1.37
2015.06.21 23:21:48.867,1.4622,1.46252,2.25,1.00
2015.06.21 23:21:50.131,1.4622,1.46252,2.25,1.37
2015.06.21 23:21:50.781,1.4622,1.46253,2.25,1.12
2015.06.21 23:21:50.833,1.4622,1.46253,2.25,1.37
2015.06.21 23:21:51.822,1.4622,1.46253,2.25,1.37
2015.06.21 23:21:52.684,1.4622,1.46253,2.25,1.37
2015.06.21 23:21:52.786,1.4622,1.46253,2.25,1.37
2015.06.21 23:21:53.243,1.4622,1.46253,2.25,1.12
2015.06.21 23:21:53.345,1.4622,1.46253,2.25,1.37
2015.06.21 23:21:54.578,1.4622,1.46253,2.25,1.12
2015.06.21 23:21:54.687,1.4622,1.46253,2.25,1.37
2015.06.21 23:21:55.175,1.4622,1.46253,2.25,1.12
2015.06.21 23:21:55.277,1.4622,1.46253,2.25,1.37
2015.06.21 23:21:56.462,1.4622,1.46253,2.25,1.12
2015.06.21 23:21:56.564,1.4622,1.46253,2.25,1.37
2015.06.21 23:21:57.084,1.46222,1.46253,1.00,1.37
2015.06.21 23:21:57.135,1.46222,1.46253,1.00,1.12
2015.06.21 23:21:57.187,1.46222,1.46253,1.00,1.37
2015.06.21 23:21:57.793,1.46222,1.46253,1.00,1.37
2015.06.21 23:21:58.392,1.46222,1.46253,1.00,1.37
2015.06.21 23:21:58.494,1.46222,1.46253,1.00,1.37
2015.06.21 23:21:58.955,1.46222,1.46253,1.00,1.12
2015.06.21 23:21:59.093,1.46222,1.46253,1.00,1.37
2015.06.21 23:22:00.255,1.46222,1.46253,1.00,1.12
2015.06.21 23:22:00.395,1.46222,1.46253,1.00,1.37
2015.06.21 23:22:00.532,1.4622,1.46253,2.25,1.37
2015.06.21 23:22:00.896,1.4622,1.46253,2.25,1.37
2015.06.21 23:22:00.998,1.4622,1.46253,2.25,1.37
2015.06.21 23:22:01.595,1.4622,1.46253,2.25,1.37
2015.06.21 23:22:01.697,1.46221,1.46255,1.37,2.62
2015.06.21 23:22:01.800,1.46224,1.46255,1.00,1.37
2015.06.21 23:22:02.102,1.46224,1.46258,1.37,1.75
2015.06.21 23:22:02.154,1.46227,1.46258,1.00,1.75
2015.06.21 23:22:02.715,1.46228,1.46259,1.00,2.25
2015.06.21 23:22:02.768,1.46228,1.46259,1.00,2.25
2015.06.21 23:22:02.870,1.46228,1.46259,1.00,2.25
2015.06.21 23:22:03.175,1.4623,1.4626,1.00,3.00
2015.06.21 23:22:03.327,1.46227,1.46253,1.00,1.00
2015.06.21 23:22:03.480,1.46227,1.4625,1.00,1.00
2015.06.21 23:22:04.982,1.46227,1.46249,1.00,1.00
2015.06.21 23:22:05.186,1.46227,1.46251,1.00,1.00
2015.06.21 23:22:06.312,1.46227,1.4625,1.00,1.00
2015.06.21 23:22:06.625,1.46229,1.4625,1.00,1.00
2015.06.21 23:22:06.677,1.46229,1.46253,1.00,1.00
2015.06.21 23:22:08.486,1.46229,1.46255,1.00,1.00
2015.06.21 23:22:14.498,1.46229,1.46253,1.00,1.00
2015.06.21 23:22:16.632,1.46229,1.46256,1.00,1.00
2015.06.21 23:22:21.429,1.46229,1.46255,1.00,1.00
2015.06.21 23:22:23.082,1.46227,1.46255,1.87,1.00
2015.06.21 23:22:23.620,1.46227,1.46254,1.87,1.00
2015.06.21 23:22:25.388,1.46229,1.46256,1.00,1.12
2015.06.21 23:22:26.101,1.46229,1.46256,1.00,1.37
2015.06.21 23:22:27.238,1.46229,1.46253,1.00,1.00
2015.06.21 23:22:27.804,1.46237,1.4626,1.12,1.37
2015.06.21 23:22:28.110,1.46237,1.46257,1.00,1.12
2015.06.21 23:22:28.211,1.46233,1.46258,1.00,1.37
2015.06.21 23:22:28.517,1.46231,1.46261,1.50,1.37
2015.06.21 23:22:28.619,1.46235,1.46261,1.00,1.37
2015.06.21 23:22:29.334,1.46236,1.46265,1.00,1.37
2015.06.21 23:22:29.385,1.46233,1.46265,1.00,1.37
2015.06.21 23:22:29.542,1.46233,1.46265,1.00,1.00
2015.06.21 23:22:29.644,1.46237,1.46265,1.00,1.12
2015.06.21 23:22:29.949,1.46237,1.46268,2.62,1.37
2015.06.21 23:22:30.153,1.46241,1.46272,1.00,2.25
2015.06.21 23:22:30.205,1.46241,1.46272,1.87,1.87
2015.06.21 23:22:30.307,1.46248,1.46272,1.00,1.87
2015.06.21 23:22:30.460,1.46241,1.46272,1.00,1.50
2015.06.21 23:22:30.715,1.46235,1.46269,1.37,1.37
2015.06.21 23:22:31.313,1.46234,1.46269,3.37,1.75
2015.06.21 23:22:31.415,1.46239,1.46269,1.37,1.00
2015.06.21 23:22:31.517,1.4624,1.46274,1.37,1.27
2015.06.21 23:22:31.620,1.46245,1.46275,1.00,1.15
2015.06.21 23:22:31.926,1.46249,1.46274,1.50,1.00
2015.06.21 23:22:32.749,1.46249,1.46278,1.00,1.37
2015.06.21 23:22:33.291,1.4625,1.46278,1.00,1.37
2015.06.21 23:22:34.529,1.4625,1.4628,1.87,1.85
2015.06.21 23:22:35.040,1.46252,1.46281,1.00,1.37
2015.06.21 23:22:35.767,1.46253,1.46283,1.00,1.45
2015.06.21 23:22:40.059,1.46253,1.46283,1.00,1.45
2015.06.21 23:22:52.852,1.46254,1.46284,1.50,1.50
2015.06.21 23:22:53.359,1.46256,1.46288,1.12,2.25
2015.06.21 23:22:53.964,1.46257,1.46288,1.00,1.37
2015.06.21 23:22:54.016,1.46258,1.46287,1.37,1.37
2015.06.21 23:22:54.880,1.46258,1.46288,1.00,1.37
2015.06.21 23:22:56.886,1.46258,1.46287,1.37,1.37
2015.06.21 23:22:58.949,1.4626,1.46289,1.00,1.37
2015.06.21 23:23:04.074,1.4626,1.46287,1.12,1.00
2015.06.21 23:23:04.177,1.4626,1.46293,1.37,1.37
2015.06.21 23:23:06.436,1.46263,1.46293,1.50,2.25
2015.06.21 23:23:07.266,1.46263,1.46291,1.00,1.50
2015.06.21 23:23:08.919,1.46264,1.46292,1.00,1.37
2015.06.21 23:23:09.651,1.46264,1.46292,1.00,1.50
2015.06.21 23:23:47.131,1.46265,1.4629,1.00,1.37
2015.06.21 23:23:49.649,1.46265,1.4629,1.00,1.37
2015.06.21 23:23:52.281,1.46265,1.46291,1.00,1.37
2015.06.21 23:23:52.384,1.46265,1.46292,1.00,1.12
2015.06.21 23:23:52.855,1.46268,1.46295,1.00,1.37
2015.06.21 23:23:58.628,1.46269,1.46295,1.00,1.37
2015.06.21 23:23:59.598,1.46269,1.46293,1.00,1.37
2015.06.21 23:23:59.853,1.46263,1.46293,1.00,1.87
2015.06.21 23:24:00.805,1.46264,1.46293,1.50,1.87
2015.06.21 23:24:01.377,1.46263,1.46293,2.25,1.87
2015.06.21 23:24:07.339,1.46265,1.46292,1.00,1.37
2015.06.21 23:24:08.652,1.46265,1.46292,1.00,1.12
2015.06.21 23:24:09.402,1.46265,1.46292,1.00,1.37
2015.06.21 23:24:11.478,1.46263,1.46294,1.50,3.37
2015.06.21 23:24:11.843,1.4626,1.46294,1.50,3.37
2015.06.21 23:24:11.894,1.4626,1.4629,1.50,1.50
2015.06.21 23:24:11.996,1.4626,1.46291,2.25,1.50
2015.06.21 23:24:12.201,1.46258,1.46287,1.00,1.37
2015.06.21 23:24:12.305,1.46258,1.46287,1.00,1.12
2015.06.21 23:24:12.356,1.46256,1.46287,1.00,1.12
2015.06.21 23:24:12.937,1.46256,1.46289,1.00,1.87
2015.06.21 23:24:14.020,1.46256,1.46289,1.00,2.25
2015.06.21 23:24:26.237,1.46256,1.46288,1.00,1.87
2015.06.21 23:24:26.390,1.46258,1.46288,1.00,1.37
2015.06.21 23:24:26.442,1.46258,1.4629,1.00,1.37
2015.06.21 23:24:26.951,1.46259,1.4629,1.00,1.00
2015.06.21 23:24:27.673,1.46258,1.46291,1.12,1.87
2015.06.21 23:24:28.938,1.46258,1.46289,1.12,1.00
2015.06.21 23:24:29.141,1.46258,1.46291,1.12,1.87
2015.06.21 23:24:29.243,1.46258,1.46291,1.50,1.37
2015.06.21 23:24:29.446,1.46258,1.46291,1.87,1.12
2015.06.21 23:24:31.718,1.46258,1.46291,1.00,1.87
2015.06.21 23:24:35.118,1.46258,1.46291,1.50,1.50
2015.06.21 23:24:35.170,1.46262,1.46291,1.00,1.50
2015.06.21 23:24:35.688,1.46264,1.46293,1.00,1.00
2015.06.21 23:24:36.249,1.46264,1.46294,1.00,1.12
2015.06.21 23:24:36.554,1.46264,1.46294,2.62,1.00
2015.06.21 23:24:40.757,1.46264,1.46294,1.12,1.00
2015.06.21 23:24:41.303,1.46263,1.46294,1.50,1.37
2015.06.21 23:24:41.850,1.46264,1.46294,1.00,1.00
2015.06.21 23:24:44.365,1.46268,1.46294,1.00,1.00
2015.06.21 23:24:44.726,1.46266,1.46294,1.00,1.00
2015.06.21 23:24:44.828,1.46264,1.46294,1.00,1.00
2015.06.21 23:24:44.930,1.46264,1.46292,1.00,1.00
2015.06.21 23:24:45.646,1.46264,1.4629,1.00,1.00
2015.06.21 23:24:45.849,1.46266,1.46294,1.00,1.50
2015.06.21 23:24:46.165,1.46269,1.46293,1.00,1.00
2015.06.21 23:24:47.155,1.46269,1.46294,1.00,1.00
2015.06.21 23:24:52.461,1.46269,1.46293,1.00,1.00
2015.06.21 23:24:52.765,1.46269,1.46293,1.00,1.37
2015.06.21 23:24:53.171,1.46265,1.46293,1.00,1.37
2015.06.21 23:24:53.623,1.46267,1.46293,1.00,1.37
2015.06.21 23:24:54.320,1.46267,1.46293,1.00,1.50
2015.06.21 23:24:54.626,1.46263,1.46285,1.00,1.75
2015.06.21 23:24:54.835,1.46257,1.46281,1.00,1.37
2015.06.21 23:24:55.459,1.46258,1.46281,1.00,1.37
2015.06.21 23:24:59.553,1.46254,1.46281,1.50,1.37
2015.06.21 23:25:00.113,1.46254,1.46281,1.00,1.75
2015.06.21 23:25:07.364,1.46253,1.46278,1.00,1.37
2015.06.21 23:25:07.618,1.46247,1.46278,1.50,1.75
2015.06.21 23:25:07.721,1.46247,1.46277,1.50,1.87
2015.06.21 23:25:07.823,1.46249,1.46275,1.00,1.87
2015.06.21 23:25:08.160,1.46246,1.46275,1.00,1.87
2015.06.21 23:25:08.262,1.46246,1.46272,1.00,1.00
2015.06.21 23:25:14.040,1.46246,1.4627,1.00,1.00
2015.06.21 23:25:14.346,1.46243,1.46267,1.00,1.37
2015.06.21 23:25:20.180,1.46245,1.46267,1.00,1.87
2015.06.21 23:25:20.585,1.46248,1.46267,1.00,1.87
2015.06.21 23:25:32.975,1.46248,1.46267,1.00,1.00
2015.06.21 23:25:33.334,1.4625,1.46268,1.00,1.00
2015.06.21 23:25:35.465,1.4625,1.46267,1.00,1.00
2015.06.21 23:25:36.512,1.4625,1.4627,1.00,1.50
2015.06.21 23:25:37.090,1.46251,1.4627,1.00,1.37
2015.06.21 23:25:47.414,1.46247,1.4627,1.00,1.37
2015.06.21 23:26:01.593,1.46245,1.46272,1.00,1.37
2015.06.21 23:26:01.695,1.46248,1.46273,1.00,1.87
2015.06.21 23:26:01.848,1.4625,1.46276,1.00,1.57
2015.06.21 23:26:02.104,1.46252,1.46276,1.50,1.37
2015.06.21 23:26:02.610,1.46253,1.46281,1.00,1.85
2015.06.21 23:26:04.802,1.46256,1.46283,1.00,1.90
2015.06.21 23:26:05.815,1.46256,1.46283,1.00,1.90
2015.06.21 23:26:19.621,1.46252,1.46281,1.50,1.85
2015.06.21 23:26:20.157,1.46252,1.46278,1.50,1.37
2015.06.21 23:26:20.703,1.46252,1.46278,1.50,1.37
2015.06.21 23:26:24.709,1.46252,1.46279,3.00,1.00
2015.06.21 23:26:31.640,1.46252,1.46281,3.37,1.57
2015.06.21 23:26:31.744,1.46256,1.46281,1.50,1.57
2015.06.21 23:26:32.256,1.4626,1.46283,1.00,1.00
2015.06.21 23:26:32.307,1.4626,1.46288,1.00,1.37
2015.06.21 23:26:32.562,1.4626,1.46288,1.37,1.00
2015.06.21 23:26:32.614,1.46259,1.46291,1.37,2.62
2015.06.21 23:26:32.818,1.46264,1.46291,1.00,2.62
2015.06.21 23:26:33.337,1.46264,1.46285,1.00,1.00
2015.06.21 23:26:33.390,1.46258,1.46285,1.37,1.50
2015.06.21 23:26:33.645,1.46256,1.46285,1.00,2.25
2015.06.21 23:26:34.114,1.46253,1.46282,1.50,1.50
2015.06.21 23:26:38.803,1.4625,1.46281,1.00,1.37
2015.06.21 23:26:38.854,1.46252,1.46283,1.37,1.52
2015.06.21 23:26:39.132,1.46256,1.46285,1.37,1.12
2015.06.21 23:26:39.647,1.46262,1.46284,1.00,1.00
2015.06.21 23:26:39.902,1.46258,1.46285,1.37,1.50
2015.06.21 23:26:39.955,1.46258,1.46283,1.37,1.37
2015.06.21 23:26:40.158,1.46258,1.46283,1.37,1.37
2015.06.21 23:27:00.728,1.46259,1.46283,1.12,1.87
2015.06.21 23:27:01.093,1.46256,1.46278,1.37,1.00
2015.06.21 23:27:01.246,1.46251,1.46276,1.00,1.12
2015.06.21 23:27:01.348,1.46262,1.46276,1.00,1.00
2015.06.21 23:27:01.450,1.46259,1.46276,1.00,1.00
2015.06.21 23:27:01.501,1.46265,1.46289,1.00,1.82
2015.06.21 23:27:01.806,1.46265,1.46289,1.00,1.37
2015.06.21 23:27:02.319,1.46265,1.46289,1.00,1.37
2015.06.21 23:27:02.582,1.46267,1.46293,1.50,1.50
2015.06.21 23:27:02.684,1.46272,1.46295,1.00,1.00
2015.06.21 23:27:03.744,1.46264,1.4629,1.50,1.50
2015.06.21 23:27:03.898,1.46271,1.46297,1.00,1.12
2015.06.21 23:27:06.295,1.46269,1.46295,1.00,1.00
2015.06.21 23:27:06.858,1.46266,1.4629,1.00,1.00
2015.06.21 23:27:06.961,1.46264,1.4629,1.50,1.00
2015.06.21 23:27:07.900,1.4626,1.46286,1.87,1.00
2015.06.21 23:27:10.840,1.4626,1.46281,1.00,1.00
2015.06.21 23:27:10.892,1.46255,1.4628,1.50,1.00
2015.06.21 23:27:10.943,1.46254,1.46278,1.00,1.00
2015.06.21 23:27:10.995,1.46252,1.46277,1.00,1.00
2015.06.21 23:27:11.198,1.46259,1.46283,1.00,1.50
2015.06.21 23:27:11.402,1.46254,1.4628,1.00,1.00
2015.06.21 23:27:13.513,1.46256,1.4628,1.00,1.00
2015.06.21 23:27:13.818,1.46253,1.46279,1.00,1.00
2015.06.21 23:27:15.832,1.46256,1.4628,1.00,1.00
2015.06.21 23:27:16.036,1.46253,1.46279,1.00,1.00
2015.06.21 23:27:18.525,1.46255,1.46281,1.50,1.50
2015.06.21 23:27:18.830,1.46254,1.46278,1.00,1.00
2015.06.21 23:27:20.730,1.46251,1.46277,1.50,1.50
2015.06.21 23:27:23.612,1.46253,1.46277,1.00,1.00
2015.06.21 23:27:24.236,1.46252,1.46276,1.00,1.00
2015.06.21 23:27:25.529,1.46254,1.46278,1.00,1.00
2015.06.21 23:27:31.948,1.46252,1.46276,1.00,1.00
2015.06.21 23:27:32.371,1.46249,1.46276,1.00,1.00
2015.06.21 23:27:32.426,1.46247,1.46272,1.50,1.00
2015.06.21 23:27:32.732,1.46249,1.46273,1.00,1.00
2015.06.21 23:27:33.961,1.46247,1.46271,1.00,1.00
2015.06.21 23:27:34.063,1.46248,1.46274,1.00,1.00
2015.06.21 23:27:34.165,1.46249,1.46276,1.50,1.50
2015.06.21 23:27:34.267,1.46252,1.46276,1.00,1.00
2015.06.21 23:27:36.074,1.46252,1.46278,1.00,1.00
2015.06.21 23:27:37.346,1.46251,1.46275,1.00,1.00
2015.06.21 23:27:39.151,1.46253,1.46277,1.00,1.12
2015.06.21 23:27:47.670,1.4625,1.46276,1.00,1.00
2015.06.21 23:27:51.165,1.46252,1.46278,1.50,1.50
2015.06.21 23:28:00.886,1.46252,1.46278,1.50,1.87
2015.06.21 23:28:01.910,1.46254,1.46278,1.00,1.00
2015.06.21 23:28:05.947,1.46254,1.46278,1.00,1.37
2015.06.21 23:28:05.998,1.4625,1.46276,1.00,1.37
2015.06.21 23:28:14.930,1.4625,1.46276,1.00,1.12
2015.06.21 23:28:15.440,1.46249,1.46275,1.50,1.12
2015.06.21 23:28:25.085,1.4625,1.46275,1.00,1.12
2015.06.21 23:28:27.099,1.46248,1.46274,2.25,1.00
2015.06.21 23:28:27.353,1.4625,1.46274,1.00,1.00
2015.06.21 23:28:28.789,1.4625,1.46272,1.00,1.00
2015.06.21 23:28:29.365,1.4625,1.46271,1.00,1.00
2015.06.21 23:28:33.214,1.4625,1.46275,1.00,1.37
2015.06.21 23:28:43.134,1.4625,1.46275,1.00,1.37
2015.06.21 23:28:48.846,1.4625,1.46275,1.00,1.00
2015.06.21 23:28:48.948,1.46251,1.46276,1.37,1.00
2015.06.21 23:28:49.253,1.46257,1.4628,1.00,1.37
2015.06.21 23:28:52.406,1.46259,1.4628,1.00,1.37
2015.06.21 23:28:53.629,1.46259,1.46278,1.00,1.00
2015.06.21 23:28:54.824,1.46254,1.46278,1.00,1.00
2015.06.21 23:28:54.979,1.46261,1.4628,1.00,1.00
2015.06.21 23:28:55.030,1.46261,1.46285,1.00,1.12
2015.06.21 23:28:55.082,1.46265,1.46285,1.00,1.00
2015.06.21 23:28:55.394,1.46264,1.46289,1.50,1.00
2015.06.21 23:28:55.445,1.46267,1.4629,1.00,1.00
2015.06.21 23:28:55.649,1.46269,1.46296,1.50,1.87
2015.06.21 23:28:55.751,1.46275,1.463,1.50,1.10
2015.06.21 23:28:56.519,1.46275,1.46301,1.50,1.50
2015.06.21 23:29:00.651,1.46275,1.46296,1.00,1.00
2015.06.21 23:29:00.753,1.46273,1.46295,1.00,1.00
2015.06.21 23:29:00.906,1.46271,1.46294,2.25,1.00
2015.06.21 23:29:01.307,1.46269,1.46294,1.00,1.50
2015.06.21 23:29:01.358,1.46268,1.46289,1.50,1.00
2015.06.21 23:29:01.969,1.46268,1.46287,1.00,1.00
2015.06.21 23:29:02.274,1.46268,1.46283,1.00,1.00
2015.06.21 23:29:03.075,1.46266,1.46283,1.00,1.00
2015.06.21 23:29:11.459,1.46264,1.46283,1.00,1.00
2015.06.21 23:29:11.511,1.46264,1.46287,1.12,1.00
2015.06.21 23:29:11.562,1.46267,1.46287,1.00,1.00
2015.06.21 23:29:11.614,1.46269,1.46293,1.00,1.00
2015.06.21 23:29:11.767,1.46269,1.46296,1.00,1.87
2015.06.21 23:29:12.053,1.46272,1.46296,1.00,1.12
2015.06.21 23:29:12.207,1.46272,1.46298,1.37,1.00
2015.06.21 23:29:12.360,1.46278,1.46298,1.00,1.00
2015.06.21 23:29:12.411,1.46279,1.46302,1.00,1.12
2015.06.21 23:29:12.818,1.4628,1.46303,1.50,3.37
2015.06.21 23:29:12.870,1.46277,1.463,1.00,1.37
2015.06.21 23:29:12.922,1.46277,1.463,1.00,1.50
2015.06.21 23:29:12.973,1.46274,1.46298,1.00,1.37
2015.06.21 23:29:13.724,1.46281,1.46304,1.00,1.65
2015.06.21 23:29:16.545,1.46281,1.46304,1.00,1.95
2015.06.21 23:29:16.914,1.46277,1.46301,1.00,1.12
2015.06.21 23:29:18.949,1.46277,1.46301,1.00,1.37
2015.06.21 23:29:28.866,1.46277,1.46301,1.00,2.25
2015.06.21 23:29:29.192,1.46274,1.46298,1.00,2.25
2015.06.21 23:29:29.243,1.46274,1.46298,1.00,1.87
2015.06.21 23:29:33.644,1.46274,1.46298,1.00,1.50
2015.06.21 23:29:35.473,1.46282,1.46301,1.00,1.50
2015.06.21 23:29:35.524,1.46279,1.46302,1.00,1.00
2015.06.21 23:29:35.727,1.4628,1.46304,1.00,1.00
2015.06.21 23:29:35.779,1.4628,1.463,1.00,1.00
2015.06.21 23:29:35.931,1.46275,1.463,1.50,1.75
2015.06.21 23:29:36.034,1.46271,1.46297,1.00,1.12
2015.06.21 23:29:36.136,1.46269,1.46293,1.50,1.00
2015.06.21 23:29:37.184,1.46269,1.46293,1.00,1.50
2015.06.21 23:29:37.235,1.46267,1.4629,1.00,1.37
2015.06.21 23:29:37.338,1.46262,1.46288,1.50,1.87
2015.06.21 23:29:37.440,1.4626,1.46287,1.50,1.50
2015.06.21 23:29:37.542,1.46259,1.46285,1.00,1.00
2015.06.21 23:29:38.610,1.46259,1.46285,1.00,1.37
2015.06.21 23:29:40.322,1.46259,1.46285,1.00,1.00
2015.06.21 23:29:40.907,1.4626,1.46287,1.00,1.37
2015.06.21 23:29:41.415,1.4626,1.46287,1.00,1.00
2015.06.21 23:29:44.419,1.4626,1.46285,1.00,1.00
2015.06.21 23:29:44.926,1.4626,1.46284,1.00,1.00
2015.06.21 23:29:51.609,1.4626,1.46284,1.00,1.50
2015.06.21 23:29:52.845,1.4626,1.46284,1.00,1.50
2015.06.21 23:29:53.588,1.4626,1.46284,1.00,1.50
2015.06.21 23:29:54.165,1.4626,1.46284,1.00,1.12
2015.06.21 23:29:56.811,1.4626,1.46284,1.00,1.50
2015.06.21 23:29:57.303,1.46255,1.46281,1.50,1.50
2015.06.21 23:29:57.354,1.46257,1.46283,1.00,1.37
2015.06.21 23:30:00.493,1.46257,1.46283,1.00,1.50
2015.06.21 23:30:01.946,1.46257,1.46281,1.00,1.00
2015.06.21 23:30:01.997,1.46255,1.46281,2.25,1.50
2015.06.21 23:30:03.201,1.46258,1.46282,1.00,1.00
2015.06.21 23:30:10.287,1.46259,1.46283,1.00,1.00
2015.06.21 23:30:11.271,1.46258,1.46282,1.00,1.00
2015.06.21 23:30:15.389,1.46256,1.46278,1.00,1.00
2015.06.21 23:30:15.694,1.46256,1.46276,1.00,1.00
2015.06.21 23:30:26.231,1.46255,1.46276,1.00,1.00
2015.06.21 23:30:33.221,1.46256,1.4628,1.00,1.00
2015.06.21 23:30:41.384,1.4626,1.46284,1.00,1.00
2015.06.21 23:30:41.435,1.4626,1.46286,1.50,2.92
2015.06.21 23:30:44.813,1.4626,1.46286,1.50,1.80
2015.06.21 23:30:45.653,1.46259,1.46284,1.00,1.00
2015.06.21 23:30:45.918,1.46259,1.46283,1.00,1.37
2015.06.21 23:30:46.020,1.46254,1.46278,1.00,1.00
2015.06.21 23:30:53.022,1.46257,1.46281,1.00,1.00
2015.06.21 23:30:53.124,1.46255,1.46281,1.50,1.50
2015.06.21 23:30:55.271,1.4626,1.46282,1.00,1.00
2015.06.21 23:30:55.575,1.4626,1.46285,1.00,1.05
2015.06.21 23:30:56.093,1.46257,1.46283,1.50,1.50
2015.06.21 23:30:57.947,1.46261,1.46285,1.00,1.12
2015.06.21 23:30:58.744,1.46258,1.46282,1.00,1.00
2015.06.21 23:30:59.876,1.46257,1.46283,1.50,1.50
2015.06.21 23:31:00.333,1.46256,1.4628,1.12,1.37
2015.06.21 23:31:00.739,1.46254,1.46278,1.00,1.00
2015.06.21 23:31:05.302,1.46254,1.46278,1.00,1.37
2015.06.21 23:31:07.634,1.46248,1.46274,1.00,1.12
2015.06.21 23:31:08.141,1.46249,1.46274,1.00,1.12
2015.06.21 23:31:10.158,1.46253,1.46277,1.50,1.75
2015.06.21 23:31:10.361,1.46253,1.46277,1.50,1.12
2015.06.21 23:31:11.567,1.46253,1.46277,1.50,1.37
2015.06.21 23:31:11.669,1.46249,1.46275,1.00,1.00
2015.06.21 23:31:12.177,1.46249,1.46275,1.00,1.37
2015.06.21 23:31:12.690,1.46249,1.46275,1.00,1.00
2015.06.21 23:31:14.628,1.46251,1.46276,1.00,1.12
2015.06.21 23:31:16.942,1.46251,1.46276,1.37,1.00
2015.06.21 23:31:18.506,1.46251,1.46276,1.37,1.12
2015.06.21 23:31:19.417,1.46251,1.46276,1.00,2.25
2015.06.21 23:31:19.721,1.46248,1.46272,1.37,1.00
2015.06.21 23:31:20.224,1.46248,1.46272,1.37,1.00
2015.06.21 23:31:20.760,1.46248,1.46272,1.37,1.00
2015.06.21 23:31:22.116,1.46248,1.46272,1.50,1.00
2015.06.21 23:31:24.290,1.46248,1.46272,1.37,1.00
2015.06.21 23:31:25.886,1.46249,1.46275,1.87,1.50
2015.06.21 23:31:27.788,1.46249,1.46275,2.25,1.50
2015.06.21 23:31:29.674,1.46252,1.46275,1.37,1.00
2015.06.21 23:31:29.725,1.46252,1.46278,1.87,2.62
2015.06.21 23:31:30.364,1.46252,1.46278,1.87,2.25
2015.06.21 23:31:33.491,1.46252,1.46278,1.87,2.25
2015.06.21 23:31:47.088,1.46255,1.46277,1.00,1.00
2015.06.21 23:31:47.140,1.46251,1.46277,1.87,1.87
2015.06.21 23:31:47.820,1.46251,1.46275,1.50,1.42
2015.06.21 23:31:48.125,1.4625,1.46274,1.37,1.37
2015.06.21 23:31:49.391,1.4625,1.46274,1.37,1.37
2015.06.21 23:31:49.996,1.4625,1.46274,1.00,1.50
2015.06.21 23:31:51.801,1.4625,1.46274,1.00,1.50
2015.06.21 23:32:03.717,1.46245,1.46271,1.87,2.25
2015.06.21 23:32:03.769,1.46245,1.46271,1.50,2.25
2015.06.21 23:32:03.973,1.46241,1.46267,1.37,1.50
2015.06.21 23:32:06.339,1.46241,1.46267,1.37,1.37
2015.06.21 23:32:06.466,1.46241,1.46267,1.12,1.00
2015.06.21 23:32:06.517,1.46247,1.46269,1.50,1.05
2015.06.21 23:32:06.619,1.4625,1.46273,1.12,2.25
2015.06.21 23:32:06.772,1.4625,1.46274,1.37,1.12
2015.06.21 23:32:07.585,1.46249,1.46275,1.87,1.12
2015.06.21 23:32:09.075,1.46249,1.46276,2.25,1.50
2015.06.21 23:32:09.596,1.46249,1.46276,1.87,1.87
2015.06.21 23:32:13.072,1.46249,1.46276,2.25,1.50
2015.06.21 23:32:13.225,1.46254,1.46278,1.12,1.00
2015.06.21 23:32:13.749,1.46254,1.46278,1.37,1.00
2015.06.21 23:32:14.456,1.46254,1.46278,1.37,1.00
2015.06.21 23:32:20.675,1.46254,1.46278,1.37,1.00
2015.06.21 23:32:30.413,1.46253,1.46279,1.50,1.00
2015.06.21 23:32:31.674,1.46253,1.46279,1.37,1.00
2015.06.21 23:32:32.216,1.46253,1.46279,1.50,1.00
2015.06.21 23:32:32.536,1.46253,1.46279,1.37,1.00
2015.06.21 23:32:33.019,1.46253,1.46279,1.12,1.37
2015.06.21 23:32:33.784,1.46253,1.46278,1.37,1.00
2015.06.21 23:32:33.886,1.46253,1.46278,1.75,1.00
2015.06.21 23:32:34.140,1.46258,1.46282,1.37,1.00
2015.06.21 23:32:35.684,1.46258,1.46282,1.37,1.00
2015.06.21 23:32:42.695,1.46259,1.46284,1.87,1.50
2015.06.21 23:32:44.820,1.46259,1.46284,1.87,1.50
2015.06.21 23:32:45.406,1.46261,1.46285,1.37,1.37
2015.06.21 23:32:45.610,1.46261,1.46288,1.87,2.25
2015.06.21 23:32:46.592,1.46261,1.46285,1.37,1.37
2015.06.21 23:32:46.846,1.46256,1.46282,1.87,1.50
2015.06.21 23:32:48.416,1.46254,1.4628,1.87,1.50
2015.06.21 23:32:50.117,1.46254,1.4628,1.87,1.50
2015.06.21 23:32:51.105,1.46258,1.46283,1.87,1.50
2015.06.21 23:32:51.645,1.46258,1.46283,1.87,1.12
2015.06.21 23:32:52.649,1.46258,1.46284,1.50,2.25
2015.06.21 23:32:56.524,1.46255,1.46279,1.00,1.12
2015.06.21 23:32:57.725,1.46255,1.46279,1.00,1.50
2015.06.21 23:32:58.325,1.46255,1.46279,1.00,1.50
2015.06.21 23:32:59.950,1.46255,1.46279,1.00,1.50
2015.06.21 23:33:07.285,1.46259,1.46279,1.00,1.00
2015.06.21 23:33:07.339,1.4626,1.46286,1.00,1.75
2015.06.21 23:33:10.320,1.46262,1.46287,1.00,2.25
2015.06.21 23:33:12.040,1.4626,1.46286,1.50,2.25
2015.06.21 23:33:19.844,1.4626,1.46283,1.50,1.00
2015.06.21 23:33:24.755,1.4626,1.46286,1.50,2.25
2015.06.21 23:33:29.240,1.46259,1.46285,1.00,1.37
2015.06.21 23:33:29.935,1.46261,1.46286,1.00,1.50
2015.06.21 23:33:33.867,1.46259,1.46283,1.00,1.37
2015.06.21 23:33:36.527,1.46259,1.46283,1.00,1.75
2015.06.21 23:33:36.628,1.46259,1.46283,1.00,1.75
2015.06.21 23:33:36.680,1.46259,1.46283,1.00,1.75
2015.06.21 23:33:37.408,1.46259,1.46283,1.00,1.50
2015.06.21 23:33:37.822,1.46259,1.46283,1.00,1.50
2015.06.21 23:33:38.346,1.46258,1.46282,1.00,1.00
2015.06.21 23:33:45.456,1.46261,1.46284,1.00,1.37
2015.06.21 23:33:45.760,1.46265,1.46288,1.00,1.75
2015.06.21 23:33:51.689,1.46264,1.46287,1.00,1.50
2015.06.21 23:33:52.007,1.46261,1.46287,1.87,2.25
2015.06.21 23:33:52.159,1.46271,1.46287,1.00,1.37
2015.06.21 23:33:52.261,1.46271,1.46289,1.00,1.37
2015.06.21 23:33:52.363,1.46266,1.4629,1.00,1.50
2015.06.21 23:33:52.516,1.46266,1.4629,1.00,1.00
2015.06.21 23:33:52.567,1.46272,1.46291,1.00,1.00
2015.06.21 23:33:52.932,1.46274,1.46293,1.00,1.37
2015.06.21 23:33:52.983,1.46267,1.46288,1.00,1.37
2015.06.21 23:33:53.085,1.46262,1.46288,1.12,1.37
2015.06.21 23:33:53.290,1.46262,1.46288,1.12,1.37
2015.06.21 23:33:53.595,1.46264,1.46288,1.00,1.12
2015.06.21 23:33:54.804,1.46264,1.46288,1.37,1.00
2015.06.21 23:33:55.108,1.46272,1.46296,1.00,1.00
2015.06.21 23:33:55.160,1.4627,1.46296,1.50,1.50
2015.06.21 23:33:55.261,1.46276,1.463,1.00,1.37
2015.06.21 23:33:55.363,1.46276,1.463,1.00,1.00
2015.06.21 23:33:55.822,1.46275,1.46299,1.00,1.50
2015.06.21 23:33:56.127,1.46275,1.46299,1.00,1.75
2015.06.21 23:33:59.083,1.46275,1.46299,1.37,1.37
2015.06.21 23:34:00.390,1.46275,1.46299,1.00,1.37
2015.06.21 23:34:00.656,1.46273,1.46297,1.12,1.37
2015.06.21 23:34:04.984,1.46273,1.46297,1.37,1.37
2015.06.21 23:34:05.721,1.46273,1.46297,1.12,1.37
2015.06.21 23:34:08.591,1.46273,1.46297,1.37,1.37
2015.06.21 23:34:09.314,1.46273,1.46297,1.12,1.37
2015.06.21 23:34:09.909,1.4627,1.46296,1.37,1.37
2015.06.21 23:34:13.843,1.4627,1.46296,1.37,1.37
2015.06.21 23:34:14.590,1.46273,1.46297,1.00,1.37
2015.06.21 23:34:14.692,1.46273,1.46297,1.00,1.00
2015.06.21 23:34:22.222,1.46273,1.46297,1.37,1.00
2015.06.21 23:34:23.615,1.46273,1.46297,1.12,1.00
2015.06.21 23:34:27.767,1.46275,1.46297,1.00,1.00
2015.06.21 23:34:27.818,1.46276,1.463,1.00,1.12
2015.06.21 23:34:33.429,1.46276,1.463,1.00,1.37
2015.06.21 23:34:35.434,1.46276,1.463,1.00,1.00
2015.06.21 23:34:36.138,1.46276,1.463,1.75,1.00
2015.06.21 23:34:36.240,1.46279,1.46305,1.37,1.87
2015.06.21 23:34:37.563,1.4628,1.46304,1.37,1.00
2015.06.21 23:34:38.106,1.46279,1.46305,2.25,1.00
2015.06.21 23:34:39.000,1.46281,1.46305,1.75,1.00
2015.06.21 23:34:39.153,1.46285,1.46307,1.00,1.10
2015.06.21 23:34:39.358,1.46288,1.46307,1.00,1.00
2015.06.21 23:34:39.461,1.46288,1.46312,1.00,1.80
2015.06.21 23:34:39.665,1.46285,1.4631,1.75,1.00
2015.06.21 23:34:40.197,1.46288,1.46309,1.00,1.00
2015.06.21 23:34:40.451,1.46283,1.46309,1.75,1.37
2015.06.21 23:34:40.654,1.46282,1.46308,2.62,1.05
2015.06.21 23:34:40.756,1.46286,1.4631,1.37,1.12
2015.06.21 23:34:40.859,1.46286,1.46312,1.50,1.37
2015.06.21 23:34:40.961,1.46287,1.46312,1.00,1.37
2015.06.21 23:34:41.527,1.46293,1.46321,1.00,1.00
2015.06.21 23:34:41.883,1.46293,1.46321,1.75,1.00
2015.06.21 23:34:42.977,1.46293,1.46321,1.50,1.00
2015.06.21 23:34:49.010,1.46294,1.46321,1.75,1.00
2015.06.21 23:34:49.912,1.46294,1.46321,1.75,1.00
2015.06.21 23:34:50.064,1.46296,1.46324,2.25,1.95
2015.06.21 23:34:51.667,1.46296,1.46324,1.87,1.95
2015.06.21 23:34:57.879,1.46294,1.46322,2.62,1.50
2015.06.21 23:34:58.133,1.46296,1.46325,1.50,1.65
2015.06.21 23:34:58.641,1.46296,1.46325,1.87,1.00
2015.06.21 23:34:59.271,1.46295,1.46323,1.75,1.00
2015.06.21 23:35:05.904,1.46295,1.46323,1.37,1.37
2015.06.21 23:35:06.007,1.46295,1.46321,1.37,1.00
2015.06.21 23:35:06.414,1.46292,1.4632,1.37,1.37
2015.06.21 23:35:07.601,1.46295,1.4632,1.12,1.00
2015.06.21 23:35:07.703,1.46295,1.46322,1.12,1.50
2015.06.21 23:35:07.907,1.46299,1.46325,1.50,1.12
2015.06.21 23:35:08.011,1.46299,1.46325,1.50,1.00
2015.06.21 23:35:08.543,1.46299,1.46325,1.75,1.00
2015.06.21 23:35:09.742,1.46314,1.46323,1.12,1.05
2015.06.21 23:35:09.793,1.46314,1.46331,1.12,1.00
2015.06.21 23:35:09.845,1.46312,1.46331,1.37,1.37
2015.06.21 23:35:10.099,1.46301,1.4633,1.87,1.00
2015.06.21 23:35:10.606,1.46301,1.4633,1.87,1.37
2015.06.21 23:35:12.993,1.46301,1.46327,1.87,1.00
2015.06.21 23:35:13.586,1.463,1.46326,2.62,1.00
2015.06.21 23:35:15.014,1.463,1.46328,3.37,1.87
2015.06.21 23:35:19.559,1.463,1.46327,1.87,1.50
2015.06.21 23:35:21.228,1.463,1.46327,1.75,1.50
2015.06.21 23:35:21.789,1.46303,1.46327,1.00,1.50
2015.06.21 23:35:27.293,1.463,1.46327,1.37,1.50
2015.06.21 23:35:27.446,1.46299,1.46327,1.87,1.87
2015.06.21 23:35:27.497,1.46298,1.46324,1.37,1.00
2015.06.21 23:35:31.849,1.46298,1.46324,1.37,1.95
2015.06.21 23:35:33.456,1.46298,1.46324,1.37,1.10
2015.06.21 23:35:33.855,1.46297,1.46322,1.12,1.20
2015.06.21 23:35:35.274,1.46297,1.46323,1.37,1.27
2015.06.21 23:35:35.802,1.46298,1.46323,1.37,1.17
2015.06.21 23:35:36.330,1.46298,1.46323,1.37,1.12
2015.06.21 23:35:39.222,1.46296,1.46322,1.37,1.00
2015.06.21 23:35:40.302,1.46294,1.46321,1.50,1.50
2015.06.21 23:35:40.878,1.46296,1.46322,1.37,1.00
2015.06.21 23:35:41.390,1.46295,1.46323,1.37,1.50
2015.06.21 23:35:43.073,1.46295,1.46323,1.75,1.50
2015.06.21 23:35:45.426,1.46298,1.46324,1.87,1.00
2015.06.21 23:35:50.253,1.46298,1.46325,1.87,1.00
2015.06.21 23:35:50.304,1.46298,1.46325,1.50,1.50
2015.06.21 23:35:51.501,1.46306,1.46326,1.00,1.12
2015.06.21 23:35:52.008,1.46306,1.46327,1.00,1.00
2015.06.21 23:35:53.730,1.46298,1.46325,1.87,1.00
2015.06.21 23:35:53.934,1.46298,1.46323,1.50,1.00
2015.06.21 23:35:54.240,1.46302,1.46326,1.00,1.00
2015.06.21 23:35:54.292,1.46302,1.46328,1.12,1.10
2015.06.21 23:35:54.343,1.46308,1.4633,1.00,1.50
2015.06.21 23:35:54.599,1.46311,1.46336,1.00,1.80
2015.06.21 23:35:55.041,1.46311,1.46333,1.00,1.00
2015.06.21 23:35:56.035,1.46309,1.46333,1.00,1.50
2015.06.21 23:35:56.239,1.46314,1.46333,1.00,1.00
2015.06.21 23:35:56.753,1.46314,1.46334,1.00,1.00
2015.06.21 23:35:57.932,1.46315,1.46334,1.00,1.00
2015.06.21 23:35:58.085,1.46316,1.46339,1.00,1.00
2015.06.21 23:35:58.238,1.46319,1.46339,1.00,1.00
2015.06.21 23:35:58.575,1.46322,1.46339,1.00,1.00
2015.06.21 23:35:58.832,1.46329,1.46347,1.00,1.00
2015.06.21 23:35:59.035,1.46329,1.46349,1.00,1.00
2015.06.21 23:36:01.143,1.46329,1.46347,1.00,1.00
2015.06.21 23:36:02.251,1.46329,1.4635,1.00,1.00
2015.06.21 23:36:03.015,1.46329,1.46349,1.00,1.00
2015.06.21 23:36:03.218,1.46329,1.46352,1.00,1.12
2015.06.21 23:36:04.745,1.46329,1.46351,1.00,1.00
2015.06.21 23:36:05.405,1.46329,1.46352,1.00,1.00
2015.06.21 23:36:06.265,1.46329,1.46353,1.00,1.05
2015.06.21 23:36:06.316,1.46329,1.46355,1.00,1.57
2015.06.21 23:36:06.368,1.46335,1.46354,1.50,1.00
2015.06.21 23:36:06.471,1.46335,1.46358,1.50,1.10
2015.06.21 23:36:06.836,1.46335,1.46354,1.00,1.05
2015.06.21 23:36:06.888,1.46332,1.46356,1.00,1.50
2015.06.21 23:36:06.991,1.4633,1.46356,1.50,3.30
2015.06.21 23:36:07.248,1.46335,1.46355,1.00,1.05
2015.06.21 23:36:07.403,1.46331,1.46355,1.00,1.05
2015.06.21 23:36:07.454,1.46334,1.46355,1.00,1.05
2015.06.21 23:36:07.660,1.46335,1.46358,1.00,1.47
2015.06.21 23:36:07.712,1.46331,1.46357,1.00,1.37
2015.06.21 23:36:08.096,1.46331,1.46354,1.00,1.05
2015.06.21 23:36:08.471,1.46334,1.46354,1.00,1.05
2015.06.21 23:36:08.527,1.46335,1.46356,1.00,1.12
2015.06.21 23:36:08.679,1.46331,1.46355,1.00,1.00
2015.06.21 23:36:09.035,1.46334,1.46355,1.00,1.00
2015.06.21 23:36:09.086,1.46335,1.46357,1.00,1.00
2015.06.21 23:36:09.239,1.46335,1.46359,1.00,1.00
2015.06.21 23:36:10.198,1.46336,1.4636,1.00,1.00
2015.06.21 23:36:15.674,1.46336,1.46359,1.00,1.00
2015.06.21 23:36:15.725,1.46332,1.46358,1.00,1.00
2015.06.21 23:36:16.082,1.46332,1.46354,1.00,1.00
2015.06.21 23:36:16.602,1.46329,1.46353,1.37,1.00
2015.06.21 23:36:17.350,1.46329,1.46353,1.00,1.00
2015.06.21 23:36:17.746,1.46329,1.46351,1.00,1.00
2015.06.21 23:36:17.797,1.46324,1.4635,1.00,1.00
2015.06.21 23:36:18.900,1.46324,1.4635,1.00,1.37
2015.06.21 23:36:19.052,1.46324,1.46343,1.00,1.00
2015.06.21 23:36:19.103,1.46317,1.46343,1.87,1.50
2015.06.21 23:36:21.226,1.46317,1.46342,1.50,1.00
2015.06.21 23:36:21.277,1.46317,1.46339,1.00,1.00
2015.06.21 23:36:21.328,1.46313,1.46339,1.50,1.50
2015.06.21 23:36:29.971,1.46313,1.46336,1.00,1.00
2015.06.21 23:36:30.305,1.46309,1.46335,2.25,1.50
2015.06.21 23:36:33.364,1.46309,1.46333,1.50,1.00
2015.06.21 23:36:33.669,1.46303,1.46327,1.50,1.00
2015.06.21 23:36:37.222,1.46301,1.46323,1.00,1.00
2015.06.21 23:36:37.273,1.46299,1.46323,1.00,1.00
2015.06.21 23:36:37.734,1.46296,1.46322,1.50,1.00
2015.06.21 23:36:39.215,1.46297,1.46322,1.00,1.00
2015.06.21 23:36:39.266,1.46299,1.46323,1.00,1.00
2015.06.21 23:36:40.120,1.46305,1.46325,1.00,1.00
2015.06.21 23:36:40.179,1.46305,1.46329,1.00,1.00
2015.06.21 23:36:50.230,1.46303,1.46327,1.00,1.00
2015.06.21 23:37:02.340,1.46306,1.46327,1.00,1.00
2015.06.21 23:37:02.391,1.46306,1.46332,1.50,2.25
2015.06.21 23:37:02.848,1.46309,1.46333,1.00,1.00
2015.06.21 23:37:04.461,1.46306,1.46332,1.50,1.50
2015.06.21 23:37:04.937,1.4631,1.46332,1.00,1.00
2015.06.21 23:37:04.988,1.46311,1.46336,1.00,2.32
2015.06.21 23:37:05.040,1.46311,1.46336,1.00,1.00
2015.06.21 23:37:05.193,1.46309,1.46331,1.00,1.00
2015.06.21 23:37:05.398,1.46303,1.46327,1.00,1.12
2015.06.21 23:37:05.999,1.46302,1.46326,1.00,1.00
2015.06.21 23:37:20.469,1.46304,1.46326,1.00,1.00
2015.06.21 23:37:20.571,1.46306,1.46333,1.00,1.95
2015.06.21 23:37:20.622,1.46308,1.46333,1.00,1.57
2015.06.21 23:37:21.257,1.46308,1.46334,2.25,1.50
2015.06.21 23:37:21.562,1.46311,1.46334,1.00,1.50
2015.06.21 23:37:21.715,1.46312,1.46338,1.50,1.50
2015.06.21 23:37:21.817,1.46318,1.46338,1.00,1.50
2015.06.21 23:37:21.868,1.46318,1.46342,1.00,1.57
2015.06.21 23:37:22.072,1.4632,1.46346,1.00,1.50
2015.06.21 23:37:22.501,1.4632,1.46344,1.00,1.00
2015.06.21 23:37:22.607,1.4632,1.46346,1.00,1.50
2015.06.21 23:37:23.015,1.4632,1.46346,1.37,1.00
2015.06.21 23:37:23.117,1.46328,1.46352,1.00,1.10
2015.06.21 23:37:23.219,1.46328,1.46355,1.00,1.10
2015.06.21 23:37:23.371,1.46332,1.46358,1.50,1.65
2015.06.21 23:37:23.473,1.46329,1.46354,1.50,1.00
2015.06.21 23:37:24.048,1.46329,1.46354,1.87,1.00
2015.06.21 23:37:24.100,1.46335,1.46359,1.00,1.00
2015.06.21 23:37:24.407,1.46326,1.4635,1.00,1.00
2015.06.21 23:37:24.868,1.46328,1.4635,1.00,1.00
2015.06.21 23:37:24.920,1.46329,1.46355,1.00,1.10
2015.06.21 23:37:26.379,1.46331,1.46357,1.50,1.65
2015.06.21 23:37:29.850,1.46335,1.46357,1.00,1.15
2015.06.21 23:37:30.157,1.46336,1.4636,1.00,1.15
2015.06.21 23:37:31.453,1.46336,1.4636,1.00,1.00
2015.06.21 23:37:31.606,1.46338,1.46365,1.00,1.95
2015.06.21 23:37:33.434,1.46338,1.46365,1.00,1.00
2015.06.21 23:37:33.486,1.4634,1.46365,1.00,1.00
2015.06.21 23:37:33.993,1.46341,1.46365,1.00,1.00
2015.06.21 23:37:40.522,1.46342,1.46365,1.00,1.00
2015.06.21 23:37:40.827,1.46344,1.4637,1.00,2.25
2015.06.21 23:37:41.563,1.46344,1.46366,1.00,1.00
2015.06.21 23:37:41.615,1.4634,1.46366,3.00,1.50
2015.06.21 23:37:42.085,1.46344,1.46366,1.00,1.00
2015.06.21 23:37:42.451,1.46345,1.46369,1.00,1.37
2015.06.21 23:37:43.190,1.46345,1.46369,1.00,1.12
2015.06.21 23:37:49.565,1.46345,1.46364,1.00,1.00
2015.06.21 23:37:49.616,1.46341,1.46362,1.00,1.00
2015.06.21 23:37:49.718,1.46341,1.46365,1.50,1.00
2015.06.21 23:37:51.164,1.46341,1.46364,1.00,1.00
2015.06.21 23:37:51.215,1.46339,1.46362,1.00,1.00
2015.06.21 23:37:54.843,1.46338,1.46362,1.00,1.00
2015.06.21 23:37:58.680,1.4634,1.46366,1.50,1.50
2015.06.21 23:38:10.914,1.46342,1.46366,1.00,1.50
2015.06.21 23:38:12.001,1.46343,1.46366,1.00,1.50
2015.06.21 23:38:17.595,1.46342,1.46366,1.00,1.50
2015.06.21 23:38:18.412,1.46343,1.46366,1.00,1.50
2015.06.21 23:38:19.265,1.46343,1.46368,1.00,1.00
2015.06.21 23:38:19.943,1.46343,1.46368,1.00,1.37
2015.06.21 23:38:20.096,1.46342,1.46368,1.00,1.12
2015.06.21 23:38:27.113,1.46345,1.46372,1.00,1.00
2015.06.21 23:38:27.165,1.46347,1.46373,1.50,1.95
2015.06.21 23:38:27.521,1.46351,1.46373,1.00,1.10
2015.06.21 23:38:27.673,1.46352,1.46376,1.00,1.00
2015.06.21 23:38:28.600,1.46349,1.46375,1.00,1.00
2015.06.21 23:38:29.116,1.4635,1.46376,1.00,1.00
2015.06.21 23:38:34.718,1.4635,1.46374,1.00,1.00
2015.06.21 23:38:34.872,1.46346,1.46371,1.00,1.00
2015.06.21 23:38:35.178,1.46351,1.46375,1.00,1.17
2015.06.21 23:38:35.280,1.46353,1.46377,1.00,1.15
2015.06.21 23:38:41.996,1.4635,1.46374,1.00,1.00
2015.06.21 23:38:50.309,1.4635,1.46376,1.00,1.10
2015.06.21 23:38:50.770,1.46352,1.46376,1.00,1.10
2015.06.21 23:38:50.923,1.46353,1.46379,1.00,1.87
2015.06.21 23:38:51.279,1.46353,1.46377,1.00,1.00
2015.06.21 23:38:51.593,1.46351,1.46375,1.00,1.00
2015.06.21 23:38:51.696,1.46349,1.46375,1.00,1.00
2015.06.21 23:38:51.982,1.46348,1.46372,1.50,1.00
2015.06.21 23:38:52.034,1.46349,1.46375,1.00,2.17
